3909 5842
652 711 758 767 Recens
780 712 863 780 ,iuris
882 711 1020 767 historici“
1041 711 1154 767 theoria.
1460 716 1524 781 461

280 890 488 970 ,arbitrium“
532 894 745 975 proponatur.
793 890 918 975 Quippe
957 890 1153 957 arbitrariae
1189 889 1271 957 iuris
1303 890 1445 975 opinioni
1476 890 1528 956 ius

280 995 502 1080 ,obiectioum“
530 998 758 1081 opponendum
782 1018 864 1081 esse,
889 997 962 1079 quis
984 1000 1109 1080 neget?
1132 1032 1176 1041 -
1199 1000 1349 1075 atvero,
1373 996 1436 1062 nisi
1459 997 1529 1062 evi-

277 1104 369 1169 denti
399 1108 433 1169 et
463 1102 626 1169 communi
656 1108 795 1169 naturae
825 1102 999 1169 rationalis
1028 1102 1102 1168 voci
1132 1102 1328 1169 obiectivam
1351 1102 1527 1169 veritatem

277 1209 422 1295 sceptice
455 1209 619 1291 denegare
649 1210 804 1288 velimus,
838 1212 1025 1291 certissimo,
1058 1211 1268 1275 essentialiter
1296 1231 1372 1275 cera
1401 1218 1430 1274 et
1459 1210 1529 1275 ideo

276 1326 411 1384 aeterna
433 1319 517 1383 iuria
540 1318 731 1401 ohiecliuitoe
756 1340 791 1382 ea
816 1325 869 1400 esi,
894 1340 975 1403 qrroe
998 1325 1160 1403 tamquam
1179 1315 1373 1381 immolabitis
1388 1318 1529 1382 iustitiae

276 1428 330 1489 lec
353 1446 413 1509 per
435 1425 562 1489 modum
586 1430 724 1489 naturae
747 1424 918 1489 rationalis
941 1426 998 1489 toti
1019 1424 1128 1508 penest
1152 1423 1307 1486 divinitus
1326 1423 1530 1507 promulqota

279 1537 400 1609 exstat·
422 1528 588 1594 hominum
605 1530 715 1593 autem
731 1526 854 1612 placita
870 1532 1008 1595 eatenus
1022 1526 1104 1592 iuris
1120 1525 1380 1593 obiectivitatem
1396 1527 1530 1615 habent,

279 1639 442 1717 quatenus
464 1634 556 1701 illam
579 1634 689 1717 aliquo
713 1635 808 1701 modo
832 1634 1042 1719 participant.
1085 1632 1148 1699 Hic
1172 1636 1292 1709 autem,
1317 1634 1402 1714 quod
1425 1635 1532 1701 instar

278 1741 360 1806 iuris
382 1741 536 1807 obiectivi
560 1741 710 1807 absolute
734 1741 905 1807 reverendi
924 1739 1028 1807 statui
1043 1740 1202 1818 videmus,
1228 1739 1317 1805 aliud
1332 1760 1452 1806 revera
1467 1762 1531 1806 non

280 1852 342 1923 est,
366 1846 429 1912 nisi
452 1847 572 1913 iterum
595 1846 713 1929 aliquis
736 1849 849 1913 orodes
872 1848 1008 1913 humani
1024 1847 1163 1930 arbitrii,
1187 1845 1364 1923 hominum,
1387 1844 1530 1928 inquam,

279 1954 445 2031 voluntas,
469 1952 599 2037 publica
622 1954 697 2035 lege
720 1974 889 2037 expressa,
914 1952 966 2017 cni
980 1952 1061 2017 iuris
1076 1951 1245 2017 asserendi
1260 1950 1412 2017 absoluta
1426 1951 1532 2035 pleni-

279 2059 430 2143 potentia
453 2058 611 2124 divinitus
634 2058 807 2125 commissa
830 2064 864 2124 et
886 2058 920 2123 in
944 2061 1152 2123 antecessum
1175 2057 1305 2123 sancite
1326 2060 1461 2135 temere,
1490 2078 1531 2124 ne

279 2165 386 2231 dicam
416 2165 524 2249 impie,
555 2164 700 2248 fingitur.
747 2164 816 2241 Quo
847 2166 894 2243 fit,
926 2168 963 2231 ut
992 2164 1074 2229 haec
1096 2163 1177 2229 iuris
1199 2162 1415 2247 philosophia,
1447 2184 1531 2246 quae

279 2270 469 2337 christianis
484 2270 651 2356 principiis
666 2270 837 2354 gloriatur,
854 2271 1065 2354 reprobatam
1081 2291 1102 2336 a
1116 2291 1152 2335 se
1164 2270 1381 2352 Hegelianam
1393 2270 1530 2336 etatola·

279 2377 380 2443 triam
404 2379 464 2443 sub
488 2378 554 2444 elia
576 2378 684 2444 forma
706 2377 825 2444 iterum
849 2377 997 2455 reducat,
1021 2397 1060 2443 eo
1084 2376 1184 2442 etiam
1207 2376 1314 2459 magis
1336 2376 1529 2460 perniciosa,

280 2484 368 2565 quod
392 2484 572 2551 christiana
595 2484 825 2568 phraseologia
849 2488 1040 2549 exornatur.

282 2623 353 2695 555.
444 2626 536 2703 Quod
559 2626 736 2710 periculum
762 2625 952 2703 sentientes,
978 2626 1033 2708 qui
1057 2646 1098 2691 ex
1119 2625 1198 2690 iuris
1214 2625 1401 2691 doctoribus
1418 2624 1532 2689 catho·
1631 2626 1635 2630 ’

281 2730 354 2797 licis
378 2732 482 2798 eidem
506 2733 638 2798 scholae
658 2752 693 2797 se
710 2730 940 2809 adiunxerant,
965 2753 1025 2815 per
1039 2732 1144 2815 ipsam
1161 2730 1358 2797 catholicam
1374 2730 1532 2797 scientiae

282 2838 472 2905 methodum
492 2838 572 2904 illud
589 2838 747 2905 declinari
763 2860 859 2923 posse
875 2839 1117 2905 existimarunt.
1150 2838 1202 2903 Ad
1217 2839 1303 2903 hunc
1319 2837 1420 2921 igitur
1435 2839 1532 2902 finem

283 2945 316 3009 hi
347 2944 421 3024 viri,
452 2946 528 3011 dum
558 2944 591 3010 in
613 2946 797 3027 ,asserendo
828 2949 984 3012 exclusivo
1014 2948 1098 3010 iuris
1122 2947 1315 3031 positioiemo
1339 2964 1411 3008 cum
1435 2942 1532 3007 sociis

282 3052 476 3117 acatholicis
507 3051 726 3129 consentiunt,
758 3072 796 3117 eo
826 3056 937 3117 tamen
961 3052 1003 3116 ab
1026 3050 1092 3115 illis
1116 3049 1272 3131 distingui
1295 3049 1412 3127 solent,
1446 3048 1533 3131 quod

284 3156 432 3223 historici
448 3158 528 3223 iuris
544 3163 692 3241 systema
708 3158 750 3223 ad
766 3157 991 3223 ecclesiastica
1006 3176 1134 3239 quoque
1151 3155 1304 3221 instituta
1316 3154 1532 3238 applicantes,

284 3268 337 3329 iae
364 3267 606 3329 ecclesiasticum
630 3286 668 3329 ac
692 3266 835 3329 divinem
855 3266 1036 3347 positivum,
1067 3266 1236 3342 tamquam
1260 3282 1319 3344 per
1342 3282 1377 3325 se
1401 3281 1422 3324 a
1445 3258 1533 3323 civili

284 3372 355 3436 iure
386 3370 616 3455 independens,
652 3370 782 3436 assidue
812 3369 1049 3453 respiciendum
1080 3388 1119 3433 ao
1147 3367 1303 3432 tuendum
1327 3366 1533 3451 profitentur.

283 3476 358 3542 Tali
371 3478 456 3542 enim
469 3476 564 3542 modo
576 3476 627 3541 ius
640 3474 813 3559 (divinum)
826 3474 977 3541 naturale
991 3474 1138 3558 practice
1151 3478 1210 3540 aut
1221 3472 1419 3556 superfluum
1431 3469 1534 3535 videri

284 3588 345 3650 aut
368 3588 458 3649 certe
482 3582 684 3649 sufficienter
707 3580 912 3665 compensari
936 3579 1172 3646 arbitrantur1.

285 3722 358 3794 556.
448 3724 584 3790 Interim
616 3724 658 3790 ad
689 3744 803 3789 verum
834 3724 978 3787 valorem
1003 3721 1100 3786 istius
1127 3716 1414 3798 ,conservativae“
1442 3716 1536 3781 novi·

284 3831 368 3897 tatis
391 3830 632 3909 illustrandum,
656 3829 718 3915 ipsi
741 3830 806 3895 iam
831 3832 970 3895 eventus
994 3826 1128 3911 pohtici,
1153 3824 1239 3908 quod
1258 3824 1329 3891 fere
1344 3822 1538 3909 praevidere

287 3942 371 4015 erat,
397 3942 614 4021 opportunam
639 3936 744 4001 lucem
761 3936 955 4001 attulerunt.
992 3932 1079 3998 Nam
1096 3953 1168 3997 cum
1185 3932 1252 4009 illa,
1276 3930 1411 3996 tametsi
1425 3928 1537 3993 insciis

286 4045 486 4123 auctoribus,
518 4048 667 4127 apertam
697 4048 807 4109 tamen
839 4062 859 4106 a
888 4040 956 4105 suis
980 4038 1124 4103 exordiis
1147 4036 1376 4120 cognationem
1400 4057 1472 4101 cum
1496 4035 1537 4099 iis

286 4153 451 4217 modernis
465 4150 683 4237 philosophiae
696 4150 867 4233 principiis
883 4167 962 4231 prae
979 4166 1015 4210 se
1027 4144 1126 4222 ferat,
1143 4144 1290 4226 equibus
1303 4141 1408 4207 omnis
1422 4160 1537 4206 recens

286 4256 523 4323 naturalismus
553 4254 684 4321 socialis
714 4256 749 4319 et
774 4252 927 4339 politicus
950 4272 1009 4317 seu
1036 4250 1288 4329 ,liberalismus“
1317 4269 1410 4312 suam
1433 4247 1537 4313 vitam

287 4363 400 4429 haurit
430 4366 464 4428 et
493 4361 602 4441 robur,
632 4362 749 4426 mirum
781 4381 846 4425 non
876 4361 927 4424 est
957 4358 1042 4423 hanc
1066 4358 1171 4441 ipsam
1195 4354 1355 4421 theoriam
1379 4352 1475 4419 hodie
1498 4352 1539 4417 iis

287 4469 370 4553 ipsis
393 4468 525 4534 minime
549 4466 730 4551 displicere,
756 4465 797 4531 ad
822 4486 904 4548 quos
927 4463 1140 4529 debellandos
1155 4460 1248 4527 initio
1265 4460 1431 4526 destinata
1447 4459 1538 4524 vide·

287 4577 398 4643 batur.
422 4575 523 4640 Iidem
535 4573 622 4639 enirn
638 4572 795 4649 homines,
814 4570 869 4654 qni
886 4570 963 4635 olim
979 4570 1060 4635 iuris
1075 4574 1215 4635 naturae
1230 4570 1407 4653 praetextu
1424 4569 1539 4631 contra

287 4680 473 4765 legitimum
489 4685 523 4747 et
538 4680 728 4747 historicum
745 4700 852 4745 rerum
876 4678 1024 4743 ordinem
1046 4677 1166 4759 ubique
1188 4682 1351 4743 terrarum
1375 4674 1539 4757 conspira-

289 4793 427 4865 verant,
458 4791 633 4871 postquam
656 4786 776 4852 alicubi
798 4784 886 4851 forte
912 4784 975 4868 ipsi
998 4784 1131 4869 publica
1153 4782 1376 4866 gubernacula
1398 4780 1540 4847 feliciter

384 5041 392 5071 1
412 5038 453 5093 or.
474 5038 545 5093 nte
563 5037 632 5092 anos
650 5038 760 5105 marre,
778 5032 945 5089 Naturreeht
964 5034 1018 5087 une
1038 5015 1148 5098 horren,
1167 5034 1183 5101 s
1203 5034 1298 5088 e-re.
