<?xml version="1.0" encoding="UTF-8"?>
<!DOCTYPE html PUBLIC "-//W3C//DTD XHTML 1.0 Transitional//EN"
    "http://www.w3.org/TR/xhtml1/DTD/xhtml1-transitional.dtd">
<html xmlns="http://www.w3.org/1999/xhtml" xml:lang="en" lang="en">
 <head>
  <title>
</title>
<meta http-equiv="Content-Type" content="text/html;charset=utf-8" />
  <meta name='ocr-system' content='tesseract 3.04.00' />
  <meta name='ocr-capabilities' content='ocr_page ocr_carea ocr_par ocr_line ocrx_word'/>
</head>
<body>
  <div class='ocr_page' id='page_1' title='image "./institutionesiu00meyegoog_0238.png"; bbox 0 0 3909 5842; ppageno 0'>
   <div class='ocr_carea' id='block_1_1' title="bbox 360 582 1380 652">
    <p class='ocr_par' dir='ltr' id='par_1_1' title="bbox 360 582 1380 652">
     <span class='ocr_line' id='line_1_1' title="bbox 360 582 1380 652; baseline -0.002 -13"><span class='ocrx_word' id='word_1_1' title='bbox 360 586 421 652; x_wconf 80' lang='grc'>186</span> <span class='ocrx_word' id='word_1_2' title='bbox 584 582 672 636; x_wconf 85' lang='lat' dir='ltr'>Sectio</span> <span class='ocrx_word' id='word_1_3' title='bbox 691 583 712 636; x_wconf 91' lang='lat' dir='ltr'>l.</span> <span class='ocrx_word' id='word_1_4' title='bbox 749 582 829 637; x_wconf 87' lang='lat' dir='ltr'>Liber</span> <span class='ocrx_word' id='word_1_5' title='bbox 847 582 880 638; x_wconf 92' lang='lat'>11.</span> <span class='ocrx_word' id='word_1_6' title='bbox 918 583 1008 652; x_wconf 77' lang='lat' dir='ltr'>Caput</span> <span class='ocrx_word' id='word_1_7' title='bbox 1027 583 1060 638; x_wconf 90' lang='grc' dir='ltr'>ΙΙ.</span> <span class='ocrx_word' id='word_1_8' title='bbox 1097 582 1238 638; x_wconf 80' lang='lat' dir='ltr'>Articulus</span> <span class='ocrx_word' id='word_1_9' title='bbox 1256 583 1282 638; x_wconf 86' lang='lat'>2.</span> <span class='ocrx_word' id='word_1_10' title='bbox 1319 583 1380 650; x_wconf 65' lang='lat' dir='ltr'>§d</span> 
     </span>
    </p>
   </div>
   <div class='ocr_carea' id='block_1_2' title="bbox 354 755 1606 1056">
    <p class='ocr_par' dir='ltr' id='par_1_2' title="bbox 354 755 1606 1056">
     <span class='ocr_line' id='line_1_2' title="bbox 356 755 1606 844; baseline 0.001 -3"><span class='ocrx_word' id='word_1_11' title='bbox 356 769 425 841; x_wconf 77' lang='grc'><strong>209.</strong></span> <span class='ocrx_word' id='word_1_12' title='bbox 516 757 674 840; x_wconf 70' lang='lat' dir='ltr'>Thetis</span> <span class='ocrx_word' id='word_1_13' title='bbox 702 755 839 838; x_wconf 77' lang='lat' dir='ltr'>XXV.</span> <span class='ocrx_word' id='word_1_14' title='bbox 880 781 956 843; x_wconf 82' lang='lat' dir='ltr'>Non</span> <span class='ocrx_word' id='word_1_15' title='bbox 976 782 1086 843; x_wconf 85' lang='lat' dir='ltr'>solnm</span> <span class='ocrx_word' id='word_1_16' title='bbox 1107 782 1199 844; x_wconf 88' lang='lat' dir='ltr'>omni</span> <span class='ocrx_word' id='word_1_17' title='bbox 1220 787 1299 844; x_wconf 90' lang='lat' dir='ltr'>aotn</span> <span class='ocrx_word' id='word_1_18' title='bbox 1319 781 1495 844; x_wconf 73' lang='lat' dir='ltr'>moraliter</span> <span class='ocrx_word' id='word_1_19' title='bbox 1514 783 1606 843; x_wconf 87' lang='lat' dir='ltr'>malo</span> 
     </span>
     <span class='ocr_line' id='line_1_3' title="bbox 354 877 1606 973; baseline -0.004 -28"><span class='ocrx_word' id='word_1_20' title='bbox 354 881 566 959; x_wconf 86' lang='lat' dir='ltr'>demeritum,</span> <span class='ocrx_word' id='word_1_21' title='bbox 587 877 648 941; x_wconf 87' lang='lat' dir='ltr'>sed</span> <span class='ocrx_word' id='word_1_22' title='bbox 666 877 826 940; x_wconf 85' lang='lat' dir='ltr'>similitor</span> <span class='ocrx_word' id='word_1_23' title='bbox 840 877 944 941; x_wconf 89' lang='lat' dir='ltr'>etiam</span> <span class='ocrx_word' id='word_1_24' title='bbox 958 883 1041 973; x_wconf 74' lang='lat' dir='ltr'>actu</span> <span class='ocrx_word' id='word_1_25' title='bbox 1051 879 1226 942; x_wconf 78' lang='lat' dir='ltr'><strong>moraliter</strong></span> <span class='ocrx_word' id='word_1_26' title='bbox 1239 879 1329 942; x_wconf 83' lang='lat' dir='ltr'>tono</span> <span class='ocrx_word' id='word_1_27' title='bbox 1343 880 1500 942; x_wconf 89' lang='lat' dir='ltr'>moritum</span> <span class='ocrx_word' id='word_1_28' title='bbox 1515 878 1606 957; x_wconf 86' lang='lat' dir='ltr'>apud</span> 
     </span>
     <span class='ocr_line' id='line_1_4' title="bbox 355 976 683 1056; baseline -0.006 -16"><span class='ocrx_word' id='word_1_29' title='bbox 355 979 461 1044; x_wconf 88' lang='lat' dir='ltr'>Ileum</span> <span class='ocrx_word' id='word_1_30' title='bbox 482 976 683 1056; x_wconf 85' lang='lat' dir='ltr'>acquiritur.</span> 
     </span>
    </p>
   </div>
   <div class='ocr_carea' id='block_1_3' title="bbox 354 1109 1607 1730">
    <p class='ocr_par' dir='ltr' id='par_1_3' title="bbox 354 1109 1607 1730">
     <span class='ocr_line' id='line_1_5' title="bbox 441 1109 1605 1202; baseline -0.003 -20"><span class='ocrx_word' id='word_1_31' title='bbox 441 1111 601 1184; x_wconf 77' lang='lat' dir='ltr'>Probatur</span> <span class='ocrx_word' id='word_1_32' title='bbox 621 1129 698 1202; x_wconf 76' lang='lat' dir='ltr'>part</span> <span class='ocrx_word' id='word_1_33' title='bbox 720 1109 745 1183; x_wconf 92' lang='grc' dir='ltr'>Ι.</span> <span class='ocrx_word' id='word_1_34' title='bbox 783 1113 989 1180; x_wconf 84' lang='lat' dir='ltr'>Demeritum.</span> <span class='ocrx_word' id='word_1_35' title='bbox 1023 1113 1160 1178; x_wconf 82' lang='lat' dir='ltr'>Omnem</span> <span class='ocrx_word' id='word_1_36' title='bbox 1185 1113 1348 1179; x_wconf 76' lang='lat' dir='ltr'>actionem</span> <span class='ocrx_word' id='word_1_37' title='bbox 1372 1114 1493 1179; x_wconf 91' lang='lat' dir='ltr'>malam</span> <span class='ocrx_word' id='word_1_38' title='bbox 1517 1115 1605 1198; x_wconf 91' lang='lat' dir='ltr'>apud</span> 
     </span>
     <span class='ocr_line' id='line_1_6' title="bbox 354 1219 1606 1305; baseline -0.001 -19"><span class='ocrx_word' id='word_1_39' title='bbox 354 1222 460 1286; x_wconf 89' lang='lat' dir='ltr'>Deum</span> <span class='ocrx_word' id='word_1_40' title='bbox 484 1219 726 1286; x_wconf 81' lang='lat' dir='ltr'>demeritorium</span> <span class='ocrx_word' id='word_1_41' title='bbox 750 1240 823 1286; x_wconf 83' lang='lat' dir='ltr'>esse</span> <span class='ocrx_word' id='word_1_42' title='bbox 846 1220 929 1287; x_wconf 85' lang='lat' dir='ltr'>satis</span> <span class='ocrx_word' id='word_1_43' title='bbox 953 1242 1012 1305; x_wconf 90' lang='lat' dir='ltr'>per</span> <span class='ocrx_word' id='word_1_44' title='bbox 1034 1241 1070 1286; x_wconf 88' lang='lat' dir='ltr'>se</span> <span class='ocrx_word' id='word_1_45' title='bbox 1093 1221 1206 1304; x_wconf 89' lang='lat' dir='ltr'>liquet.</span> <span class='ocrx_word' id='word_1_46' title='bbox 1239 1219 1299 1298; x_wconf 80' lang='lat' dir='ltr'>Qui</span> <span class='ocrx_word' id='word_1_47' title='bbox 1323 1221 1410 1286; x_wconf 91' lang='lat' dir='ltr'>enim</span> <span class='ocrx_word' id='word_1_48' title='bbox 1425 1221 1527 1286; x_wconf 88' lang='lat' dir='ltr'>libere</span> <span class='ocrx_word' id='word_1_49' title='bbox 1542 1220 1606 1285; x_wconf 90' lang='lat' dir='ltr'>Dei</span> 
     </span>
     <span class='ocr_line' id='line_1_7' title="bbox 356 1325 1607 1413; baseline -0.001 -20"><span class='ocrx_word' id='word_1_50' title='bbox 356 1327 502 1393; x_wconf 80' lang='lat' dir='ltr'>ordinem</span> <span class='ocrx_word' id='word_1_51' title='bbox 518 1325 678 1409; x_wconf 80' lang='lat' dir='ltr'>infringit,</span> <span class='ocrx_word' id='word_1_52' title='bbox 703 1327 773 1392; x_wconf 91' lang='lat' dir='ltr'>Deo</span> <span class='ocrx_word' id='word_1_53' title='bbox 790 1327 988 1393; x_wconf 89' lang='lat' dir='ltr'>adversatur</span> <span class='ocrx_word' id='word_1_54' title='bbox 1011 1332 1045 1392; x_wconf 93' lang='lat' dir='ltr'>et</span> <span class='ocrx_word' id='word_1_55' title='bbox 1061 1327 1155 1408; x_wconf 88' lang='lat' dir='ltr'>quasi</span> <span class='ocrx_word' id='word_1_56' title='bbox 1179 1327 1209 1392; x_wconf 91' lang='lat' dir='ltr'>ei</span> <span class='ocrx_word' id='word_1_57' title='bbox 1225 1327 1348 1392; x_wconf 88' lang='lat' dir='ltr'>malum</span> <span class='ocrx_word' id='word_1_58' title='bbox 1363 1326 1474 1393; x_wconf 85' lang='lat' dir='ltr'>infert.</span> <span class='ocrx_word' id='word_1_59' title='bbox 1505 1330 1607 1413; x_wconf 80' lang='lat' dir='ltr'><strong><em>Atqui</em></strong></span> 
     </span>
     <span class='ocr_line' id='line_1_8' title="bbox 356 1432 1607 1516; baseline -0.002 -17"><span class='ocrx_word' id='word_1_60' title='bbox 356 1433 389 1499; x_wconf 92' lang='lat' dir='ltr'>id</span> <span class='ocrx_word' id='word_1_61' title='bbox 406 1453 444 1500; x_wconf 92' lang='lat' dir='ltr'>eo</span> <span class='ocrx_word' id='word_1_62' title='bbox 456 1433 563 1516; x_wconf 89' lang='lat' dir='ltr'>magis</span> <span class='ocrx_word' id='word_1_63' title='bbox 574 1436 740 1516; x_wconf 76' lang='lat' dir='ltr'>repugnat</span> <span class='ocrx_word' id='word_1_64' title='bbox 753 1433 883 1500; x_wconf 78' lang='lat' dir='ltr'>debitae</span> <span class='ocrx_word' id='word_1_65' title='bbox 899 1432 1040 1499; x_wconf 88' lang='lat' dir='ltr'>hominis</span> <span class='ocrx_word' id='word_1_66' title='bbox 1055 1433 1098 1499; x_wconf 89' lang='lat' dir='ltr'>ad</span> <span class='ocrx_word' id='word_1_67' title='bbox 1110 1433 1216 1498; x_wconf 91' lang='lat' dir='ltr'>Deum</span> <span class='ocrx_word' id='word_1_68' title='bbox 1231 1433 1445 1516; x_wconf 79' lang='lat' dir='ltr'>proportioni,</span> <span class='ocrx_word' id='word_1_69' title='bbox 1462 1433 1548 1516; x_wconf 90' lang='lat' dir='ltr'>quod</span> <span class='ocrx_word' id='word_1_70' title='bbox 1565 1453 1607 1496; x_wconf 87' lang='lat' dir='ltr'>ea</span> 
     </span>
     <span class='ocr_line' id='line_1_9' title="bbox 356 1538 1606 1622; baseline -0.003 -16"><span class='ocrx_word' id='word_1_71' title='bbox 356 1561 421 1606; x_wconf 91' lang='lat' dir='ltr'>non</span> <span class='ocrx_word' id='word_1_72' title='bbox 438 1540 599 1606; x_wconf 83' lang='lat' dir='ltr'>consistat</span> <span class='ocrx_word' id='word_1_73' title='bbox 615 1539 826 1622; x_wconf 72' lang='lat' dir='ltr'>aequalitate,</span> <span class='ocrx_word' id='word_1_74' title='bbox 843 1539 901 1606; x_wconf 85' lang='lat' dir='ltr'>sed</span> <span class='ocrx_word' id='word_1_75' title='bbox 917 1560 1045 1605; x_wconf 87' lang='lat' dir='ltr'>summa</span> <span class='ocrx_word' id='word_1_76' title='bbox 1060 1539 1308 1621; x_wconf 86' lang='lat' dir='ltr'>inaequalitate,</span> <span class='ocrx_word' id='word_1_77' title='bbox 1324 1559 1391 1621; x_wconf 90' lang='lat' dir='ltr'>qua</span> <span class='ocrx_word' id='word_1_78' title='bbox 1406 1540 1532 1606; x_wconf 89' lang='lat' dir='ltr'>seilicet</span> <span class='ocrx_word' id='word_1_79' title='bbox 1543 1538 1606 1603; x_wconf 92' lang='lat' dir='ltr'>soli</span> 
     </span>
     <span class='ocr_line' id='line_1_10' title="bbox 357 1645 1604 1730; baseline -0.002 -18"><span class='ocrx_word' id='word_1_80' title='bbox 357 1647 427 1712; x_wconf 88' lang='lat' dir='ltr'>Deo</span> <span class='ocrx_word' id='word_1_81' title='bbox 455 1646 566 1712; x_wconf 90' lang='lat' dir='ltr'>omnia</span> <span class='ocrx_word' id='word_1_82' title='bbox 588 1645 671 1724; x_wconf 88' lang='lat' dir='ltr'>iura,</span> <span class='ocrx_word' id='word_1_83' title='bbox 695 1645 818 1712; x_wconf 91' lang='lat' dir='ltr'>homini</span> <span class='ocrx_word' id='word_1_84' title='bbox 841 1645 950 1712; x_wconf 80' lang='lat' dir='ltr'>officia</span> <span class='ocrx_word' id='word_1_85' title='bbox 973 1649 1104 1712; x_wconf 90' lang='lat' dir='ltr'>tantum</span> <span class='ocrx_word' id='word_1_86' title='bbox 1127 1665 1188 1729; x_wconf 91' lang='lat' dir='ltr'>per</span> <span class='ocrx_word' id='word_1_87' title='bbox 1211 1665 1246 1709; x_wconf 90' lang='lat' dir='ltr'>se</span> <span class='ocrx_word' id='word_1_88' title='bbox 1263 1645 1472 1714; x_wconf 87' lang='lat' dir='ltr'>conveniant.</span> <span class='ocrx_word' id='word_1_89' title='bbox 1506 1646 1604 1730; x_wconf 80' lang='lat' dir='ltr'>Erqo.</span> 
     </span>
    </p>
   </div>
   <div class='ocr_carea' id='block_1_4' title="bbox 357 1779 1613 4344">
    <p class='ocr_par' dir='ltr' id='par_1_4' title="bbox 357 1779 1610 2505">
     <span class='ocr_line' id='line_1_11' title="bbox 357 1779 1607 1872; baseline -0.006 -16"><span class='ocrx_word' id='word_1_90' title='bbox 357 1783 423 1856; x_wconf 81' lang='lat'>21⁰.</span> <span class='ocrx_word' id='word_1_91' title='bbox 510 1779 672 1855; x_wconf 74' lang='lat' dir='ltr'>Probatur</span> <span class='ocrx_word' id='word_1_92' title='bbox 700 1799 777 1872; x_wconf 78' lang='lat' dir='ltr'>para</span> <span class='ocrx_word' id='word_1_93' title='bbox 806 1781 848 1854; x_wconf 91' lang='grc' dir='ltr'>Π.</span> <span class='ocrx_word' id='word_1_94' title='bbox 899 1785 1051 1850; x_wconf 78' lang='lat' dir='ltr'>Meritum</span> <span class='ocrx_word' id='word_1_95' title='bbox 1085 1782 1185 1848; x_wconf 89' lang='lat' dir='ltr'>etiam</span> <span class='ocrx_word' id='word_1_96' title='bbox 1222 1783 1309 1866; x_wconf 90' lang='lat' dir='ltr'>apud</span> <span class='ocrx_word' id='word_1_97' title='bbox 1343 1783 1448 1848; x_wconf 90' lang='lat' dir='ltr'>Deum</span> <span class='ocrx_word' id='word_1_98' title='bbox 1482 1783 1607 1849; x_wconf 90' lang='lat' dir='ltr'>homini</span> 
     </span>
     <span class='ocr_line' id='line_1_12' title="bbox 357 1889 1606 1974; baseline -0.002 -17"><span class='ocrx_word' id='word_1_99' title='bbox 357 1893 478 1957; x_wconf 91' lang='lat' dir='ltr'>bonum</span> <span class='ocrx_word' id='word_1_100' title='bbox 507 1889 656 1974; x_wconf 89' lang='lat' dir='ltr'>operanti</span> <span class='ocrx_word' id='word_1_101' title='bbox 688 1894 883 1973; x_wconf 88' lang='lat' dir='ltr'>competere,</span> <span class='ocrx_word' id='word_1_102' title='bbox 914 1889 1012 1974; x_wconf 89' lang='lat' dir='ltr'>idque</span> <span class='ocrx_word' id='word_1_103' title='bbox 1043 1891 1164 1974; x_wconf 81' lang='lat' dir='ltr'>duplici</span> <span class='ocrx_word' id='word_1_104' title='bbox 1187 1892 1288 1971; x_wconf 84' lang='lat' dir='ltr'>modo,</span> <span class='ocrx_word' id='word_1_105' title='bbox 1320 1895 1411 1955; x_wconf 88' lang='lat' dir='ltr'>certo</span> <span class='ocrx_word' id='word_1_106' title='bbox 1435 1889 1606 1956; x_wconf 84' lang='lat' dir='ltr'>evincitur.</span> 
     </span>
     <span class='ocr_line' id='line_1_13' title="bbox 358 1996 1610 2082; baseline -0.002 -20"><span class='ocrx_word' id='word_1_107' title='bbox 358 1997 532 2062; x_wconf 89' lang='lat' dir='ltr'>Hominem</span> <span class='ocrx_word' id='word_1_108' title='bbox 555 1996 651 2076; x_wconf 89' lang='lat' dir='ltr'>enim,</span> <span class='ocrx_word' id='word_1_109' title='bbox 680 1999 744 2062; x_wconf 85' lang='lat' dir='ltr'>siue</span> <span class='ocrx_word' id='word_1_110' title='bbox 767 2018 826 2081; x_wconf 92' lang='lat' dir='ltr'>pro</span> <span class='ocrx_word' id='word_1_111' title='bbox 851 2018 912 2063; x_wconf 87' lang='lat' dir='ltr'>sua</span> <span class='ocrx_word' id='word_1_112' title='bbox 934 1997 1096 2062; x_wconf 88' lang='lat' dir='ltr'>relatione</span> <span class='ocrx_word' id='word_1_113' title='bbox 1115 1999 1280 2082; x_wconf 81' lang='lat' dir='ltr'>personali</span> <span class='ocrx_word' id='word_1_114' title='bbox 1304 2003 1331 2061; x_wconf 84' lang='lat' dir='ltr'>et</span> <span class='ocrx_word' id='word_1_115' title='bbox 1353 1998 1538 2062; x_wconf 85' lang='lat' dir='ltr'>immediate</span> <span class='ocrx_word' id='word_1_116' title='bbox 1561 1997 1610 2060; x_wconf 87' lang='lat' dir='ltr'>ool</span> 
     </span>
     <span class='ocr_line' id='line_1_14' title="bbox 359 2103 1609 2188; baseline -0.001 -20"><span class='ocrx_word' id='word_1_117' title='bbox 359 2103 462 2168; x_wconf 86' lang='lat' dir='ltr'>Deum</span> <span class='ocrx_word' id='word_1_118' title='bbox 485 2110 520 2167; x_wconf 90' lang='lat' dir='ltr'>ut</span> <span class='ocrx_word' id='word_1_119' title='bbox 540 2104 636 2188; x_wconf 72' lang='lat' dir='ltr'>fluctu</span> <span class='ocrx_word' id='word_1_120' title='bbox 661 2105 815 2186; x_wconf 84' lang='lat' dir='ltr'>ultimum,</span> <span class='ocrx_word' id='word_1_121' title='bbox 839 2107 903 2169; x_wconf 83' lang='lat' dir='ltr'>siue</span> <span class='ocrx_word' id='word_1_122' title='bbox 926 2123 985 2187; x_wconf 92' lang='lat' dir='ltr'>pro</span> <span class='ocrx_word' id='word_1_123' title='bbox 1008 2111 1148 2188; x_wconf 82' lang='lat' dir='ltr'>respectu</span> <span class='ocrx_word' id='word_1_124' title='bbox 1165 2124 1222 2168; x_wconf 84' lang='lat' dir='ltr'>suo</span> <span class='ocrx_word' id='word_1_125' title='bbox 1236 2105 1348 2168; x_wconf 80' lang='lat' dir='ltr'>sociali</span> <span class='ocrx_word' id='word_1_126' title='bbox 1365 2105 1409 2167; x_wconf 88' lang='lat' dir='ltr'>od</span> <span class='ocrx_word' id='word_1_127' title='bbox 1425 2107 1609 2169; x_wconf 78' lang='lat' dir='ltr'>uuiversum</span> 
     </span>
     <span class='ocr_line' id='line_1_15' title="bbox 359 2211 1609 2294; baseline -0.002 -18"><span class='ocrx_word' id='word_1_128' title='bbox 359 2211 514 2276; x_wconf 85' lang='lat' dir='ltr'>mundum</span> <span class='ocrx_word' id='word_1_129' title='bbox 545 2212 694 2276; x_wconf 83' lang='lat' dir='ltr'>moralem</span> <span class='ocrx_word' id='word_1_130' title='bbox 726 2219 753 2275; x_wconf 91' lang='lat' dir='ltr'>et</span> <span class='ocrx_word' id='word_1_131' title='bbox 783 2233 817 2276; x_wconf 90' lang='lat' dir='ltr'>eo</span> <span class='ocrx_word' id='word_1_132' title='bbox 846 2212 1005 2276; x_wconf 79' lang='lat' dir='ltr'>mediante</span> <span class='ocrx_word' id='word_1_133' title='bbox 1028 2213 1073 2276; x_wconf 87' lang='lat' dir='ltr'>ud</span> <span class='ocrx_word' id='word_1_134' title='bbox 1095 2211 1209 2294; x_wconf 87' lang='lat' dir='ltr'>Deum,</span> <span class='ocrx_word' id='word_1_135' title='bbox 1241 2214 1309 2276; x_wconf 81' lang='lat' dir='ltr'>eius</span> <span class='ocrx_word' id='word_1_136' title='bbox 1331 2221 1479 2276; x_wconf 86' lang='lat' dir='ltr'>rectorem</span> <span class='ocrx_word' id='word_1_137' title='bbox 1505 2217 1532 2275; x_wconf 86' lang='lat' dir='ltr'>et</span> <span class='ocrx_word' id='word_1_138' title='bbox 1555 2233 1609 2274; x_wconf 89' lang='lat' dir='ltr'>cu-</span> 
     </span>
     <span class='ocr_line' id='line_1_16' title="bbox 361 2315 1608 2403; baseline -0.002 -21"><span class='ocrx_word' id='word_1_139' title='bbox 361 2318 489 2399; x_wconf 82' lang='lat' dir='ltr'>stodem,</span> <span class='ocrx_word' id='word_1_140' title='bbox 519 2315 754 2394; x_wconf 88' lang='lat' dir='ltr'>consideretur,</span> <span class='ocrx_word' id='word_1_141' title='bbox 785 2325 916 2403; x_wconf 87' lang='lat' dir='ltr'>utroque</span> <span class='ocrx_word' id='word_1_142' title='bbox 938 2317 1036 2382; x_wconf 90' lang='lat' dir='ltr'>modo</span> <span class='ocrx_word' id='word_1_143' title='bbox 1060 2317 1147 2400; x_wconf 92' lang='lat' dir='ltr'>apud</span> <span class='ocrx_word' id='word_1_144' title='bbox 1171 2317 1285 2396; x_wconf 90' lang='lat' dir='ltr'>Deum,</span> <span class='ocrx_word' id='word_1_145' title='bbox 1316 2317 1413 2384; x_wconf 80' lang='lat' dir='ltr'>aienti</span> <span class='ocrx_word' id='word_1_146' title='bbox 1437 2315 1608 2392; x_wconf 86' lang='lat' dir='ltr'>demereri,</span> 
     </span>
     <span class='ocr_line' id='line_1_17' title="bbox 361 2422 1242 2505; baseline 0 -17"><span class='ocrx_word' id='word_1_147' title='bbox 361 2425 409 2491; x_wconf 90' lang='lat' dir='ltr'>ita</span> <span class='ocrx_word' id='word_1_148' title='bbox 434 2428 468 2489; x_wconf 90' lang='lat' dir='ltr'>et</span> <span class='ocrx_word' id='word_1_149' title='bbox 490 2422 609 2488; x_wconf 90' lang='lat' dir='ltr'>mereri</span> <span class='ocrx_word' id='word_1_150' title='bbox 632 2422 770 2488; x_wconf 89' lang='lat' dir='ltr'>totidem</span> <span class='ocrx_word' id='word_1_151' title='bbox 795 2423 999 2505; x_wconf 86' lang='lat' dir='ltr'>argumentis</span> <span class='ocrx_word' id='word_1_152' title='bbox 1022 2428 1242 2489; x_wconf 86' lang='lat' dir='ltr'>monstratur:</span> 
     </span>
    </p>

    <p class='ocr_par' dir='ltr' id='par_1_5' title="bbox 362 2539 1609 2836">
     <span class='ocr_line' id='line_1_18' title="bbox 450 2539 1607 2624; baseline -0.003 -19"><span class='ocrx_word' id='word_1_153' title='bbox 450 2543 583 2623; x_wconf 71' lang='lat' dir='ltr'>Argum.</span> <span class='ocrx_word' id='word_1_154' title='bbox 608 2540 634 2604; x_wconf 90' lang='grc' dir='ltr'>Ι.</span> <span class='ocrx_word' id='word_1_155' title='bbox 682 2539 746 2604; x_wconf 90' lang='grc' dir='ltr'>Ρνο</span> <span class='ocrx_word' id='word_1_156' title='bbox 769 2539 907 2604; x_wconf 79' lang='lat' dir='ltr'>hominis</span> <span class='ocrx_word' id='word_1_157' title='bbox 924 2541 1091 2624; x_wconf 65' lang='lat' dir='ltr'>pascuali</span> <span class='ocrx_word' id='word_1_158' title='bbox 1114 2541 1268 2605; x_wconf 80' lang='lat' dir='ltr'>relatione</span> <span class='ocrx_word' id='word_1_159' title='bbox 1283 2541 1328 2604; x_wconf 87' lang='lat' dir='ltr'>ud</span> <span class='ocrx_word' id='word_1_160' title='bbox 1344 2539 1447 2605; x_wconf 88' lang='lat' dir='ltr'>Deum</span> <span class='ocrx_word' id='word_1_161' title='bbox 1464 2547 1500 2604; x_wconf 91' lang='lat' dir='ltr'>ut</span> <span class='ocrx_word' id='word_1_162' title='bbox 1513 2539 1607 2621; x_wconf 83' lang='lat' dir='ltr'>finem</span> 
     </span>
     <span class='ocr_line' id='line_1_19' title="bbox 362 2643 1609 2712; baseline -0.002 -2"><span class='ocrx_word' id='word_1_163' title='bbox 362 2647 519 2711; x_wconf 84' lang='lat' dir='ltr'>ultimum.</span> <span class='ocrx_word' id='word_1_164' title='bbox 567 2643 662 2710; x_wconf 88' lang='lat' dir='ltr'>Omni</span> <span class='ocrx_word' id='word_1_165' title='bbox 692 2643 814 2710; x_wconf 89' lang='lat' dir='ltr'>actioni</span> <span class='ocrx_word' id='word_1_166' title='bbox 843 2646 948 2711; x_wconf 84' lang='lat' dir='ltr'>bonae</span> <span class='ocrx_word' id='word_1_167' title='bbox 978 2646 1091 2712; x_wconf 89' lang='lat' dir='ltr'>insunt</span> <span class='ocrx_word' id='word_1_168' title='bbox 1114 2645 1319 2712; x_wconf 83' lang='lat' dir='ltr'>condiciones</span> <span class='ocrx_word' id='word_1_169' title='bbox 1342 2644 1450 2711; x_wconf 88' lang='lat' dir='ltr'>meriti</span> <span class='ocrx_word' id='word_1_170' title='bbox 1472 2649 1543 2712; x_wconf 91' lang='lat' dir='ltr'>tum</span> <span class='ocrx_word' id='word_1_171' title='bbox 1567 2664 1609 2709; x_wconf 88' lang='lat' dir='ltr'>ex</span> 
     </span>
     <span class='ocr_line' id='line_1_20' title="bbox 363 2751 1001 2836; baseline 0.003 -20"><span class='ocrx_word' id='word_1_172' title='bbox 363 2755 459 2836; x_wconf 90' lang='lat' dir='ltr'>parte</span> <span class='ocrx_word' id='word_1_173' title='bbox 482 2751 621 2817; x_wconf 90' lang='lat' dir='ltr'>hominis</span> <span class='ocrx_word' id='word_1_174' title='bbox 645 2757 714 2817; x_wconf 88' lang='lat' dir='ltr'>tum</span> <span class='ocrx_word' id='word_1_175' title='bbox 738 2773 780 2816; x_wconf 86' lang='lat' dir='ltr'>ex</span> <span class='ocrx_word' id='word_1_176' title='bbox 803 2755 900 2836; x_wconf 89' lang='lat' dir='ltr'>parte</span> <span class='ocrx_word' id='word_1_177' title='bbox 923 2751 1001 2819; x_wconf 90' lang='lat' dir='ltr'>Dei:</span> 
     </span>
    </p>

    <p class='ocr_par' dir='ltr' id='par_1_6' title="bbox 361 2867 1613 3681">
     <span class='ocr_line' id='line_1_21' title="bbox 412 2867 1609 2953; baseline -0.001 -21"><span class='ocrx_word' id='word_1_178' title='bbox 412 2903 415 2910; x_wconf 71' lang='lat'>.</span> <span class='ocrx_word' id='word_1_179' title='bbox 453 2867 486 2951; x_wconf 89' lang='lat' dir='ltr'>a)</span> <span class='ocrx_word' id='word_1_180' title='bbox 510 2868 563 2933; x_wconf 82' lang='lat' dir='ltr'>Eu</span> <span class='ocrx_word' id='word_1_181' title='bbox 585 2875 676 2953; x_wconf 86' lang='lat' dir='ltr'>purte</span> <span class='ocrx_word' id='word_1_182' title='bbox 699 2869 846 2934; x_wconf 80' lang='lat' dir='ltr'>toruiuis.</span> <span class='ocrx_word' id='word_1_183' title='bbox 894 2867 1094 2952; x_wconf 87' lang='lat' dir='ltr'>Quicumque</span> <span class='ocrx_word' id='word_1_184' title='bbox 1117 2869 1200 2934; x_wconf 89' lang='lat' dir='ltr'>bene</span> <span class='ocrx_word' id='word_1_185' title='bbox 1224 2869 1304 2952; x_wconf 90' lang='lat' dir='ltr'>agit,</span> <span class='ocrx_word' id='word_1_186' title='bbox 1329 2869 1484 2950; x_wconf 80' lang='lat' dir='ltr'>ordinem,</span> <span class='ocrx_word' id='word_1_187' title='bbox 1513 2889 1609 2950; x_wconf 88' lang='lat' dir='ltr'>quem</span> 
     </span>
     <span class='ocr_line' id='line_1_22' title="bbox 364 2972 1610 3058; baseline 0 -20"><span class='ocrx_word' id='word_1_188' title='bbox 364 2975 453 3039; x_wconf 90' lang='lat' dir='ltr'>Deus</span> <span class='ocrx_word' id='word_1_189' title='bbox 482 2974 554 3058; x_wconf 89' lang='lat' dir='ltr'>ipse</span> <span class='ocrx_word' id='word_1_190' title='bbox 585 2972 770 3039; x_wconf 86' lang='lat' dir='ltr'>necessario</span> <span class='ocrx_word' id='word_1_191' title='bbox 800 2979 892 3041; x_wconf 89' lang='lat' dir='ltr'>amat</span> <span class='ocrx_word' id='word_1_192' title='bbox 915 2977 949 3039; x_wconf 89' lang='lat' dir='ltr'>et</span> <span class='ocrx_word' id='word_1_193' title='bbox 972 2975 1054 3053; x_wconf 88' lang='lat' dir='ltr'>vult,</span> <span class='ocrx_word' id='word_1_194' title='bbox 1086 2975 1188 3040; x_wconf 81' lang='lat' dir='ltr'>libero</span> <span class='ocrx_word' id='word_1_195' title='bbox 1211 2977 1369 3040; x_wconf 80' lang='lat' dir='ltr'>uoluntate</span> <span class='ocrx_word' id='word_1_196' title='bbox 1391 2973 1610 3056; x_wconf 83' lang='lat' dir='ltr'>prosequitur.</span> 
     </span>
     <span class='ocr_line' id='line_1_23' title="bbox 364 3079 1613 3166; baseline -0.002 -20"><span class='ocrx_word' id='word_1_197' title='bbox 364 3101 436 3146; x_wconf 89' lang='lat' dir='ltr'>oum</span> <span class='ocrx_word' id='word_1_198' title='bbox 460 3080 492 3144; x_wconf 94' lang='lat' dir='ltr'>in</span> <span class='ocrx_word' id='word_1_199' title='bbox 517 3079 587 3144; x_wconf 88' lang='lat' dir='ltr'>eius</span> <span class='ocrx_word' id='word_1_200' title='bbox 610 3083 777 3163; x_wconf 84' lang='lat' dir='ltr'>potestate</span> <span class='ocrx_word' id='word_1_201' title='bbox 800 3083 889 3145; x_wconf 87' lang='lat' dir='ltr'>esset</span> <span class='ocrx_word' id='word_1_202' title='bbox 911 3079 1002 3144; x_wconf 90' lang='lat' dir='ltr'>illum</span> <span class='ocrx_word' id='word_1_203' title='bbox 1024 3079 1204 3164; x_wconf 85' lang='lat' dir='ltr'>infringere</span> <span class='ocrx_word' id='word_1_204' title='bbox 1219 3084 1279 3146; x_wconf 90' lang='lat' dir='ltr'>aut</span> <span class='ocrx_word' id='word_1_205' title='bbox 1293 3081 1480 3163; x_wconf 82' lang='lat' dir='ltr'>neglegere.</span> <span class='ocrx_word' id='word_1_206' title='bbox 1511 3083 1613 3166; x_wconf 84' lang='lat' dir='ltr'>Atqui</span> 
     </span>
     <span class='ocr_line' id='line_1_24' title="bbox 363 3186 1612 3273; baseline -0.002 -19"><span class='ocrx_word' id='word_1_207' title='bbox 363 3208 423 3273; x_wconf 90' lang='lat' dir='ltr'>per</span> <span class='ocrx_word' id='word_1_208' title='bbox 448 3187 510 3253; x_wconf 88' lang='lat' dir='ltr'>hoc</span> <span class='ocrx_word' id='word_1_209' title='bbox 539 3207 633 3254; x_wconf 90' lang='lat' dir='ltr'>snam</span> <span class='ocrx_word' id='word_1_210' title='bbox 663 3207 743 3270; x_wconf 89' lang='lat' dir='ltr'>erga</span> <span class='ocrx_word' id='word_1_211' title='bbox 766 3187 871 3253; x_wconf 92' lang='lat' dir='ltr'>Deum</span> <span class='ocrx_word' id='word_1_212' title='bbox 894 3207 1092 3272; x_wconf 86' lang='lat' dir='ltr'>propensam</span> <span class='ocrx_word' id='word_1_213' title='bbox 1115 3187 1320 3254; x_wconf 90' lang='lat' dir='ltr'>voluntatem</span> <span class='ocrx_word' id='word_1_214' title='bbox 1343 3207 1443 3270; x_wconf 91' lang='lat' dir='ltr'>opere</span> <span class='ocrx_word' id='word_1_215' title='bbox 1466 3186 1612 3254; x_wconf 82' lang='lat' dir='ltr'>ostendit</span> 
     </span>
     <span class='ocr_line' id='line_1_25' title="bbox 363 3292 1609 3378; baseline -0.001 -19"><span class='ocrx_word' id='word_1_216' title='bbox 363 3297 398 3359; x_wconf 89' lang='lat' dir='ltr'>et</span> <span class='ocrx_word' id='word_1_217' title='bbox 422 3293 515 3375; x_wconf 89' lang='lat' dir='ltr'>quasi</span> <span class='ocrx_word' id='word_1_218' title='bbox 538 3293 672 3375; x_wconf 86' lang='lat' dir='ltr'>aliquid,</span> <span class='ocrx_word' id='word_1_219' title='bbox 697 3294 783 3377; x_wconf 91' lang='lat' dir='ltr'>quod</span> <span class='ocrx_word' id='word_1_220' title='bbox 806 3316 899 3360; x_wconf 84' lang='lat' dir='ltr'>suum</span> <span class='ocrx_word' id='word_1_221' title='bbox 923 3298 985 3371; x_wconf 89' lang='lat' dir='ltr'>est,</span> <span class='ocrx_word' id='word_1_222' title='bbox 1009 3293 1031 3360; x_wconf 92' lang='lat' dir='ltr'>i.</span> <span class='ocrx_word' id='word_1_223' title='bbox 1048 3315 1076 3360; x_wconf 92' lang='lat' dir='ltr'>e.</span> <span class='ocrx_word' id='word_1_224' title='bbox 1094 3314 1115 3359; x_wconf 91' lang='lat' dir='ltr'>a</span> <span class='ocrx_word' id='word_1_225' title='bbox 1130 3315 1189 3360; x_wconf 89' lang='lat' dir='ltr'>suo</span> <span class='ocrx_word' id='word_1_226' title='bbox 1205 3295 1307 3360; x_wconf 92' lang='lat' dir='ltr'>libero</span> <span class='ocrx_word' id='word_1_227' title='bbox 1324 3293 1462 3360; x_wconf 89' lang='lat' dir='ltr'>arbitrio</span> <span class='ocrx_word' id='word_1_228' title='bbox 1477 3292 1609 3378; x_wconf 89' lang='lat' dir='ltr'>pendet,</span> 
     </span>
     <span class='ocr_line' id='line_1_26' title="bbox 361 3399 1611 3484; baseline -0.002 -18"><span class='ocrx_word' id='word_1_229' title='bbox 361 3400 395 3466; x_wconf 92' lang='lat' dir='ltr'>in</span> <span class='ocrx_word' id='word_1_230' title='bbox 419 3400 480 3466; x_wconf 91' lang='lat' dir='ltr'>Dei</span> <span class='ocrx_word' id='word_1_231' title='bbox 503 3399 650 3466; x_wconf 84' lang='lat' dir='ltr'>favorem</span> <span class='ocrx_word' id='word_1_232' title='bbox 674 3404 834 3484; x_wconf 84' lang='lat' dir='ltr'>praestat,</span> <span class='ocrx_word' id='word_1_233' title='bbox 858 3401 956 3484; x_wconf 88' lang='lat' dir='ltr'>idque</span> <span class='ocrx_word' id='word_1_234' title='bbox 975 3401 1172 3478; x_wconf 87' lang='lat' dir='ltr'>etiamtum,</span> <span class='ocrx_word' id='word_1_235' title='bbox 1197 3422 1269 3466; x_wconf 89' lang='lat' dir='ltr'>cum</span> <span class='ocrx_word' id='word_1_236' title='bbox 1286 3400 1409 3484; x_wconf 90' lang='lat' dir='ltr'>aliquid</span> <span class='ocrx_word' id='word_1_237' title='bbox 1424 3401 1498 3484; x_wconf 86' lang='lat' dir='ltr'>lege</span> <span class='ocrx_word' id='word_1_238' title='bbox 1513 3419 1611 3484; x_wconf 91' lang='lat' dir='ltr'>prae·</span> 
     </span>
     <span class='ocr_line' id='line_1_27' title="bbox 362 3507 1611 3594; baseline -0.003 -20"><span class='ocrx_word' id='word_1_239' title='bbox 362 3513 492 3591; x_wconf 87' lang='lat' dir='ltr'>ceptum</span> <span class='ocrx_word' id='word_1_240' title='bbox 523 3507 619 3573; x_wconf 84' lang='lat' dir='ltr'>tibere</span> <span class='ocrx_word' id='word_1_241' title='bbox 649 3507 849 3589; x_wconf 87' lang='lat' dir='ltr'>exsequitur.</span> <span class='ocrx_word' id='word_1_242' title='bbox 897 3509 983 3594; x_wconf 72' lang='lat' dir='ltr'>Eupo</span> <span class='ocrx_word' id='word_1_243' title='bbox 1014 3508 1193 3573; x_wconf 89' lang='lat' dir='ltr'>secundum</span> <span class='ocrx_word' id='word_1_244' title='bbox 1217 3509 1300 3574; x_wconf 84' lang='lat' dir='ltr'>tuuc</span> <span class='ocrx_word' id='word_1_245' title='bbox 1322 3511 1476 3574; x_wconf 87' lang='lat' dir='ltr'>rutiouem</span> <span class='ocrx_word' id='word_1_246' title='bbox 1500 3507 1611 3589; x_wconf 89' lang='lat' dir='ltr'>aliquo</span> 
     </span>
     <span class='ocr_line' id='line_1_28' title="bbox 361 3614 642 3681; baseline -0.007 -1"><span class='ocrx_word' id='word_1_247' title='bbox 361 3614 457 3680; x_wconf 90' lang='lat' dir='ltr'>modo</span> <span class='ocrx_word' id='word_1_248' title='bbox 480 3618 642 3681; x_wconf 89' lang='lat' dir='ltr'>meretur:</span> 
     </span>
    </p>

    <p class='ocr_par' dir='ltr' id='par_1_7' title="bbox 361 3727 1613 4344">
     <span class='ocr_line' id='line_1_29' title="bbox 451 3727 1612 3815; baseline -0.003 -20"><span class='ocrx_word' id='word_1_249' title='bbox 451 3730 485 3814; x_wconf 81' lang='lat' dir='ltr'>b)</span> <span class='ocrx_word' id='word_1_250' title='bbox 510 3730 676 3815; x_wconf 76' lang='lat' dir='ltr'>Euporie</span> <span class='ocrx_word' id='word_1_251' title='bbox 698 3731 770 3796; x_wconf 87' lang='lat' dir='ltr'>Dei.</span> <span class='ocrx_word' id='word_1_252' title='bbox 817 3729 948 3794; x_wconf 80' lang='lat' dir='ltr'>Etenim</span> <span class='ocrx_word' id='word_1_253' title='bbox 973 3731 1062 3795; x_wconf 87' lang='lat' dir='ltr'>Deus</span> <span class='ocrx_word' id='word_1_254' title='bbox 1091 3730 1162 3814; x_wconf 86' lang='lat' dir='ltr'>ipse</span> <span class='ocrx_word' id='word_1_255' title='bbox 1192 3730 1226 3795; x_wconf 91' lang='lat' dir='ltr'>in</span> <span class='ocrx_word' id='word_1_256' title='bbox 1250 3729 1364 3795; x_wconf 90' lang='lat' dir='ltr'>ordine</span> <span class='ocrx_word' id='word_1_257' title='bbox 1387 3733 1526 3796; x_wconf 88' lang='lat' dir='ltr'>naturae</span> <span class='ocrx_word' id='word_1_258' title='bbox 1550 3727 1612 3793; x_wconf 91' lang='lat' dir='ltr'>ali·</span> 
     </span>
     <span class='ocr_line' id='line_1_30' title="bbox 362 3835 1611 3920; baseline -0.002 -18"><span class='ocrx_word' id='word_1_259' title='bbox 362 3857 457 3920; x_wconf 89' lang='lat' dir='ltr'>quem</span> <span class='ocrx_word' id='word_1_260' title='bbox 482 3835 576 3917; x_wconf 86' lang='lat' dir='ltr'>quasi</span> <span class='ocrx_word' id='word_1_261' title='bbox 594 3836 740 3903; x_wconf 90' lang='lat' dir='ltr'>ordinem</span> <span class='ocrx_word' id='word_1_262' title='bbox 757 3836 968 3919; x_wconf 88' lang='lat' dir='ltr'>aequalitatis</span> <span class='ocrx_word' id='word_1_263' title='bbox 983 3837 1071 3904; x_wconf 92' lang='lat' dir='ltr'>inter</span> <span class='ocrx_word' id='word_1_264' title='bbox 1086 3858 1123 3904; x_wconf 87' lang='lat' dir='ltr'>se</span> <span class='ocrx_word' id='word_1_265' title='bbox 1139 3842 1174 3903; x_wconf 89' lang='lat' dir='ltr'>et</span> <span class='ocrx_word' id='word_1_266' title='bbox 1188 3837 1351 3904; x_wconf 92' lang='lat' dir='ltr'>hominem</span> <span class='ocrx_word' id='word_1_267' title='bbox 1366 3835 1521 3913; x_wconf 88' lang='lat' dir='ltr'>instituit,</span> <span class='ocrx_word' id='word_1_268' title='bbox 1546 3857 1611 3918; x_wconf 90' lang='lat' dir='ltr'>quo</span> 
     </span>
     <span class='ocr_line' id='line_1_31' title="bbox 362 3941 1611 4026; baseline 0 -18"><span class='ocrx_word' id='word_1_269' title='bbox 362 3943 409 4020; x_wconf 88' lang='lat' dir='ltr'>fit,</span> <span class='ocrx_word' id='word_1_270' title='bbox 440 3947 478 4008; x_wconf 91' lang='lat' dir='ltr'>ut</span> <span class='ocrx_word' id='word_1_271' title='bbox 507 3941 549 4020; x_wconf 93' lang='lat' dir='ltr'>id,</span> <span class='ocrx_word' id='word_1_272' title='bbox 582 3943 668 4024; x_wconf 90' lang='lat' dir='ltr'>quod</span> <span class='ocrx_word' id='word_1_273' title='bbox 696 3963 756 4026; x_wconf 89' lang='lat' dir='ltr'>per</span> <span class='ocrx_word' id='word_1_274' title='bbox 785 3963 821 4010; x_wconf 87' lang='lat' dir='ltr'>se</span> <span class='ocrx_word' id='word_1_275' title='bbox 849 3963 892 4008; x_wconf 86' lang='lat' dir='ltr'>ex</span> <span class='ocrx_word' id='word_1_276' title='bbox 920 3943 1069 4026; x_wconf 90' lang='lat' dir='ltr'>rigoroso</span> <span class='ocrx_word' id='word_1_277' title='bbox 1099 3943 1170 4008; x_wconf 91' lang='lat' dir='ltr'>iure</span> <span class='ocrx_word' id='word_1_278' title='bbox 1193 3945 1263 4009; x_wconf 92' lang='lat' dir='ltr'>Deo</span> <span class='ocrx_word' id='word_1_279' title='bbox 1290 3942 1357 4008; x_wconf 90' lang='lat' dir='ltr'>iam</span> <span class='ocrx_word' id='word_1_280' title='bbox 1379 3942 1525 4010; x_wconf 89' lang='lat' dir='ltr'>debitum</span> <span class='ocrx_word' id='word_1_281' title='bbox 1548 3945 1611 4018; x_wconf 83' lang='lat' dir='ltr'>est,</span> 
     </span>
     <span class='ocr_line' id='line_1_32' title="bbox 362 4047 1613 4132; baseline -0.002 -18"><span class='ocrx_word' id='word_1_282' title='bbox 362 4048 571 4114; x_wconf 88' lang='lat' dir='ltr'>nihilominus</span> <span class='ocrx_word' id='word_1_283' title='bbox 594 4049 797 4116; x_wconf 89' lang='lat' dir='ltr'>meritorium</span> <span class='ocrx_word' id='word_1_284' title='bbox 814 4069 887 4114; x_wconf 89' lang='lat' dir='ltr'>esse</span> <span class='ocrx_word' id='word_1_285' title='bbox 903 4048 1017 4132; x_wconf 88' lang='lat' dir='ltr'>possit.</span> <span class='ocrx_word' id='word_1_286' title='bbox 1049 4048 1147 4128; x_wconf 88' lang='lat' dir='ltr'>Nam,</span> <span class='ocrx_word' id='word_1_287' title='bbox 1173 4053 1402 4132; x_wconf 89' lang='lat' dir='ltr'>praeterquam</span> <span class='ocrx_word' id='word_1_288' title='bbox 1420 4047 1506 4129; x_wconf 90' lang='lat' dir='ltr'>qnod</span> <span class='ocrx_word' id='word_1_289' title='bbox 1522 4047 1613 4113; x_wconf 89' lang='lat' dir='ltr'>Deus</span> 
     </span>
     <span class='ocr_line' id='line_1_33' title="bbox 361 4152 1613 4239; baseline -0.002 -19"><span class='ocrx_word' id='word_1_290' title='bbox 361 4155 466 4221; x_wconf 91' lang='lat' dir='ltr'>multa</span> <span class='ocrx_word' id='word_1_291' title='bbox 493 4155 580 4220; x_wconf 90' lang='lat' dir='ltr'>bona</span> <span class='ocrx_word' id='word_1_292' title='bbox 609 4175 674 4220; x_wconf 92' lang='lat' dir='ltr'>non</span> <span class='ocrx_word' id='word_1_293' title='bbox 703 4155 819 4222; x_wconf 87' lang='lat' dir='ltr'>stricte</span> <span class='ocrx_word' id='word_1_294' title='bbox 849 4154 1041 4239; x_wconf 88' lang='lat' dir='ltr'>praecipiat,</span> <span class='ocrx_word' id='word_1_295' title='bbox 1072 4153 1131 4219; x_wconf 90' lang='lat' dir='ltr'>sed</span> <span class='ocrx_word' id='word_1_296' title='bbox 1154 4155 1261 4220; x_wconf 89' lang='lat' dir='ltr'>bonae</span> <span class='ocrx_word' id='word_1_297' title='bbox 1284 4152 1424 4218; x_wconf 89' lang='lat' dir='ltr'>hominis</span> <span class='ocrx_word' id='word_1_298' title='bbox 1447 4153 1613 4220; x_wconf 87' lang='lat' dir='ltr'>voluntati</span> 
     </span>
     <span class='ocr_line' id='line_1_34' title="bbox 362 4257 1612 4344; baseline -0.002 -17"><span class='ocrx_word' id='word_1_299' title='bbox 362 4261 537 4343; x_wconf 87' lang='lat' dir='ltr'>relinquat,</span> <span class='ocrx_word' id='word_1_300' title='bbox 563 4259 663 4326; x_wconf 86' lang='lat' dir='ltr'>etiam</span> <span class='ocrx_word' id='word_1_301' title='bbox 687 4279 736 4332; x_wconf 85' lang='lat' dir='ltr'>ea.</span> <span class='ocrx_word' id='word_1_302' title='bbox 762 4281 846 4342; x_wconf 86' lang='lat' dir='ltr'>quae</span> <span class='ocrx_word' id='word_1_303' title='bbox 870 4260 1041 4344; x_wconf 83' lang='lat' dir='ltr'>praecipit,</span> <span class='ocrx_word' id='word_1_304' title='bbox 1066 4281 1130 4324; x_wconf 90' lang='lat' dir='ltr'>non</span> <span class='ocrx_word' id='word_1_305' title='bbox 1155 4263 1219 4324; x_wconf 85' lang='lat' dir='ltr'>soto</span> <span class='ocrx_word' id='word_1_306' title='bbox 1242 4262 1332 4325; x_wconf 85' lang='lat' dir='ltr'>tituto</span> <span class='ocrx_word' id='word_1_307' title='bbox 1355 4258 1405 4324; x_wconf 91' lang='lat' dir='ltr'>sui</span> <span class='ocrx_word' id='word_1_308' title='bbox 1429 4257 1530 4324; x_wconf 87' lang='lat' dir='ltr'>divini</span> <span class='ocrx_word' id='word_1_309' title='bbox 1554 4260 1612 4325; x_wconf 93' lang='lat' dir='ltr'>do-</span> 
     </span>
    </p>
   </div>
   <div class='ocr_carea' id='block_1_5' title="bbox 363 4365 1681 4988">
    <p class='ocr_par' dir='ltr' id='par_1_8' title="bbox 363 4365 1613 4772">
     <span class='ocr_line' id='line_1_35' title="bbox 363 4365 1613 4451; baseline -0.002 -19"><span class='ocrx_word' id='word_1_310' title='bbox 363 4365 452 4432; x_wconf 91' lang='lat' dir='ltr'>minii</span> <span class='ocrx_word' id='word_1_311' title='bbox 477 4367 518 4432; x_wconf 88' lang='lat' dir='ltr'>ab</span> <span class='ocrx_word' id='word_1_312' title='bbox 542 4365 671 4432; x_wconf 89' lang='lat' dir='ltr'>homine</span> <span class='ocrx_word' id='word_1_313' title='bbox 695 4366 815 4448; x_wconf 86' lang='lat' dir='ltr'>exigit,</span> <span class='ocrx_word' id='word_1_314' title='bbox 847 4365 906 4430; x_wconf 89' lang='lat' dir='ltr'>sed</span> <span class='ocrx_word' id='word_1_315' title='bbox 937 4365 1034 4431; x_wconf 88' lang='lat' dir='ltr'>simul</span> <span class='ocrx_word' id='word_1_316' title='bbox 1058 4367 1233 4451; x_wconf 81' lang='lat' dir='ltr'>praefinito</span> <span class='ocrx_word' id='word_1_317' title='bbox 1261 4366 1405 4451; x_wconf 85' lang='lat' dir='ltr'>praemio</span> <span class='ocrx_word' id='word_1_318' title='bbox 1428 4365 1613 4450; x_wconf 89' lang='lat' dir='ltr'>proportio·</span> 
     </span>
     <span class='ocr_line' id='line_1_36' title="bbox 363 4471 1613 4559; baseline -0.002 -18"><span class='ocrx_word' id='word_1_319' title='bbox 363 4479 442 4541; x_wconf 90' lang='lat' dir='ltr'>nato</span> <span class='ocrx_word' id='word_1_320' title='bbox 474 4475 567 4542; x_wconf 89' lang='lat' dir='ltr'>bonis</span> <span class='ocrx_word' id='word_1_321' title='bbox 597 4473 780 4541; x_wconf 89' lang='lat' dir='ltr'>actionibus</span> <span class='ocrx_word' id='word_1_322' title='bbox 804 4473 849 4556; x_wconf 88' lang='lat' dir='ltr'>(n.</span> <span class='ocrx_word' id='word_1_323' title='bbox 875 4472 964 4554; x_wconf 81' lang='lat'>208).</span> <span class='ocrx_word' id='word_1_324' title='bbox 1012 4474 1099 4559; x_wconf 77' lang='lat' dir='ltr'>Eupo</span> <span class='ocrx_word' id='word_1_325' title='bbox 1124 4495 1167 4539; x_wconf 84' lang='lat' dir='ltr'>ex</span> <span class='ocrx_word' id='word_1_326' title='bbox 1189 4478 1285 4557; x_wconf 84' lang='lat' dir='ltr'>parte</span> <span class='ocrx_word' id='word_1_327' title='bbox 1309 4471 1371 4536; x_wconf 89' lang='lat' dir='ltr'>Dei</span> <span class='ocrx_word' id='word_1_328' title='bbox 1393 4471 1479 4539; x_wconf 87' lang='lat' dir='ltr'>ratio</span> <span class='ocrx_word' id='word_1_329' title='bbox 1503 4471 1613 4538; x_wconf 86' lang='lat' dir='ltr'>meriti</span> 
     </span>
     <span class='ocr_line' id='line_1_37' title="bbox 364 4577 1612 4652; baseline -0.003 -6"><span class='ocrx_word' id='word_1_330' title='bbox 364 4581 406 4646; x_wconf 92' lang='lat' dir='ltr'>ab</span> <span class='ocrx_word' id='word_1_331' title='bbox 430 4581 559 4647; x_wconf 90' lang='lat' dir='ltr'>actione</span> <span class='ocrx_word' id='word_1_332' title='bbox 582 4581 725 4646; x_wconf 90' lang='lat' dir='ltr'>humana</span> <span class='ocrx_word' id='word_1_333' title='bbox 748 4579 917 4646; x_wconf 89' lang='lat' dir='ltr'>moraliter</span> <span class='ocrx_word' id='word_1_334' title='bbox 940 4579 1027 4646; x_wconf 88' lang='lat' dir='ltr'>bona</span> <span class='ocrx_word' id='word_1_335' title='bbox 1050 4599 1115 4644; x_wconf 92' lang='lat' dir='ltr'>non</span> <span class='ocrx_word' id='word_1_336' title='bbox 1131 4579 1236 4645; x_wconf 91' lang='lat' dir='ltr'>solum</span> <span class='ocrx_word' id='word_1_337' title='bbox 1252 4599 1318 4643; x_wconf 92' lang='lat' dir='ltr'>non</span> <span class='ocrx_word' id='word_1_338' title='bbox 1333 4577 1529 4652; x_wconf 83' lang='lat' dir='ltr'>excluditur,</span> <span class='ocrx_word' id='word_1_339' title='bbox 1553 4577 1612 4642; x_wconf 84' lang='lat' dir='ltr'>sed</span> 
     </span>
     <span class='ocr_line' id='line_1_38' title="bbox 364 4684 1214 4772; baseline -0.004 -19"><span class='ocrx_word' id='word_1_340' title='bbox 364 4687 473 4772; x_wconf 88' lang='lat' dir='ltr'>potius</span> <span class='ocrx_word' id='word_1_341' title='bbox 497 4686 537 4752; x_wconf 89' lang='lat' dir='ltr'>de</span> <span class='ocrx_word' id='word_1_342' title='bbox 560 4686 649 4752; x_wconf 87' lang='lat' dir='ltr'>facto</span> <span class='ocrx_word' id='word_1_343' title='bbox 673 4707 732 4769; x_wconf 91' lang='lat' dir='ltr'>per</span> <span class='ocrx_word' id='word_1_344' title='bbox 755 4686 861 4770; x_wconf 91' lang='lat' dir='ltr'>ipsum</span> <span class='ocrx_word' id='word_1_345' title='bbox 885 4685 991 4751; x_wconf 88' lang='lat' dir='ltr'>Deum</span> <span class='ocrx_word' id='word_1_346' title='bbox 1014 4684 1214 4767; x_wconf 89' lang='lat' dir='ltr'>agnoscitur.</span> 
     </span>
    </p>

    <p class='ocr_par' dir='ltr' id='par_1_9' title="bbox 366 4801 1681 4988">
     <span class='ocr_line' id='line_1_39' title="bbox 454 4801 1681 4888; baseline -0.006 -20"><span class='ocrx_word' id='word_1_347' title='bbox 454 4805 587 4888; x_wconf 79' lang='lat' dir='ltr'>Arqum.</span> <span class='ocrx_word' id='word_1_348' title='bbox 613 4802 657 4867; x_wconf 88' lang='lat' dir='ltr'>II.</span> <span class='ocrx_word' id='word_1_349' title='bbox 696 4803 761 4867; x_wconf 89' lang='lat' dir='ltr'>Pro</span> <span class='ocrx_word' id='word_1_350' title='bbox 784 4804 895 4868; x_wconf 82' lang='lat' dir='ltr'>sociati</span> <span class='ocrx_word' id='word_1_351' title='bbox 918 4803 1055 4867; x_wconf 78' lang='lat' dir='ltr'>turrinis</span> <span class='ocrx_word' id='word_1_352' title='bbox 1079 4809 1218 4886; x_wconf 82' lang='lat' dir='ltr'>respectu</span> <span class='ocrx_word' id='word_1_353' title='bbox 1232 4802 1276 4865; x_wconf 85' lang='lat' dir='ltr'>ud</span> <span class='ocrx_word' id='word_1_354' title='bbox 1293 4801 1397 4865; x_wconf 87' lang='lat' dir='ltr'>Deum</span> <span class='ocrx_word' id='word_1_355' title='bbox 1412 4807 1449 4864; x_wconf 89' lang='lat' dir='ltr'>ut</span> <span class='ocrx_word' id='word_1_356' title='bbox 1464 4805 1611 4864; x_wconf 86' lang='lat' dir='ltr'>rectorem</span> <span class='ocrx_word' id='word_1_357' title='bbox 1673 4821 1681 4828; x_wconf 95' lang='lat'>·</span> 
     </span>
     <span class='ocr_line' id='line_1_40' title="bbox 366 4903 1614 4988; baseline -0.006 -12"><span class='ocrx_word' id='word_1_358' title='bbox 366 4909 480 4976; x_wconf 85' lang='lat' dir='ltr'>muudi</span> <span class='ocrx_word' id='word_1_359' title='bbox 503 4909 645 4974; x_wconf 83' lang='lat' dir='ltr'>morulis.</span> <span class='ocrx_word' id='word_1_360' title='bbox 664 4945 707 4955; x_wconf 94' lang='lat'>-</span> <span class='ocrx_word' id='word_1_361' title='bbox 723 4907 864 4972; x_wconf 92' lang='lat' dir='ltr'>Mundus</span> <span class='ocrx_word' id='word_1_362' title='bbox 880 4907 1014 4973; x_wconf 87' lang='lat' dir='ltr'>moralis</span> <span class='ocrx_word' id='word_1_363' title='bbox 1030 4907 1202 4972; x_wconf 85' lang='lat' dir='ltr'>universus</span> <span class='ocrx_word' id='word_1_364' title='bbox 1218 4905 1378 4988; x_wconf 90' lang='lat' dir='ltr'>quaedam</span> <span class='ocrx_word' id='word_1_365' title='bbox 1396 4903 1614 4971; x_wconf 87' lang='lat' dir='ltr'>communitas</span> 
     </span>
    </p>
   </div>
   <div class='ocr_carea' id='block_1_6' title="bbox 0 0 1972 5842">
    <p class='ocr_par' dir='ltr' id='par_1_10' title="bbox 0 0 1972 5842">
     <span class='ocr_line' id='line_1_41' title="bbox 0 0 1972 5842; baseline 0 0"><span class='ocrx_word' id='word_1_366' title='bbox 0 0 1972 5842; x_wconf 95' lang='lat' dir='ltr'> </span> 
     </span>
    </p>
   </div>
  </div>
 </body>
</html>
