3909 5842
397 707 458 770 176
620 700 709 756 Sestio
729 702 748 755 l.
786 701 866 755 Liber
885 701 919 755 ΙΙ.
956 701 1045 772 Caput
1063 701 1096 754 ll.
1135 700 1276 755 Articulus
1296 701 1319 754 l.
1356 700 1417 769 92.

392 875 545 960 Namque
576 877 737 961 plurimae
767 897 839 944 sese
870 877 1013 944 offerunt
1041 877 1074 942 in
1105 877 1177 944 vita
1206 877 1371 944 cotidiana
1403 878 1553 944 actiones
1586 897 1654 960 per

393 1004 430 1049 se
453 982 558 1049 bonae
581 986 681 1065 atque
704 983 897 1062 laudabiles,
929 987 987 1050 aut
1010 985 1128 1050 saltem
1153 984 1386 1064 indifferentes,
1417 1005 1503 1068 quae
1526 983 1653 1048 nihilo·

393 1089 500 1155 minus
531 1090 725 1158 deliberanti
755 1090 864 1157 animo
895 1091 1150 1158 haesitationem
1179 1091 1331 1174 ingerere
1361 1094 1499 1174 possunt
1525 1109 1571 1155 ex
1593 1111 1649 1168 eo,

394 1195 480 1278 quod
510 1197 647 1263 effectus
677 1217 825 1264 annexae
856 1197 978 1264 habere
1008 1197 1186 1263 videantur
1214 1199 1380 1264 voluntati
1412 1196 1648 1282 repudiandos.

392 1302 509 1386 itaque
531 1307 711 1386 praeeunte
735 1304 767 1370 S.
785 1304 910 1370 Thema
933 1323 1074 1386 sequens
1097 1304 1132 1369 in
1154 1325 1195 1370 ea
1217 1326 1255 1371 re
1270 1304 1439 1371 criterium
1454 1302 1648 1370 statuimus.

392 1448 459 1521 199.
550 1441 705 1524 'l'htSiS
734 1439 906 1524 XXIII.
948 1466 1097 1528 llllectus
1119 1467 1246 1544 malus,
1268 1483 1368 1544 quem
1387 1470 1525 1544 praeter
1544 1483 1648 1528 suam

393 1563 618 1624 intentionem
647 1581 690 1624 ex
718 1563 851 1625 actione
880 1569 1076 1626 secuturum
1098 1580 1205 1643 agens
1226 1562 1413 1642 praevidet,
1434 1561 1515 1625 huic
1534 1563 1647 1640 impu·

393 1659 460 1720 tari
481 1660 618 1737 nequit,
641 1660 814 1737 quoties
835 1659 958 1722 illum
979 1661 1173 1737 positive
1193 1659 1402 1737 impedire
1423 1677 1508 1722 uon
1529 1665 1646 1722 touc-

393 1761 472 1818 tur.
494 1793 533 1802 -
555 1757 600 1820 Ut
621 1763 733 1820 autem
747 1757 785 1819 iu
800 1773 882 1820 casu
896 1757 1096 1835 particulari
1111 1758 1191 1820 talis
1206 1757 1370 1838 obligatio
1385 1759 1519 1820 causari
1533 1760 1647 1835 possit

391 1872 512 1920 revera
525 1871 596 1917 uon
610 1853 741 1934 adosse,
763 1855 889 1932 triplex
904 1853 1058 1916 condicio
1072 1855 1277 1932 requiritur:
1299 1855 1330 1936 1)
1352 1859 1390 1917 ut
1411 1855 1500 1918 actio
1522 1873 1584 1932 per
1604 1875 1646 1920 se

392 1956 547 2029 spectata
568 1952 614 2013 sit
634 1951 725 2015 bona
738 1953 793 2016 vel
807 1953 929 2014 saltem
947 1951 1165 2030 indilicrenm
1186 1950 1220 2029 2)
1235 1955 1357 2013 utnon
1371 1952 1471 2014 unico
1485 1953 1529 2014 ad
1543 1953 1645 2017 allec·

392 2055 465 2111 tum
491 2050 633 2128 malurn,
662 2049 722 2111 aad
752 2065 795 2111 ex
823 2053 949 2112 natura
977 2065 1042 2111 sua
1062 2049 1183 2111 saltam
1204 2065 1311 2126 aeque
1330 2049 1578 2113 immediate
1600 2051 1646 2113 ad

393 2146 550 2210 ellectum
571 2147 696 2210 bonurn
718 2145 913 2224 ordinetur,
935 2145 977 2208 ab
1000 2150 1126 2226 agente
1146 2162 1210 2208 suo
1229 2146 1306 2208 iure
1326 2145 1517 2226 intentum
1546 2149 1584 2229 8)
1605 2154 1645 2211 nt

392 2243 510 2306 habita
530 2244 748 2321 proportione
769 2243 871 2306 huius
892 2243 974 2306 boui
995 2243 1039 2306 ao
1059 2244 1197 2322 malum,
1219 2243 1308 2320 quod
1328 2243 1549 2324 permittitur,
1570 2262 1644 2308 nou

392 2341 481 2404 desit
501 2342 590 2404 ratio
612 2340 790 2404 sufficiens
812 2341 941 2421 agenti,
963 2357 1026 2402 suo
1047 2341 1121 2403 iure
1143 2340 1272 2402 utendi.

482 2459 790 2526 Praenotanda.
838 2459 955 2524 Thasie
979 2458 1061 2525 duas
1089 2463 1202 2543 partes
1232 2459 1470 2544 complectitur,
1502 2479 1643 2541 quarum

391 2570 499 2652 prima
522 2567 709 2650 generalem
734 2566 882 2650 regulam
906 2565 1067 2645 enuntiat,
1093 2569 1195 2632 altero
1211 2567 1348 2632 candem
1365 2565 1406 2632 ad
1421 2565 1644 2650 particulares

393 2673 599 2740 condiciones
619 2673 788 2739 redactam
811 2672 974 2756 proponit.
1007 2673 1107 2738 Prior
1128 2672 1269 2738 assertio
1292 2672 1469 2738 veritatem
1489 2673 1642 2739 enuntiat

392 2783 630 2866 hypotheticum,
654 2779 701 2846 ita
726 2784 763 2845 ut
784 2779 917 2846 interim
940 2779 1151 2862 praescindat
1173 2801 1195 2844 a
1217 2779 1420 2862 quaestione,
1448 2787 1558 2844 utram
1580 2779 1643 2845 ali·

394 2887 523 2968 quando
547 2892 581 2952 at
605 2885 721 2968 quibus
744 2885 778 2952 in
802 2885 964 2952 adiunctis
987 2884 1180 2969 hypothesis
1202 2885 1243 2950 de
1265 2885 1355 2951 facto
1378 2885 1544 2951 verificari
1564 2907 1643 2951 con·

392 2993 517 3076 tingat3
543 2996 645 3060 altera
668 2992 710 3058 ad
733 2993 818 3058 hanc
841 2992 946 3075 ipsam
970 2991 1195 3074 quaestionem
1218 2991 1301 3058 facti
1322 2991 1501 3076 respondet
1509 2993 1533 3058 ¹.

482 3097 548 3164 Res
571 3100 740 3185 proposita
763 3099 877 3182 exigit,
902 3103 939 3165 ut
955 3099 1164 3182 aliquatenus
1178 3099 1327 3164 hocloco
1342 3104 1414 3166 tum
1429 3097 1642 3181 obligationis

393 3211 463 3272 turn
486 3206 566 3272 iuris
590 3210 766 3290 conceptus
789 3211 956 3289 tamquam
982 3205 1064 3271 satis
1087 3205 1157 3271 noti
1179 3207 1416 3289 supponantur,
1440 3224 1641 3287 quamquam

393 3313 433 3378 de
458 3317 597 3397 utroque
621 3317 815 3397 argumento
839 3311 1013 3396 specialius
1035 3312 1124 3377 infra
1146 3311 1310 3394 agendum
1334 3310 1407 3378 erit
1442 3309 1481 3375 Id
1503 3331 1584 3378 vero
1599 3331 1639 3376 eo

393 3418 498 3484 miuus
529 3419 724 3486 incommodi
753 3419 863 3497 habet,
895 3419 982 3501 quod
1011 3417 1092 3483 nihil
1120 3422 1335 3502 supponatur,
1365 3415 1429 3481 nisi
1450 3417 1540 3499 quod
1561 3423 1640 3484 aute

393 3546 521 3592 omnem
551 3526 708 3595 scientiae
739 3525 921 3591 discursum
945 3524 1108 3591 communi
1130 3523 1296 3590 homiuum
1318 3521 1437 3588 iudicio
1459 3523 1637 3590 admissum

393 3637 570 3715 notumque
594 3633 646 3700 sit.

481 3769 639 3844 Probatur
661 3789 738 3862 pars
760 3771 785 3844 I.
834 3773 1003 3838 Generalis
1034 3775 1155 3857 regulo.
1201 3771 1250 3837 Ut
1280 3771 1403 3854 aliquid
1432 3771 1556 3837 homini
1578 3773 1638 3837 im·

393 3878 503 3965 putari
526 3877 640 3964 possit,
670 3899 804 3944 necesse
827 3882 889 3956 est,
914 3881 951 3943 ut
974 3878 1004 3943 ei
1028 3877 1137 3960 aliquo
1160 3877 1256 3944 modo
1280 3877 1324 3944 ait
1347 3877 1570 3944 voluntarium
1592 3881 1638 3944 rel

393 3987 425 4051 in
450 4005 485 4050 se
515 3987 561 4050 orl
590 3983 623 4048 in
654 4005 764 4051 causa.
811 3987 910 4071 Atqui
941 3985 1078 4051 effectus
1108 3983 1224 4063 malus,
1257 3989 1392 4067 praeter
1423 3982 1636 4050 intentionem

393 4091 523 4174 agentia
547 4093 581 4155 et
603 4089 636 4155 in
659 4089 699 4156 iis
723 4089 978 4157 circumstantiis
1002 4090 1166 4169 eveniens,
1191 4111 1209 4156 e
1233 4091 1349 4173 quibus
1372 4089 1531 4173 obligatio
1546 4090 1636 4156 illum

392 4198 534 4283 positive
556 4197 754 4280 impediendi
777 4219 842 4264 non
865 4197 1001 4276 oriatur,
1032 4196 1095 4264 etsi
1118 4197 1160 4262 ab
1184 4201 1305 4278 agente
1334 4195 1517 4281 praevisus,
1547 4196 1637 4262 nulla

392 4309 504 4371 tamen
527 4302 683 4369 volitione
707 4304 912 4370 voluntarius
936 4307 997 4369 est.
1045 4303 1131 4389 Erpa
1155 4310 1217 4370 eto.

482 4410 597 4476 Proh.
629 4409 770 4477 minor.
819 4414 848 4476 1.
873 4411 944 4476 Non
977 4418 1022 4476 est
1051 4411 1251 4476 voluntariae
1274 4413 1308 4475 in
1332 4431 1374 4492 ae,
1405 4412 1443 4474 ut
1472 4413 1567 4493 patet
1595 4428 1636 4475 ex

392 4517 464 4602 ipse
493 4515 684 4600 hypothesi;
716 4517 910 4601 supponitur
938 4516 1024 4582 enim
1054 4515 1186 4582 evenire
1221 4519 1371 4599 „praeter
1399 4514 1632 4582 intentionem‘

392 4622 532 4705 agentis.
580 4625 609 4687 2.
634 4623 743 4707 Neque
771 4623 970 4689 voluntarius
1000 4625 1036 4688 ira
1066 4643 1174 4688 cuasa.
1221 4621 1328 4688 Uulca
1351 4620 1447 4700 ratio,
1479 4643 1538 4686 cur
1560 4621 1635 4688 talis

392 4728 496 4793 videri
519 4729 633 4812 possit,
664 4729 698 4793 in
722 4749 760 4794 eo
784 4729 849 4796 sita
872 4735 933 4809 est,
967 4729 1053 4811 quod
1082 4748 1185 4811 agens
1214 4727 1337 4793 malum
1367 4747 1410 4793 ex
1433 4727 1563 4794 actione
1585 4749 1635 4794 se·

393 4839 541 4900 euturum
566 4835 710 4917 aduertit,
734 4839 930 4902 nontamen
955 4855 1086 4900 causam
1111 4833 1250 4911 omittit;
1274 4833 1340 4899 iam
1359 4854 1439 4899 vero
1454 4833 1537 4900 haec
1552 4835 1635 4900 ratio

484 5039 492 5070 ¹
513 5036 553 5090 Ol.
574 5039 603 5090 S.
626 5037 717 5089 ibera.
736 5035 761 5100 2,
781 5035 806 5100 2,
825 5051 851 5104 q.
871 5037 913 5101 64,
933 5051 958 5088 a.
977 5036 1009 5097 ’ῖς
1030 5035 1053 5097 1,
1072 5034 1097 5097 2,
1116 5049 1142 5102 q.
1161 5033 1204 5098 20,
1224 5049 1248 5086 a.
1268 5033 1298 5096 5;
1319 5033 1343 5097 2,
1362 5033 1387 5098 2,
1406 5050 1433 5101 q.
1451 5033 1495 5098 48,
1514 5050 1540 5088 a.
1557 5032 1582 5086 3.
