3909 5842
694 683 734 737 no
752 683 921 739 casusne
938 684 1099 740 suprema.
1257 659 1260 663 ’
1478 690 1518 753 51

363 860 487 925 Verum
515 860 598 926 haec
622 860 801 926 communis
828 864 967 926 naturae
992 861 1176 945 capacitas,
1207 867 1366 945 quaeest
1394 868 1523 931 tantum

271 967 452 1031 secundum
475 966 617 1050 speciem
634 965 863 1045 determinata,
887 967 1064 1034 manifeste
1086 968 1119 1033 in
1143 967 1310 1034 individuo
1330 972 1382 1036 tot
1401 974 1525 1057 modus

273 1072 443 1138 subiectior
458 1073 599 1139 diversos
614 1071 771 1151 admittit,
793 1076 874 1155 quot
888 1072 1047 1139 individui
1063 1074 1210 1139 homines
1226 1074 1400 1154 exsistunt,
1422 1078 1524 1144 diuer-

272 1200 347 1243 sam
362 1178 531 1261 offerentes
547 1180 751 1245 subiectioom
767 1182 1006 1265 dispositionem
1021 1202 1060 1245 oc
1072 1184 1363 1267 praeparationem.
1397 1170 1525 1249 Gradus

273 1284 474 1367 capacitatis
495 1284 557 1351 hoc
577 1285 674 1352 modo
696 1285 730 1351 in
753 1286 922 1352 individuo
938 1286 1175 1369 determinatus
1197 1307 1257 1371 pro
1274 1286 1525 1372 uniuscuiusque

274 1391 463 1471 cognitione
486 1396 522 1459 et
537 1412 649 1457 amore
664 1392 726 1457 Dei
744 1392 881 1460 limitem
897 1392 1110 1476 perfectionis
1127 1393 1307 1474 constituit,
1332 1415 1428 1478 quem
1442 1400 1526 1481 posi-

273 1500 374 1562 tivum
398 1498 646 1581 appellavimus.
682 1498 720 1563 ld
743 1497 850 1582 ipsum
874 1497 1039 1565 consentit
1058 1520 1130 1565 cum
1155 1500 1298 1568 naturali
1320 1500 1527 1569 institutione

273 1606 452 1668 sanctionis
473 1608 616 1683 moralis,
640 1604 680 1669 de
704 1625 769 1687 qua
791 1604 878 1670 infra
902 1604 1072 1669 dicendum
1096 1604 1168 1684 erit,
1194 1609 1229 1671 et
1252 1626 1316 1688 qua
1339 1608 1428 1675 Deus
1450 1632 1527 1695 pro-

274 1708 386 1773 visum
409 1710 524 1788 voluit,
548 1716 586 1776 ut
608 1712 707 1776 beata
729 1715 869 1778 naturae
890 1711 1063 1795 completio
1087 1710 1183 1777 simul
1206 1712 1343 1781 baberet
1365 1716 1526 1783 rationem

271 1819 427 1900 proemii,
455 1816 706 1899 uniuscuiusque
728 1818 856 1896 merito,
884 1817 906 1885 i.
931 1838 960 1885 e.
984 1817 1186 1884 subiectivae
1210 1819 1326 1885 morali
1348 1840 1527 1905 praepara·

273 1922 361 1987 tioni
391 1922 642 2005 proportionati.
687 1922 753 1989 Ubi
776 1944 855 1989 vero
878 1944 938 2008 per
961 1923 1113 1990 accidens
1141 1923 1213 2008 ipsa
1237 1924 1382 1991 condicio
1406 1926 1528 1995 liberae

276 2026 521 2110 cooperationis
551 2031 585 2094 et
614 2028 739 2112 proprii
767 2029 877 2094 meriti
907 2029 1033 2107 delicit,
1067 2036 1104 2095 ut
1134 2030 1245 2097 evenit
1273 2030 1307 2095 in
1335 2029 1526 2110 infantibus,

276 2138 397 2199 auctor
425 2138 566 2200 naturae
595 2156 654 2200 suo
678 2155 837 2200 concursu
867 2134 953 2201 huno
977 2136 1140 2201 delectum
1171 2136 1325 2219 supplere
1347 2139 1529 2204 censendus

277 2242 343 2317 est,
367 2243 406 2306 ut
428 2244 548 2306 natura
571 2240 779 2306 nihilominus
801 2242 835 2305 in
859 2242 968 2323 aliquo
986 2241 1119 2308 definito
1135 2241 1240 2325 gradu
1264 2264 1357 2308 susm
1380 2244 1529 2311 ultimam

276 2344 517 2428 perfectionem
541 2350 576 2412 et
598 2346 792 2413 felicitatem
815 2347 972 2431 attingat.

372 2464 403 2527 2.
427 2461 544 2527 'Phasis
567 2462 649 2528 duas
671 2462 819 2528 continet
840 2468 953 2548 partes
976 2462 1156 2546 singilatim
1171 2463 1367 2547 probandas
1392 2485 1528 2547 quarum

279 2566 392 2633 altera
420 2568 579 2635 indirecte
601 2569 698 2635 simul
721 2569 957 2636 validissimum
981 2574 1210 2653 argumentum
1235 2591 1294 2654 pro
1318 2569 1446 2637 animae
1469 2572 1529 2638 inr-

278 2674 488 2742 mortalitate
510 2677 708 2760 suppeditat.

279 2818 333 2890 tt.
422 2820 584 2893 Probatur
605 2842 683 2914 pars
706 2823 732 2895 1.

373 2941 506 3023 Argum.
530 2940 558 3005 Ι.
593 2940 683 3006 Deus
706 2940 883 3007 essentiale
899 2940 1062 3007 obiectum
1078 2944 1129 3007 est
1144 2938 1305 3007 humanae
1321 2940 1532 3009 beatitudinis

279 3043 415 3126 (Thesis
437 3045 507 3129 VI).
540 3049 640 3132 Atqui
662 3046 758 3111 homo
780 3046 814 3111 in
838 3047 908 3112 Deo
931 3051 1101 3129 tamquam
1125 3067 1184 3112 suo
1208 3047 1335 3113 obiecto
1359 3048 1450 3115 beari
1474 3069 1532 3115 ue·

280 3151 356 3233 quit
378 3151 441 3217 nisi

377 3272 405 3333 1.
437 3269 507 3335 eius
536 3270 741 3353 possessione
770 3271 865 3336 vitali
895 3290 953 3335 seu
984 3268 1163 3353 spirituali,
1195 3289 1279 3352 quae
1309 3272 1481 3355 copnitiooe
1506 3279 1533 3335 rt

281 3396 393 3441 amore
415 3375 575 3443 consistit.
609 3378 766 3461 Spectata
789 3376 875 3442 enim
898 3380 1018 3442 natura
1034 3374 1094 3440 Dei
1118 3378 1153 3439 et
1175 3374 1323 3453 hominis,
1348 3374 1412 3441 alio
1436 3375 1531 3441 modo

279 3483 374 3547 Deus
396 3481 518 3547 homini
541 3482 693 3565 coniungi
714 3482 748 3547 iu
772 3482 886 3547 ordine
909 3482 951 3547 ad
974 3502 1047 3547 eum
1072 3479 1302 3564 perficiendum
1323 3501 1388 3546 uon
1403 3484 1530 3565 potest;

375 3600 405 3663 2.
436 3600 471 3662 et
492 3598 551 3663 illa
574 3597 703 3681 quidem
725 3601 855 3665 relative
872 3598 1118 3683 perfectissimo,
1150 3616 1188 3661 eo
1212 3617 1320 3674 sensu,
1345 3617 1408 3678 quo
1432 3618 1532 3681 supra

281 3705 486 3789 explicatum
510 3709 571 3773 est.
617 3704 703 3769 Nam
728 3705 900 3788 quominus
924 3705 1064 3771 absolute
1086 3703 1236 3788 perfecta
1259 3702 1313 3781 sit,
1337 3702 1450 3769 finitae
1473 3724 1532 3769 na·

280 3816 382 3878 turae
412 3812 557 3877 condicio
586 3811 752 3896 prohibet;
785 3812 849 3877 nisi
881 3815 992 3878 autem
1023 3814 1112 3876 esset
1144 3812 1272 3875 relative
1304 3808 1346 3873 ad
1377 3808 1532 3891 cuiusque

282 3918 507 4001 capacitatem
536 3916 701 4001 perfecta,
732 3938 796 3983 non
825 3921 939 4002 posset
968 3916 1044 3981 inde
1067 3916 1183 3982 ultima
1209 3918 1349 3980 naturae
1371 3915 1532 3999 perfectio

281 4045 344 4090 seu
367 4046 448 4090 vera
469 4025 639 4091 beatitudo
662 4024 750 4091 oriri.

374 4142 462 4227 Erpo
485 4142 518 4205 in
542 4161 744 4223 quocumque
767 4139 906 4205 bominis
936 4141 1027 4204 statu
1051 4137 1120 4203 eius
1149 4136 1317 4203 beatitudo
1342 4135 1532 4220 complenda

281 4250 346 4328 sit,
375 4248 410 4313 in
440 4248 511 4314 sola
534 4249 663 4314 demum
686 4248 743 4314 illa
767 4246 929 4331 spirituali
952 4246 1180 4311 coniunctione
1203 4266 1276 4310 cum
1300 4244 1369 4311 Deo
1394 4243 1532 4311 relative

281 4354 434 4441 perfecta
457 4354 637 4421 consistere
659 4357 780 4438 potest.

374 4476 508 4557 Arpum.
541 4472 608 4537 11.-
638 4470 691 4535 Ad
725 4468 979 4535 confirmandam
1016 4466 1152 4531 eandem
1187 4465 1384 4531 sententiam
1420 4466 1533 4532 valent

279 4600 415 4664 quoque
444 4578 606 4653 rationes,
637 4576 753 4658 quibus
782 4575 848 4641 iam
872 4574 1069 4640 Aristoteles
1099 4594 1176 4637 usus
1200 4576 1251 4637 est
1279 4571 1320 4636 ad
1342 4570 1428 4635 idem
1451 4571 1531 4651 fere,

278 4690 363 4753 licet
392 4683 598 4769 imperfecte,
631 4683 876 4748 adstruendum.
922 4682 991 4759 Ille,
1017 4702 1090 4745 cum
1114 4679 1234 4743 omissa
1258 4677 1343 4742 omni
1368 4676 1457 4743 vitae
1481 4678 1532 4743 fu·

277 4800 380 4861 turae
403 4790 664 4857 consideratione
686 4790 721 4853 in
744 4810 816 4855 eam
840 4793 969 4855 tautum
995 4786 1134 4851 hominis
1157 4784 1391 4869 perlectionem
1421 4805 1460 4850 ac
1482 4784 1532 4850 fe-

277 4898 445 4966 licitatem
474 4896 664 4979 inquireret,
696 4917 761 4977 qua
790 4895 880 4960 nulla
909 4894 956 4959 illi
983 4892 1017 4957 iu
1040 4892 1102 4958 hac
1125 4891 1195 4958 vita
1218 4890 1322 4957 maior
1345 4910 1384 4955 ac
1407 4890 1533 4973 plenior

279 5006 478 5088 contingere
500 5003 615 5088 possit,
638 5003 804 5069 intellexit
826 5006 954 5068 tamen:
1287 5101 1322 5153 4*
