3909 5842
439 717 510 771 Iuris
527 717 589 772 idea
607 735 643 772 ex
660 716 785 773 absoluto
804 718 935 791 principio
953 717 1049 789 panth.
1067 746 1103 756 -
1122 716 1221 773 Schola
1239 717 1399 786 Hegeliana.
1479 722 1543 787 445

297 894 548 973 scindebatur1,
581 915 783 961 communem
813 900 924 963 tamen
956 895 1174 979 Hegelianam
1204 895 1422 961 hereditatem
1451 896 1546 961 innu-

296 1004 395 1069 meris
425 1002 579 1087 deinceps
608 1003 888 1070 lucubrationibus
918 1003 989 1069 sive
1016 1002 1453 1088 philosophico-theologicis
1475 1002 1546 1067 sive

296 1108 467 1174 iuridicis2
489 1112 524 1175 et
546 1108 711 1175 historicis
734 1110 802 1176 late
825 1109 1034 1194 propagavit.

386 1214 502 1281 Novus
524 1216 605 1281 iuris
628 1220 806 1301 conceptus
826 1216 860 1281 iu
874 1216 1069 1300 particulari
1084 1237 1149 1281 non
1164 1219 1235 1281 tam
1249 1215 1433 1281 theoretica
1449 1236 1545 1297 quam

297 1320 447 1404 practica
470 1322 686 1406 etimprimis
709 1324 839 1406 quidem
861 1326 992 1409 politico
1014 1322 1218 1389 fecunditate
1240 1322 1474 1406 amplissimum
1496 1322 1547 1387 in·

299 1427 423 1493 fluxum
447 1430 605 1497 exercuit.
637 1430 814 1495 Multorum
838 1428 1045 1513 politicorum
1068 1428 1186 1495 studiis
1208 1429 1264 1494 ille
1288 1450 1326 1494 eo
1341 1430 1546 1514 potissimum

298 1532 428 1601 nomine
458 1536 758 1615 commendabatur,
789 1536 875 1619 quod
905 1536 982 1602 inde
1010 1536 1169 1601 adversus
1193 1536 1369 1602 anarchiae
1391 1536 1545 1620 pericula,

298 1659 318 1704 a
342 1640 522 1708 subiectivo
548 1642 632 1707 iuris
662 1641 888 1709 rationalismo
920 1642 1067 1720 oriunda,
1099 1645 1315 1725 opportunum
1341 1642 1465 1708 ordinis
1486 1664 1547 1726 pu·

298 1744 375 1811 blici
390 1746 545 1813 fulciendi
561 1747 761 1832 praesidium
785 1752 1029 1833 exspectarent,
1052 1748 1151 1831 idque
1177 1768 1267 1814 mere
1288 1747 1546 1832 philosophicum

304 1855 338 1917 et
367 1852 446 1931 tale,
477 1854 563 1936 quod
593 1854 626 1919 in
656 1854 814 1920 moderna
844 1854 1005 1921 societate
1034 1858 1167 1939 spretae
1196 1854 1358 1938 positivae
1381 1855 1549 1938 religionis

299 1961 412 2042 partes
436 1960 595 2042 expleret.
644 1958 791 2039 Accedit,
817 1962 903 2044 quod
926 1962 1013 2027 idern
1036 1964 1183 2045 systema
1206 1982 1311 2027 novas
1333 1960 1396 2026 iuri
1418 1962 1548 2046 publico

299 2067 333 2130 et
363 2065 427 2131 arti
460 2066 615 2151 politicae
648 2088 781 2133 normas
813 2088 983 2151 novosque
1014 2067 1130 2134 titulos
1162 2067 1399 2151 suppeditaret,
1432 2068 1549 2151 quibus

300 2170 450 2255 publicae
479 2172 657 2257 potestatis
687 2172 846 2241 ambitum
876 2174 910 2239 in
940 2174 1135 2239 immensum
1165 2173 1305 2239 dilatare
1334 2176 1368 2239 et
1398 2174 1440 2239 ad
1469 2175 1549 2240 iuris

301 2277 465 2358 quandam
488 2282 745 2365 omnipotentiam
770 2300 975 2363 exaggerare
999 2280 1124 2347 liceret.
1155 2282 1231 2364 lpse
1247 2280 1386 2362 denique
1401 2280 1468 2347 late
1484 2280 1549 2347 iam

301 2382 471 2449 dominans
500 2388 734 2452 naturalismus
763 2388 900 2469 socialis,
932 2406 1029 2468 quem
1065 2386 1335 2463 ,liberalismum“
1366 2386 1467 2470 vulgo
1490 2408 1549 2471 ap·

302 2488 436 2571 pellant,
466 2491 601 2557 tametsi
629 2491 661 2556 in
686 2492 756 2558 sola
779 2492 851 2558 fere
874 2493 1114 2577 propugnanda
1137 2496 1172 2559 et
1194 2493 1429 2575 exaggeranda
1451 2493 1549 2558 liber·

300 2596 372 2660 tate
395 2597 559 2680 personali
582 2600 617 2663 et
640 2598 729 2663 civili
752 2599 956 2677 adoleverat,
981 2620 1046 2663 non
1069 2601 1182 2664 tamen
1205 2619 1306 2680 aegre
1320 2597 1408 2676 tulit,
1432 2598 1550 2664 utiam

301 2700 409 2767 subito
432 2724 491 2786 pro
514 2703 707 2771 individuali
730 2704 886 2771 libertate
909 2705 1047 2771 libertas
1069 2707 1273 2786 universalis,
1297 2704 1318 2769 i.
1343 2726 1371 2771 e.
1396 2704 1550 2770 voluntas

302 2810 410 2873 status
433 2810 562 2893 publici,
587 2810 772 2877 absolutum
796 2812 974 2895 primatum
997 2814 1182 2895 occuparet.
1215 2810 1287 2875 Hac
1303 2810 1455 2875 nimirum
1470 2809 1550 2875 iuris

301 2912 503 2996 plenitudine
525 2920 673 2983 armatus
696 2921 805 2985 status
829 2917 933 2984 civilis
954 2916 1114 3001 imprimis
1144 2921 1242 3002 aptus
1272 2916 1344 2982 fore
1366 2916 1550 2994 videbatur,

303 3020 367 3101 qui,
398 3020 468 3105 ipse
498 3022 630 3089 interim
661 3025 877 3092 naturalismo
907 3024 1052 3090 imbutus
1082 3024 1176 3107 eique
1200 3024 1400 3100 deserviens,
1432 3026 1551 3089 cuncta

302 3126 397 3192 huius
422 3129 573 3208 consilia,
598 3130 768 3196 societatis
791 3152 907 3215 nempe
930 3130 1195 3195 informationem
1220 3134 1255 3195 et
1277 3129 1440 3195 culturam
1468 3152 1551 3195 merc

302 3236 481 3300 naturalem
507 3244 533 3300 et
553 3258 574 3300 o
592 3236 711 3302 Christi
735 3238 799 3323 lcpe
823 3239 968 3319 solutum,
995 3236 1154 3302 adversus
1177 3236 1346 3301 Ecclesiae
1370 3236 1551 3302 catholicae

304 3359 413 3405 arcem
437 3340 563 3406 invicta
586 3342 735 3425 potentia
759 3346 1005 3425 exsequeretur.
1052 3342 1138 3425 Hinc
1165 3341 1371 3426 potissimum
1394 3342 1552 3423 originem

304 3444 394 3511 ducit
420 3454 542 3527 ,status
564 3447 769 3531 moderaua“,
793 3448 855 3513 hoo
879 3448 1010 3513 nomine
1026 3448 1210 3533 emphatice
1226 3448 1421 3532 appellatus,
1446 3469 1551 3531 quern,

398 3636 406 3669 ¹
426 3636 494 3691 Pars
513 3636 641 3692 audacior
659 3636 783 3703 scholae,
803 3656 872 3707 quae
895 3639 1036 3706 ,sinistra‘
1057 3640 1151 3693 vocari
1168 3638 1253 3704 solet,
1272 3656 1289 3692 a
1306 3638 1447 3709 principiis
1465 3637 1553 3707 Hege-

306 3724 387 3779 lianis
406 3725 543 3792 gradatim
566 3727 600 3781 ad
626 3731 776 3781 extremam
798 3728 939 3795 (moralem
959 3733 988 3782 et
1004 3727 1174 3795 religiosam)
1200 3728 1388 3795 negationem,
1413 3728 1553 3796 usquead

305 3812 543 3867 materialiaticum
568 3814 776 3869 naturalismum
802 3816 920 3871 devenit.
964 3814 1049 3869 Cuius
1075 3815 1274 3885 progressionis
1300 3815 1402 3884 gradum
1426 3816 1470 3869 his
1495 3816 1553 3870 fere

305 3901 461 3955 nominibus
479 3901 637 3969 signantur:
663 3902 754 3957 David
773 3904 898 3969 Strsuss,
924 3904 1017 3958 Bruno
1036 3904 1139 3968 Bauer,
1165 3903 1267 3957 Arnold
1286 3903 1378 3973 Ruga,
1406 3904 1436 3958 L.
1456 3904 1554 3959 Fauer-

306 3986 384 4051 bach,
404 3987 516 4043 Stirner.

397 4078 407 4109 ¹
426 4078 457 4129 ln
476 4077 544 4131 iuris
563 4078 733 4149 philosophia
746 4078 854 4147 Hegalii
875 4079 993 4148 vestigia
1011 4079 1082 4133 inter
1101 4079 1202 4148 primos
1220 4082 1332 4133 secutus
1351 4082 1394 4132 est
1414 4080 1442 4133 0.
1457 4081 1488 4132 L.
1503 4081 1554 4133 Mi·

308 4168 387 4220 obelet
415 4166 535 4237 (System
562 4168 610 4221 dar
634 4167 873 4238 philosophiscben
899 4168 987 4221 bloral
1012 4167 1063 4220 mit
1087 4166 1238 4220 Btlclrsiclrt
1265 4167 1315 4220 auf
1340 4167 1383 4220 die
1406 4168 1555 4238 juridische

307 4256 488 4325 Imputation,
506 4255 598 4309 Berlin
620 4256 702 4318 182&
728 4256 917 4324 Vorlesungsn
935 4256 1002 4310 ttbsr
1027 4256 1071 4309 dia
1088 4254 1307 4310 Persdnlioblreit
1325 4254 1421 4310 Gottes
1439 4256 1493 4310 und
1512 4258 1556 4311 die

308 4343 544 4398 Unaterblicblreit
568 4345 616 4397 der
635 4343 711 4399 Seele
736 4345 801 4399 oder
828 4344 872 4398 die
898 4344 985 4412 ewige
1003 4342 1223 4398 Persdnliehkeit
1247 4342 1296 4398 des
1315 4343 1438 4409 Geistes,
1463 4344 1556 4400 Berlin

310 4433 395 4497 1841;
421 4430 471 4485 Die
496 4431 648 4503 Epiphania
674 4432 722 4487 der
747 4432 851 4501 ewigau
875 4432 1094 4487 Persdnlieblreit
1119 4434 1168 4487 des
1193 4432 1317 4496 Gaistes,
1343 4433 1403 4487 eine
1427 4432 1554 4503 Trilogie,

311 4520 381 4575 1844
393 4536 458 4589 sqq;
485 4520 652 4575 Naturrecht
670 4522 735 4575 oder
754 4520 1040 4591 Rechtspbilosophie,
1060 4520 1151 4575 Berlin
1171 4521 1249 4587 1866,
1269 4522 1343 4590 etc.).
1368 4550 1403 4559 -
1422 4522 1461 4576 llo
1479 4540 1555 4593 prae-

308 4614 385 4665 terea
410 4610 570 4665 referendus
589 4612 640 4665 Ed.
663 4614 738 4664 Garis
765 4610 824 4680 (qui
849 4611 959 4681 scripsit
984 4610 1186 4666 Praefationem
1211 4610 1246 4665 sd
1271 4610 1386 4665 alteram
1411 4611 1555 4667 editionem

308 4700 376 4754 iuris
395 4700 528 4755 naturalis
547 4700 656 4769 Hegalii
675 4717 691 4753 a
710 4717 740 4754 se
758 4704 896 4762 cursim.
918 4700 1001 4765 1833,
1020 4700 1094 4755 Vlll.
1114 4700 1164 4754 Bd.
1183 4699 1231 4753 dar
1249 4698 1352 4752 Werlre
1370 4698 1488 4767 Hegels,
1507 4719 1557 4757 nec

308 4807 363 4843 non
388 4808 455 4861 opus
481 4788 764 4844 historico-iuridieum
792 4788 864 4854 ,Das
890 4790 1024 4844 Brbrecht
1047 4790 1075 4843 in
1100 4787 1396 4857 weltgesobichtlicher
1421 4788 1557 4845 Entwiclr-

308 4876 388 4945 lang,
417 4876 621 4945 1824·=1835);
648 4876 675 4930 0.
700 4878 749 4931 Fr.
772 4878 882 4931 Gdschrl
910 4876 1076 4944 (Zeratrente
1101 4877 1208 4931 Blatter
1234 4893 1283 4930 aus
1309 4877 1361 4931 den
1385 4877 1476 4931 Hand·
1502 4880 1556 4933 und

310 4964 468 5019 Hilisalrten
493 4966 568 5020 eines
592 4965 725 5031 luriaten‚
753 4965 957 5033 1832-1836);
984 4968 1013 5020 J.
1037 4968 1070 5019 Ε.
1094 4966 1237 5017 Erdnrunu
1266 4965 1467 5034 (Vorlesuugen
1492 4967 1559 5021 tiber

310 5054 364 5109 den
383 5051 469 5117 Stuat,
489 5053 569 5107 Halle
590 5054 671 5122 1851)
693 5058 743 5109 eto.
