3909 5842
435 623 500 686 360
661 616 751 672 Sestio
770 616 804 672 ll.
842 615 922 672 Liber
940 618 961 674 1.
1000 616 1090 687 Caput
1107 616 1142 672 11.
1178 615 1320 674 Articulus
1337 617 1364 670 4.
1404 615 1473 684 §2-

435 795 548 880 utique
571 795 726 878 organice
749 797 883 878 praeter
906 816 1035 863 omnem
1057 794 1273 862 intentionem
1296 794 1517 878 singulorum
1546 797 1708 880 paulatin

435 902 573 970 conflari
596 907 710 970 coetus
733 902 840 968 civilia
863 907 985 988 potest,
1015 923 1074 988 pro
1104 901 1270 970 bominum
1298 902 1492 981 ,communi
1519 912 1706 972 comessa*

435 1013 495 1075 aut
518 1031 576 1093 pro
604 1013 720 1094 ,pacto
744 1009 857 1076 sociali
881 1009 1001 1076 libero“
1030 1009 1145 1076 baberi
1167 1008 1298 1087 debent,
1329 1029 1393 1092 quo
1425 1010 1576 1078 scilicet
1601 1033 1709 1078 omna·

436 1117 552 1184 directe
576 1117 621 1184 cd
644 1119 728 1184 bunc
749 1118 843 1202 finem
861 1119 1124 1202 conspiraverint,
1149 1123 1185 1180 ot
1200 1117 1301 1182 cicilia
1316 1119 1455 1184 accidas
1472 1122 1709 1185 constituatur,

436 1224 562 1288 Causae
586 1222 672 1289 enim
696 1224 875 1300 naturales,
907 1244 992 1306 quae
1020 1222 1156 1290 moralis
1183 1221 1306 1287 ordinis
1329 1227 1418 1300 sunt,
1452 1223 1510 1290 ita
1536 1224 1638 1290 inter
1659 1226 1708 1290 ho

435 1329 539 1395 mines
563 1351 655 1395 suum
680 1331 832 1396 effectum
855 1329 1043 1414 generalem
1067 1327 1248 1413 producere
1271 1327 1389 1406 solent,
1414 1335 1456 1395 ut
1482 1329 1522 1396 in
1544 1331 1626 1396 suis
1640 1354 1709 1417 par·

435 1435 627 1502 ticularibus
658 1435 828 1504 elementis
858 1457 963 1518 neque
994 1434 1206 1519 multiplicem
1237 1433 1402 1501 actionum
1430 1436 1707 1520 contingentiam

436 1563 542 1624 neque
562 1541 749 1608 libertatem
766 1541 954 1620 excludant,
978 1541 1037 1606 sed
1054 1544 1172 1606 contra
1187 1538 1317 1606 omnino
1333 1546 1550 1626 supponant
1589 1544 1708 1609 Verum

437 1647 524 1732 quod
546 1647 595 1714 ita
618 1651 816 1732 cooperante
839 1647 1005 1713 hominum
1028 1647 1201 1714 voluntate
1224 1651 1375 1712 sutram
1399 1666 1527 1713 eorum
1546 1671 1708 1716 consenso

436 1755 589 1834 resultat,
620 1776 685 1821 nou
714 1754 836 1820 idcirco
866 1755 931 1820 iam
957 1777 1020 1840 per
1042 1775 1154 1820 eorum
1177 1754 1382 1820 voluntatem
1408 1758 1444 1819 et
1472 1778 1517 1820 cc
1544 1777 1707 1823 consenso

437 1861 518 1940 fieri,
535 1861 639 1927 multo
655 1859 762 1927 minus
778 1859 990 1928 arbitrarium
1006 1859 1147 1926 hominis
1161 1860 1332 1928 inventum
1348 1879 1421 1924 esse
1439 1860 1641 1928 dicendum
1656 1872 1707 1927 aar

438 1997 507 2069 427.
600 2003 630 2068 3.
662 2001 768 2067 Nemo
798 2006 850 2070 est
880 2001 935 2084 qui
965 2005 1082 2084 neget,
1118 2021 1216 2084 posse
1245 1999 1347 2068 etiam
1375 1971 1572 2082 aliduando
1607 2005 1709 2090 quood

439 2109 566 2174 modum
601 2108 825 2192 artificialiter,
858 2107 879 2174 i.
909 2128 937 2174 e.
968 2127 1126 2191 expresso
1157 2105 1323 2172 hominum
1354 2106 1496 2174 consilio
1536 2114 1579 2178 et
1612 2111 1708 2176 libau¹

438 2217 546 2295 pacto,
572 2213 725 2280 civitates
749 2213 915 2290 constitui,
939 2213 1038 2278 immo
1061 2213 1095 2277 in
1119 2213 1221 2278 certis
1243 2233 1352 2278 rerum
1375 2212 1568 2293 adiunctis,
1595 2227 1637 2282 at
1660 2241 1707 2282 ac

438 2327 531 2385 turae
552 2319 672 2403 finitos
695 2321 842 2404 satisfiat,
868 2319 998 2384 omnino
1022 2320 1151 2386 debere.
1198 2319 1235 2384 Id
1259 2339 1339 2384 sane
1362 2318 1549 2403 contingit,
1579 2324 1706 2406 quoties

438 2425 471 2490 in
496 2446 575 2491 casu
600 2427 802 2509 particulari,
827 2426 1039 2493 cohabitante
1060 2426 1138 2492 licet
1153 2425 1272 2492 alicubi
1287 2424 1455 2490 hominum
1472 2429 1705 2496 multitudine.

438 2531 571 2598 socialis
593 2536 714 2599 natura
737 2532 778 2598 ob
802 2531 934 2613 aliquod
957 2531 1226 2617 impedimentum
1249 2530 1454 2598 accidentale
1485 2554 1597 2599 suum
1632 2557 1705 2620 opis

439 2638 495 2705 via
519 2637 685 2704 ordinaria
709 2659 766 2704 seu
791 2638 945 2720 organice
968 2639 1127 2722 perticere
1149 2658 1215 2704 nou
1238 2637 1355 2721 potuit,
1387 2640 1446 2705 aut
1473 2639 1535 2704 ubi
1565 2647 1705 2708 naturae

440 2765 522 2827 opus
545 2743 735 2826 organicum
759 2745 836 2810 olim
859 2745 1088 2828 praeexistens
1111 2743 1307 2812 accidentali
1330 2747 1463 2823 eventu,
1490 2766 1525 2812 v.
1554 2768 1593 2828 g.
1621 2770 1703 2814 coru·

442 2851 533 2934 pleta
564 2850 737 2926 anarcbia,
769 2850 887 2916 iterum
921 2851 1055 2918 interiit.
1111 2850 1175 2917 Sed
1204 2849 1267 2916 boc
1296 2849 1407 2915 thesin
1435 2871 1504 2918 non
1537 2852 1701 2920 invalida

440 2956 499 3024 sed
522 2957 693 3024 confirmat
706 2959 726 3022 1.

441 3093 512 3167 428.
605 3101 635 3166 4.
660 3099 806 3164 Nostrae
830 3098 915 3164 thesi
941 3102 1140 3182 apparenter
1163 3096 1292 3180 quidem
1318 3097 1437 3181 opponi
1460 3099 1606 3165 videtur
1628 3123 1697 3166 san·

439 3205 546 3272 tentia
579 3207 611 3272 S.
642 3209 818 3291 Augustini
852 3205 1055 3287 aliorumque
1090 3203 1303 3288 complurium
1336 3204 1540 3270 christianae
1578 3208 1696 3273 aetatis

440 3312 646 3396 scriptorum,
671 3312 726 3394 qui
750 3312 846 3377 civile
870 3312 1039 3396 imperium
1064 3309 1171 3393 magis
1193 3309 1226 3374 in
1250 3313 1388 3376 naturae
1411 3309 1583 3377 humanae
1606 3317 1694 3400 lupa

442 3439 538 3500 quam
562 3419 596 3483 in
619 3421 740 3483 natura
762 3417 893 3484 fundari
917 3417 1097 3494 docebant3
1121 3419 1212 3482 recte
1232 3420 1344 3482 autem
1359 3415 1532 3483 intellecta
1547 3419 1694 3484 camilla

440 3523 588 3606 perfecte
611 3523 813 3592 conciliatur.
846 3523 975 3608 Duplici
1000 3523 1085 3588 enim
1108 3523 1204 3590 modo
1220 3523 1288 3590 ista
1301 3522 1468 3590 sententia
1482 3523 1691 3590 verissimum

442 3649 573 3694 sensum
597 3649 702 3712 nequa
725 3629 810 3697 thesi
834 3633 968 3696 nostrae
991 3629 1166 3696 adversum
1191 3628 1335 3707 exhibet,
1358 3648 1492 3712 nempe:

532 3743 566 3826 a)
590 3744 692 3810 Civile
715 3743 885 3828 imperium
903 3744 1093 3828 accipiendo
1109 3765 1173 3810 non
1190 3748 1259 3811 tam
1275 3743 1452 3811 secuudum
1468 3746 1582 3810 ideam
1598 3769 1691 3830 quam

442 3851 618 3917 secundum
634 3853 774 3934 formam
790 3855 984 3933 histor-icam,
1001 3872 1099 3933 quam
1115 3851 1197 3916 illud
1208 3851 1343 3917 realiter
1354 3849 1499 3917 induisse
1515 3852 1691 3937 aliquando

442 3957 600 4036 videmus,
620 3961 655 4024 et
670 3979 736 4040 qua
750 3959 837 4024 idem
853 3958 1059 4044 potissimum
1075 3958 1235 4024 adversus
1251 3957 1509 4024 facinorosorum
1526 3959 1689 4027 bominum

443 4066 614 4132 audacium
631 4070 665 4133 et
680 4065 856 4132 indomitas
871 4067 1051 4150 passiones,
1076 4065 1236 4130 communi
1253 4063 1425 4131 securitati
1440 4063 1592 4144 infestas,
1609 4072 1690 4133 tam·

443 4192 540 4254 quam
564 4172 687 4238 ordinis
711 4193 750 4238 ac
773 4172 889 4238 iuriam
912 4172 1111 4256 praesidium
1133 4172 1244 4257 plodio
1269 4179 1433 4237 cttcrrcre
1449 4179 1614 4238 armatam
1629 4177 1688 4239 eri·

376 4285 379 4290 “
443 4277 541 4360 gitur.
589 4277 681 4345 Haec
711 4279 862 4363 specialis
891 4279 1001 4344 forma
1031 4277 1136 4344 civilis
1165 4277 1292 4362 imperii
1320 4297 1400 4342 sane
1422 4276 1531 4358 magis
1554 4281 1688 4345 satirae

442 4387 553 4470 topace
582 4389 682 4467 atque
712 4384 744 4449 in
775 4385 896 4451 malum
928 4405 1052 4469 pronae
1082 4405 1180 4467 quam
1203 4387 1344 4449 naturae
1367 4380 1563 4464 simpliciter
1585 4383 1686 4448 dictae

444 4491 719 4557 accommodatur.

532 4597 567 4678 b)
595 4597 697 4662 Civile
726 4597 897 4682 imperium
927 4601 1028 4680 atque
1057 4596 1168 4662 civilia
1196 4595 1351 4662 instituta
1374 4595 1596 4678 comparando
1618 4617 1682 4661 cum

445 4725 482 4768 eo
513 4707 604 4771 statu
634 4703 756 4782 sociali,
789 4704 841 4786 qui
873 4704 1015 4770 humano
1043 4703 1157 4786 generi
1181 4702 1364 4784 obtigisset,
1394 4700 1457 4766 nisi
1480 4699 1681 4782 originariam

538 4963 544 4992 ¹
565 4959 606 5013 Cf.
626 4959 675 5014 Die
695 4960 865 5015 Grundalitae
884 4961 932 5015 der
951 4960 1122 5016 Sittlicbkeit
1140 4961 1193 5014 und
1213 4960 1262 5016 des
1281 4960 1384 5014 Rechts
1403 4961 1420 5028 ἦ
1440 4960 1492 5015 105
1511 4960 1574 5016 222.
