3909 5842
719 675 760 731 De
780 675 929 746 ‚principio
947 674 1136 731 moralitatis“.
1484 679 1546 743 129

292 842 368 913 158.
459 842 495 924 b)
517 843 748 909 Utilitarismue
771 844 997 928 individualis,
1029 842 1084 927 qui
1115 843 1264 927 regulam
1294 842 1370 908 boni
1400 846 1434 909 et
1458 842 1546 919 meli,

291 948 377 1017 iusti
408 954 443 1015 et
465 948 578 1014 iniusti
600 970 665 1013 non
689 948 788 1014 aliam
812 970 885 1014 esse
909 949 989 1016 dicit
1012 970 1109 1032 quam
1134 948 1290 1017 utilitatis
1314 948 1355 1015 ad
1379 969 1435 1015 eos
1458 948 1548 1015 vitae

292 1056 392 1134 fines,
423 1076 506 1137 quos
537 1052 674 1137 quisque
704 1075 763 1138 pro
794 1075 853 1120 suo
883 1054 1054 1121 felicitatis
1085 1055 1194 1122 studio
1219 1054 1280 1120 sibi
1304 1055 1548 1137 consequendos
1585 1100 1588 1104 -

293 1160 538 1245 praestituerit.
570 1161 641 1225 Hoc
664 1160 858 1245 principium
881 1162 1012 1227 nomine
1036 1162 1142 1245 magis
1165 1183 1263 1245 quem
1286 1182 1323 1227 re
1345 1162 1549 1247 asuperiore

295 1266 459 1351 distingui
482 1288 541 1351 per
564 1287 600 1332 se
623 1265 834 1331 manifestum
858 1271 920 1335 est.
965 1268 1151 1351 Utrumque
1173 1268 1423 1335 fundamentum
1449 1268 1549 1335 habet

295 1373 470 1439 exclusive
484 1377 663 1451 terrenum,
684 1374 911 1453 subiectivum,
936 1374 1147 1457 contingens;
1172 1379 1373 1459 quapropter
1391 1375 1489 1440 etiam
1507 1375 1549 1439 ad

300 1478 564 1563 ¹,positivismum
596 1479 787 1557 moralenr,
819 1480 873 1563 qui
901 1501 997 1545 omne
1028 1480 1199 1547 discrimen
1230 1481 1353 1549 morale
1384 1480 1548 1547 actionum

296 1585 534 1667 contingenter
556 1584 598 1650 ab
621 1583 752 1649 homine
774 1585 942 1651 inductum
967 1606 1040 1651 esse
1064 1587 1169 1665 docet,
1195 1608 1235 1651 ea
1258 1586 1418 1653 communi
1442 1586 1549 1653 indole

296 1692 440 1770 accedit,
465 1691 550 1774 quod
574 1690 749 1774 genuinam
773 1692 995 1761 moralitatem
1018 1696 1151 1759 actuum
1169 1692 1383 1759 humanorum
1399 1713 1463 1758 non
1479 1696 1548 1759 tam

296 1798 446 1883 explicet
470 1818 567 1881 quam
589 1818 725 1879 prorsus
749 1817 766 1862 e
790 1798 897 1863 medio
920 1800 1027 1865 tollat.

392 1906 538 1973 Fuerunt
568 1906 669 1971 etiam
699 1904 755 1987 qui
785 1926 850 1970 nou
880 1910 949 1971 tam
981 1928 1023 1971 ex
1050 1912 1290 1993 praeconcepto
1325 1906 1549 1991 philosophiae

296 2011 462 2097 principio
486 2032 583 2094 quem
607 2031 650 2076 ex
671 2012 852 2078 subiectivo
869 2013 1011 2095 quodam
1027 2014 1231 2098 pessimismo
1248 2018 1282 2079 et
1298 2013 1391 2096 quasi
1407 2013 1447 2077 de
1463 2011 1550 2077 omni

298 2118 422 2184 morali
444 2118 580 2184 hominis
611 2118 796 2184 elevatione
826 2120 1040 2204 desperantes
1070 2120 1102 2185 in
1133 2121 1202 2185 solo
1232 2120 1370 2203 denique
1394 2118 1549 2201 egoismc‚

298 2223 576 2307 quemadmodum
600 2225 755 2308 practice,
778 2226 828 2291 ita
850 2230 885 2291 et
907 2227 1088 2293 theoretice
1112 2227 1341 2309 quiescendum
1366 2247 1437 2290 esse
1453 2230 1550 2309 puta·

298 2332 389 2395 rent.
421 2328 475 2393 Sic
493 2328 559 2394 iam
581 2349 668 2397 saec.
685 2330 779 2395 XVII
794 2331 1103 2415 Larooliefoucauld,
1127 2331 1160 2395 in
1185 2352 1224 2396 ea
1244 2352 1280 2397 re
1296 2331 1461 2397 Hobbesio
1485 2352 1549 2397 non

298 2434 480 2502 dissimilis.
504 2436 584 2501 nihil
608 2435 679 2501 fere
700 2436 734 2501 in
758 2440 877 2501 natura
901 2436 1044 2503 humane
1065 2458 1256 2521 expressum
1277 2438 1400 2521 reperit
1423 2438 1485 2503 nisi
1501 2438 1550 2502 in-

298 2539 427 2606 victum
452 2541 574 2606 amoris
596 2540 718 2625 proprii
743 2541 928 2617 stimulum;
953 2542 1038 2607 unde
1057 2542 1186 2607 unicum
1203 2543 1351 2608 omnibus
1367 2542 1550 2609 actionibus

299 2645 456 2711 humanis
472 2647 630 2712 motivum
648 2667 721 2711 esse
737 2646 916 2712 utilitatem
931 2648 1098 2732 propriam
1115 2648 1251 2725 censuit,
1275 2647 1315 2713 iis
1331 2649 1440 2726 etiam,
1466 2670 1550 2731 quae

298 2872 397 2925 motifs
416 2889 469 2940 que
487 2872 536 2925 des
554 2872 669 2925 intersis
687 2871 835 2941 palpables.
855 2873 974 2927 certaine
993 2878 1021 2928 et
1039 2878 1163 2943 presente
1177 2916 1183 2928 .
1198 2916 1203 2927 .
1219 2916 1225 2929 .
1244 2874 1270 2927 le
1289 2876 1375 2943 grand
1388 2892 1437 2944 pas
1450 2892 1502 2944 qus
1515 2892 1551 2929 ve

299 2960 374 3013 faire
397 2959 425 3013 la
450 2959 618 3014 civilisation
643 2961 794 3013 consistere
820 2961 888 3014 dans
907 2960 1132 3035 l'etablisaement
1158 2962 1190 3015 de
1209 2962 1236 3015 la
1255 2962 1357 3016 morale
1376 2966 1504 3017 terrestre
1523 2966 1551 3017 at

299 3048 431 3119 positive.
467 3048 539 3103 Mais
566 3067 602 3103 un
628 3049 702 3103 aussi
725 3050 812 3115 grand
837 3049 999 3104 travail...
1019 3050 1090 3105 n’est
1116 3068 1164 3121 pas
1189 3050 1328 3119 l'ouvrage
1347 3050 1410 3105 d’un
1426 3052 1489 3121 jour
1503 3094 1508 3104 .
1524 3094 1549 3103 ..

304 3138 352 3206 (il)
373 3140 439 3208 peut
457 3142 515 3191 atre
533 3138 649 3205 regardd
667 3156 772 3191 comme
785 3143 870 3207 ayant
883 3142 1038 3192 commence
1051 3158 1100 3209 par
1113 3140 1139 3193 la
1152 3140 1326 3193 reformetion
1340 3140 1374 3193 de
1387 3138 1507 3192 Lutber.
1525 3182 1528 3190 .
1545 3182 1549 3191 .

300 3228 322 3281 il
342 3230 418 3281 reste
437 3229 453 3280 a
471 3227 540 3280 faire
558 3225 600 3279 les
625 3229 744 3280 travaru
763 3226 984 3296 philosophiques
1003 3227 1186 3291 neccessitas,
1210 3244 1277 3297 pour
1295 3227 1384 3281 servir
1401 3232 1491 3281 tontes
1510 3226 1551 3280 les

300 3316 387 3380 idaea,
406 3332 475 3386 pour
491 3314 533 3369 les
551 3314 656 3369 asseoir
672 3332 721 3368 sur
739 3314 779 3369 les
798 3315 935 3385 principes
953 3316 987 3369 de
1006 3314 1158 3369 l'iudustrie
1172 3358 1177 3369 .
1193 3356 1220 3369 ..
1245 3316 1316 3369 Mais
1335 3333 1366 3369 ce
1384 3314 1469 3369 serait
1488 3314 1551 3367 lolie

301 3422 357 3473 que
382 3404 416 3458 de
434 3403 541 3457 vouloir
566 3403 720 3474 supprimer
741 3402 935 3477 actuellement
953 3402 994 3457 les
1012 3403 1182 3457 institutione
1200 3403 1317 3458 morales
1336 3402 1382 3471 qui
1400 3402 1552 3456 subsistent

301 3510 417 3559 encore,
442 3491 608 3546 dest-bdire
628 3491 670 3546 les
688 3491 858 3546 institutione
876 3490 1045 3559 religieuses.
1083 3490 1123 3545 Οιι
1145 3491 1180 3545 l’a
1198 3494 1274 3545 tenta
1293 3491 1360 3545 dans
1378 3495 1456 3545 notre
1474 3494 1550 3545 revo-

301 3582 406 3644 lution;
425 3580 495 3634 mais
513 3581 589 3635 aussi
607 3580 697 3650 qu'est
715 3581 735 3635 11
754 3581 867 3635 arrivs?
882 3623 887 3633 .
902 3622 908 3633 .
924 3622 930 3633 .
949 3586 1030 3650 apres
1043 3581 1182 3650 beaucoup
1201 3581 1234 3635 de
1247 3582 1385 3635 melheurs
1404 3598 1437 3635 on
1457 3597 1489 3633 en
1509 3583 1552 3635 est

301 3687 408 3725 ravenn
427 3686 463 3723 au
475 3669 552 3739 point
564 3668 597 3721 de
610 3668 715 3738 depart.
739 3669 763 3721 11
776 3686 809 3721 en
822 3672 865 3723 eat
877 3670 913 3722 du
926 3670 1071 3723 sacerdoce
1084 3686 1188 3723 comme
1201 3669 1234 3722 de
1247 3669 1274 3722 la
1286 3672 1415 3738 royaute:
1434 3668 1551 3723 l'anean·

301 3760 341 3813 tir
365 3762 411 3811 eet
432 3757 590 3828 impossible
608 3776 719 3821 encore;
746 3757 814 3811 c’est
832 3776 885 3812 une
903 3775 997 3813 oeuvre
1016 3759 1137 3813 destines
1157 3762 1173 3813 a
1191 3776 1240 3811 nos
1259 3758 1439 3813 descendants
1459 3760 1487 3812 et
1505 3758 1551 3827 qui

300 3845 493 3915 s’accomplira
518 3845 709 3917 paieiblement
732 3845 925 3911 delle-meme,
950 3847 975 3901 si
1000 3864 1068 3901 noue
1093 3865 1211 3901 sommas
1237 3864 1314 3901 assez
1332 3864 1413 3915 seges
1433 3864 1500 3917 pour
1518 3864 1552 3900 ne

301 3952 353 4007 pas
373 3934 481 3989 vouloir
505 3939 600 3989 sauter
622 3952 673 4005 par
698 3934 795 3989 desan
819 3953 873 3990 une
894 3937 1053 4003 generation
1067 3977 1073 3989 .
1089 3977 1115 3989 ..
1154 3936 1175 3988 ll
1195 3940 1238 3989 est
1255 3936 1412 4005 impossible
1431 3936 1464 3989 de
1483 3950 1552 3989 rem-

301 4024 398 4095 plncer
415 4027 477 4077 tout
488 4026 505 4077 t
517 4041 587 4093 coup
605 4022 831 4091 l’enseignement
848 4024 1023 4093 theologique
1042 4025 1074 4079 de
1094 4026 1121 4078 la
1140 4024 1241 4079 morale
1260 4042 1311 4094 par
1328 4024 1553 4092 l’enseignement

301 4112 465 4175 industriel;
484 4112 554 4167 mais
572 4112 593 4165 il
611 4116 655 4165 eet
672 4115 729 4165 tr'es
747 4111 866 4181 possible
884 4116 901 4166 a
919 4114 1039 4167 faciliter
1057 4114 1082 4166 le
1101 4130 1218 4183 passage
1238 4113 1270 4167 de
1289 4112 1344 4167 l’un
1363 4113 1489 4167 bl'autre
1503 4156 1509 4165 .
1524 4156 1550 4166 ..

303 4202 341 4255 Le
360 4218 460 4270 moyen
485 4200 511 4254 le
530 4201 616 4255 voici:
642 4200 708 4254 c‘est
733 4201 839 4254 obtenir
865 4200 898 4255 de
916 4205 994 4255 notre
1019 4201 1171 4271 parlement
1197 4219 1249 4255 une
1267 4202 1303 4255 loi
1322 4219 1355 4255 en
1374 4206 1453 4255 verbu
1473 4203 1506 4255 de
1526 4204 1552 4255 la

303 4289 411 4359 quelle:
430 4290 488 4341 Nur
502 4306 536 4342 ne
549 4306 659 4357 pererro
679 4293 732 4342 dere
745 4290 867 4343 ordenare
878 4293 981 4357 pretre,
1000 4293 1043 4344 s'e'l
1063 4294 1107 4344 n'a
1126 4292 1233 4359 proved,
1252 4308 1306 4358 por
1318 4308 1356 4344 ua
1369 4307 1480 4343 women
1489 4291 1553 4358 prd-

303 4380 401 4446 aluble,
419 4378 487 4445 qu'il
499 4386 536 4431 eat
548 4395 584 4430 αιι
598 4386 713 4431 corrant
725 4380 771 4431 dea
779 4381 949 4446 principales
961 4382 1166 4433 connaissance
1178 4382 1298 4447 acquires
1309 4382 1381 4431 darre
1392 4380 1428 4432 les
1440 4380 1553 4432 acienms

302 4469 437 4537 positivae,
450 4470 509 4519 εἰει
519 4467 537 4519 d
547 4468 607 4519 dire
617 4468 683 4534 qu'il
688 4468 798 4534 posside
808 4469 844 4519 les
852 4466 974 4520 timente
983 4470 1027 4521 des
1040 4467 1258 4535 molbernatiques
1266 4484 1351 4535 patres
1360 4475 1384 4520 et
1393 4468 1552 4537 oppilarem,

302 4559 335 4610 de
353 4557 383 4609 la
396 4555 539 4624 pbyaipue,
558 4556 591 4606 de
608 4556 637 4606 lo
656 4555 750 4607 claimie
769 4561 792 4607 et
810 4557 842 4607 de
861 4557 887 4607 lo
903 4556 1077 4623 physiolopie.
1098 4585 1130 4592 —
1150 4554 1242 4608 Feitee
1261 4554 1360 4623 qu'une
1376 4555 1487 4623 pareille
1500 4556 1552 4609 dis·

302 4644 424 4716 position
442 4643 496 4697 soit
514 4643 638 4713 adoptes,
657 4647 685 4697 et
704 4644 751 4697 des
770 4643 825 4698 lors
844 4643 885 4697 les
904 4644 1082 4699 instructions
1100 4642 1284 4697 sacerdotales
1302 4643 1450 4712 prendront
1468 4645 1553 4699 force·

302 4736 380 4787 ment
397 4749 435 4785 un
454 4735 593 4785 caractere
611 4730 708 4801 positis
713 4774 719 4791 .
738 4731 764 4784 le
782 4736 874 4801 pretre
893 4749 1001 4787 cessere
1020 4735 1036 4787 t
1055 4748 1107 4801 peu
1127 4734 1189 4801 pres
1208 4730 1291 4785 d’etre
1311 4731 1465 4800 theologica
1486 4750 1553 4795 nour

300 4821 416 4877 devenir
434 4837 552 4890 presque
571 4819 737 4889 philosophe.
764 4818 803 4874 Or
821 4838 852 4875 ce
871 4837 968 4890 moyen
989 4823 1031 4875 est
1043 4824 1100 4874 tres
1113 4819 1277 4889 praticable;
1297 4820 1317 4873 il
1335 4838 1369 4875 ne
1388 4822 1439 4875 fait
1457 4838 1507 4891 pas
1525 4820 1553 4875 la

301 4910 427 4965 moindre
445 4908 569 4962 violence
587 4927 642 4962 aux
661 4909 831 4963 institutione
849 4908 1018 4977 religieusee,
1038 4908 1057 4962 il
1076 4925 1109 4962 ne
1123 4908 1179 4962 doit
1192 4911 1324 4978 eprouver
1343 4908 1436 4963 d'elles
1449 4926 1553 4983 aucune

301 4999 482 5071 opposition‘

355 5096 463 5147 Ποῖον,
478 5093 517 5134 lus
531 5092 642 5135 naturale.
663 5092 680 5134 1.
701 5092 741 5135 Ed.
755 5094 774 5134 2.
1330 5086 1346 5137 9
