3909 5842
436 675 499 738 144
668 669 757 725 Sectio
777 671 797 725 l.
836 670 915 725 Liber
933 671 966 725 ΙΙ.
1004 671 1094 742 Caput
1111 672 1132 726 l.
1169 671 1310 728 Atticulae
1331 673 1354 726 l.
1390 671 1451 740 53.

433 847 529 914 modo
553 847 670 914 dissita
693 849 751 914 illa
773 853 873 931 atque
896 849 986 916 inter
1008 869 1044 914 se
1067 848 1250 933 pugnantia
1270 847 1480 914 commiscere
1496 849 1625 931 quidem
1640 849 1678 914 ad

434 953 703 1036 qualemcumque
730 953 908 1020 violentam
934 955 1112 1036 unitatem,
1144 955 1320 1022 conciliare
1348 959 1461 1020 autem
1491 959 1527 1022 et
1555 954 1678 1021 interne

434 1059 527 1124 unire
550 1081 754 1143 nequaquem
778 1061 893 1128 valuit.
939 1061 1011 1127 Nec
1034 1062 1169 1134 mirum;
1192 1083 1334 1144 namque
1357 1081 1471 1126 verum
1496 1066 1532 1128 et
1553 1061 1677 1127 unicum

433 1165 610 1232 remedium
628 1171 744 1234 contra
759 1168 950 1234 intestinum
965 1169 1046 1234 illud
1059 1168 1237 1246 dissidium,
1254 1168 1287 1234 in
1300 1172 1415 1234 vetere
1428 1168 1544 1234 schola
1554 1167 1676 1251 quidem

433 1273 649 1352 notissimum,
681 1295 753 1340 cum
784 1275 898 1340 eadem
930 1295 950 1340 a
980 1277 1113 1342 saeculo
1144 1276 1370 1358 consepultum
1401 1280 1437 1342 et
1460 1277 1676 1358 contemptum

433 1379 572 1446 iacebat.
604 1378 711 1456 Quare
735 1381 876 1446 Kantius
900 1381 932 1446 in
956 1403 1017 1447 sua
1041 1381 1268 1464 disquisitione
1290 1381 1411 1466 partim
1427 1381 1541 1447 Humii
1563 1379 1676 1465 partim

435 1486 652 1570 Shaftesbury
680 1488 825 1570 vestigia
849 1509 1001 1571 premens
1024 1509 1083 1572 per
1106 1492 1323 1575 aspirismam
1346 1489 1476 1571 quidem
1501 1488 1545 1552 ad
1566 1486 1677 1570 ecepti-

434 1592 579 1670 cismum,
604 1614 663 1677 per
686 1595 889 1660 idealismam
913 1615 993 1659 vero
1016 1596 1057 1660 ed
1080 1595 1223 1660 ethicum
1239 1593 1400 1677 quondam
1414 1597 1598 1681 pariamam
1614 1591 1677 1658 eola

435 1702 631 1766 autonomae
647 1699 785 1766 rationis
801 1699 875 1782 lege
890 1699 1064 1765 fundatum
1080 1705 1181 1784 atque
1196 1699 1238 1766 ab
1254 1701 1342 1766 omni
1358 1700 1519 1783 religione
1541 1699 1678 1764 emanci-

435 1810 547 1889 patum
570 1805 713 1874 devenit.
745 1807 841 1873 Unde
858 1811 892 1873 et
911 1807 1116 1885 ,stoiciemue
1132 1806 1366 1874 resuscitatue“
1385 1807 1521 1873 moralis
1536 1805 1679 1872 doctriua

435 1912 549 1978 Kantii
571 1913 689 1979 merito
713 1915 907 1998 appellatur.

525 2019 798 2086 Fundamentelia
821 2020 916 2086 huius
939 2019 1123 2104 principia¹
1146 2019 1228 2085 haec
1250 2019 1322 2085 fere
1344 2025 1437 2086 sunt:
1467 2019 1618 2098 ,Natura
1631 2039 1680 2084 ra-

435 2127 569 2194 tionalis
599 2131 650 2193 est
679 2128 755 2211 finis
782 2130 817 2192 in
841 2149 874 2192 se
897 2127 1031 2198 (Zweck
1054 2147 1097 2192 an
1120 2125 1188 2192 sich
1213 2126 1369 2208 sclbst)“;
1394 2163 1438 2173 —
1461 2126 1680 2212 proindeque

436 2235 608 2302 rationalis
637 2235 749 2310 ,homo
772 2234 843 2318 ipse
866 2239 1035 2316 tamquam
1051 2234 1125 2299 finis
1149 2233 1183 2298 in
1205 2255 1242 2299 se
1265 2233 1475 2300 exsistit...
1500 2233 1553 2298 cui
1577 2232 1680 2298 nullus
1783 2320 1784 2323 Ἴ

437 2342 520 2408 alius
542 2342 616 2408 finis
636 2342 790 2408 substitui
814 2341 928 2425 possit,
954 2342 996 2408 ad
1012 2363 1107 2424 quem
1124 2341 1196 2425 ipse
1212 2344 1250 2406 ut
1265 2339 1407 2407 medium
1423 2340 1625 2406 ordinetur“.
1641 2375 1680 2384 -

436 2449 480 2514 Et
508 2450 593 2514 hanc
624 2447 817 2531 dignitatem
849 2467 914 2513 non
945 2447 1050 2513 solum
1074 2447 1296 2530 uuusquisque
1319 2445 1353 2512 in
1375 2467 1421 2524 se,
1452 2447 1510 2512 sed
1535 2446 1680 2511 similiter
1783 2426 1784 2461 ³

436 2556 469 2620 in
500 2555 649 2622 omnibus
680 2557 753 2624 aliis
784 2559 914 2624 entibus
945 2556 1161 2622 rationalibus
1191 2558 1352 2637 agnoscat
1380 2575 1516 2620 necesse
1540 2559 1601 2620 eet.
1646 2554 1678 2618 ln

437 2663 599 2746 aonelipso
629 2662 731 2746 igitur
761 2663 856 2729 homo
881 2664 959 2744 (non
990 2683 1090 2748 supra
1120 2661 1173 2726 vel
1197 2665 1296 2727 extra
1318 2663 1378 2741 se),
1412 2661 1679 2744 quemadmodum

436 2768 543 2845 finem,
575 2768 623 2834 ita
653 2773 688 2834 et
721 2773 922 2851 ,oblecticium
952 2771 1123 2835 volontatis
1150 2771 1365 2854 praecipium
1392 2767 1493 2854 hahet
1516 2771 1679 2849 nmquam

437 2875 585 2955 regulam
610 2876 766 2942 moralem
792 2879 977 2959 obsoletam,
1003 2895 1088 2959 quae
1111 2875 1207 2940 simul
1231 2875 1277 2942 sit
1301 2877 1371 2957 ,lec
1391 2877 1537 2959 practico
1560 2877 1680 2939 unirer·
1782 2926 1783 2943 2

431 2979 547 3061 salis“,
573 2981 592 3046 i.
611 3001 638 3046 e.
656 2981 808 3049 similiter
831 2964 980 3048 absolute
997 2981 1146 3063 obligans
1162 3001 1275 3045 omnes
1291 2981 1481 3046 voluntates
1495 2979 1679 3046 rationales.

437 3084 483 3150 Ut
507 3091 618 3152 autem
643 3087 801 3154 eiusmodi
824 3089 1005 3172 prectioum
1022 3086 1160 3152 rationis
1175 3085 1369 3170 principium
1386 3103 1505 3150 revera
1520 3086 1577 3150 lex
1598 3085 1680 3162 ,uni-

436 3191 593 3258 versalis“
629 3213 702 3259 esse
732 3194 847 3279 possit,
879 3195 977 3260 debet
1007 3213 1079 3258 esse
1108 3213 1190 3276 pure
1215 3190 1403 3274 ,formole¹‘,
1433 3192 1453 3256 i.
1479 3211 1508 3257 e.
1533 3196 1680 3258 constare

436 3299 504 3362 solo
526 3304 668 3385 penoraa'
689 3301 798 3384 forma
814 3301 907 3384 logie,
933 3321 1017 3383 quae
1033 3302 1084 3364 est
1099 3299 1205 3382 ipsum
1223 3301 1258 3363 rh
1274 3317 1347 3363 esee
1363 3299 1523 3364 dictamen-
1539 3301 1679 3378 rationis,
1781 3296 1782 3299 '

436 3405 659 3473 abstractione
688 3407 780 3474 facta
810 3409 851 3474 ab
882 3408 969 3472 omni
1003 3407 1176 3488 ,molera'ff
1210 3427 1268 3470 eeu
1298 3405 1425 3472 obiecto
1453 3404 1678 3472 determinato.

436 3510 522 3578 circa
546 3514 630 3594 quod
655 3514 819 3582 dictamen
842 3520 1005 3592 versetur,
1030 3535 1157 3580 necnon
1179 3514 1221 3578 ab
1246 3512 1334 3578 omni
1349 3517 1501 3596 respectu
1517 3512 1561 3578 ad
1577 3513 1679 3587 finem,

437 3618 491 3700 qui
514 3639 579 3685 uon
602 3621 646 3685 sit
669 3621 741 3704 ipsa
765 3643 847 3705 pura
871 3620 1089 3686 rationalitas.
1122 3620 1222 3685 Secue
1246 3617 1332 3685 enim
1356 3619 1389 3684 in
1413 3619 1552 3685 rationis
1567 3619 1679 3702 legem,

436 3745 520 3805 quae
551 3747 608 3809 pro
639 3747 698 3792 suo
727 3727 857 3805 ,valore
889 3727 1058 3794 absolute“
1086 3729 1159 3792 tota
1182 3745 1256 3790 esse
1279 3725 1378 3792 debet
1401 3727 1560 3810 opriori,
1591 3724 1681 3789 indu·

437 3837 566 3896 ceretur
590 3832 786 3900 elementum
810 3834 1000 3917 empiricam
1023 3854 1081 3898 seu
1106 3855 1127 3898 o
1142 3836 1315 3918 posteriori
1331 3837 1401 3898 tum
1416 3831 1573 3898 rationali
1590 3837 1682 3897 soto·

436 3937 564 4003 nomiae
587 3943 657 4004 tum
680 3939 925 4006 universalitati
948 3939 1159 4006 contrarium.
1206 3938 1332 4005 Eadem
1355 3937 1494 4004 ratiouie
1516 3938 1585 4014 lex,
1609 3937 1681 4020 quia

435 4043 683 4111 sensualitatem
715 4049 749 4110 et
779 4047 916 4112 affectus
943 4045 1172 4130 pathologicoe
1194 4045 1398 4130 superandos
1420 4043 1530 4122 habet,
1563 4043 1683 4110 homini

326 4225 330 4234 ,
435 4173 507 4218 sese
538 4153 672 4219 exhibet
695 4157 863 4236 tamquam
890 4156 1117 4239 ,imperatione
1141 4151 1366 4237 coteporicus“,
1397 4151 1473 4235 quia
1497 4150 1683 4234 categorico

436 4263 470 4326 et
493 4259 686 4344 simpliciter
709 4260 851 4343 imperat
874 4259 924 4325 sui
948 4259 1050 4343 ipsius
1072 4259 1193 4342 gratia,
1217 4278 1282 4324 non
1306 4257 1533 4323 condicionate
1555 4260 1682 4322 tantum

436 4370 493 4432 aut
516 4365 737 4450 hypothetice,
768 4387 825 4431 seu
849 4366 991 4431 medium
1013 4365 1220 4449 praecipiens
1244 4364 1463 4429 necessarium
1487 4362 1619 4446 quidem
1641 4361 1682 4428 ad

435 4473 637 4556 propositum
668 4473 799 4554 aliquod
823 4472 941 4537 honum
966 4472 1247 4554 consequendum
1278 4491 1342 4553 quo
1365 4489 1444 4535 casu
1467 4467 1682 4552 imperativus
1778 4482 1779 4487 ’

435 4583 523 4643 esset
539 4583 666 4645 tantum
689 4579 968 4663 ,hypotheticue“,
986 4599 1051 4643 nou
1068 4581 1179 4644 autem
1196 4577 1379 4654 ,moralie“.
1405 4575 1522 4659 Itaque
1533 4597 1681 4660 supremo

435 4687 485 4752 loa
514 4689 655 4768 moralia,
687 4685 788 4750 solius
819 4687 1015 4750 autonomae
1038 4682 1177 4750 rationis
1200 4680 1591 4768 practicaeauctorn‘tate
1613 4679 1680 4744 lata

528 4913 534 4944 ¹
554 4909 671 4964 Kenlius
691 4927 722 4963 ea
741 4909 868 4979 exposuit
887 4907 1057 4978 potissimum
1077 4910 1214 4978 inopere:
1234 4907 1493 4976 Grundlegungzur
1505 4903 1677 4977 Metsphysik

435 5001 483 5054 der
502 4999 590 5053 Sitteu
611 4997 705 5064 (1785)
727 5003 769 5050 et:
789 4995 880 5050 Kritilr
899 4997 947 5050 der
965 4995 1142 5066 prsktiechen
1161 4996 1299 5049 Vernuult
1319 4995 1425 5063 (1788).
