3909 5842
662 716 729 771 Esse
749 733 841 771 verum
861 717 904 771 ius
922 719 1040 771 naturae
1061 718 1202 772 asseritur.
1486 724 1553 787 465

303 912 322 957 e
345 892 461 975 quibus
484 890 697 976 particularia
720 893 792 959 iura
815 896 849 959 et
871 892 952 958 iuris
972 892 1081 959 officia
1095 892 1297 972 deriventur,
1322 899 1391 961 tum
1409 917 1452 961 ex
1465 896 1552 979 facto

303 1000 411 1083 aliquo
434 1001 524 1082 reali,
549 1019 613 1080 quo
636 998 720 1081 legis
744 1019 802 1064 seu
825 998 974 1083 principii
998 998 1162 1081 generalis
1181 1000 1297 1081 regula
1311 1000 1345 1065 in
1360 1000 1553 1085 particulari

304 1104 509 1187 applicabilia
539 1105 704 1182 reddatur,
735 1104 756 1170 i.
782 1126 810 1171 e.
835 1105 878 1171 ad
901 1108 1011 1171 certas
1034 1126 1202 1188 personas,
1233 1110 1357 1172 certam
1381 1108 1553 1173 materiam

305 1214 495 1293 certumque
506 1211 637 1276 modum
651 1211 879 1277 determinata.
896 1210 988 1289 Quae
996 1210 1052 1276 ubi
1062 1214 1194 1294 praesto
1204 1217 1291 1289 sunt,
1304 1212 1345 1277 de
1353 1212 1434 1278 iuris
1444 1214 1553 1280 deter-

304 1314 492 1394 minatione,
517 1316 743 1405 undecumque
765 1316 846 1383 illud
862 1322 1003 1394 emanet,
1028 1316 1177 1400 profecto
1192 1316 1336 1384 dubitari
1351 1339 1416 1383 nou
1431 1324 1551 1403 potest.

399 1424 500 1509 Atqui
521 1422 573 1487 ius
595 1428 735 1489 naturae
759 1423 857 1490 datur
878 1426 1037 1509 utrimque
1059 1423 1262 1489 sufficienter
1277 1424 1550 1492 determinatum:

395 1530 423 1594 1.
448 1528 501 1593 Ec
521 1536 614 1614 parte
636 1532 901 1616 promulgationis
924 1532 1087 1595 naturalis
1107 1533 1220 1615 leptim,
1245 1551 1327 1615 quoe
1344 1532 1389 1595 ad
1404 1532 1551 1597 ordinem

303 1636 445 1701 iustitiae
458 1638 626 1721 pertimeat.
664 1634 862 1719 Quicumque
877 1636 910 1701 in
927 1635 1133 1720 philosophia
1155 1656 1221 1701 non
1236 1656 1361 1701 merum
1381 1636 1552 1714 ,traditio-

303 1741 494 1807 nalismum“
532 1741 678 1827 profiteri
711 1742 808 1821 velit,
841 1763 963 1826 negare
994 1764 1059 1807 non
1089 1746 1200 1827 potest
1229 1743 1360 1821 homini,
1393 1744 1550 1826 quemad·

302 1847 433 1913 modurn
464 1848 597 1913 moralis
627 1847 749 1913 ordinis
778 1848 966 1927 universim,
997 1848 1045 1913 sic
1073 1847 1107 1913 in
1129 1848 1240 1933 specie
1263 1850 1388 1914 ordiris
1410 1852 1553 1915 *iustitiae

304 1953 660 2039 generaliapraecepta
669 1958 815 2020 naturali
823 1954 944 2019 lumine
956 1954 1347 2034 evidenterinnotescere‚
1355 1954 1551 2037 itaquidem,

304 2063 342 2126 ut
357 2082 469 2126 eorum
484 2064 680 2128 invincibilis
691 2064 849 2148 ignoratio
861 2062 947 2145 apud
962 2082 1019 2127 eos
1032 2083 1154 2139 omnes,
1171 2062 1227 2145 qui
1238 2066 1329 2128 recto
1341 2061 1479 2129 rationis
1491 2082 1551 2128 osu

304 2166 441 2248 pollent,
465 2167 661 2233 naturaliter
677 2166 901 2234 excludatur1.
934 2168 1123 2252 Propterea,
1141 2168 1174 2232 vi
1191 2167 1336 2233 eiusdem
1352 2167 1549 2245 evidentiae,

305 2272 483 2356 applicatio
500 2293 627 2355 qnoque
643 2273 752 2356 legum
769 2278 909 2340 naturae
924 2295 1031 2357 perse
1043 2274 1255 2357 generalium,
1272 2275 1389 2339 saltem
1402 2273 1553 2358 proxima

303 2382 340 2444 et
370 2379 411 2444 ad
442 2400 495 2445 res
525 2380 650 2459 obvias,
681 2401 740 2464 pro
765 2380 852 2446 omni
874 2380 1102 2463 intellegentis
1125 2381 1168 2446 ad
1191 2401 1268 2446 suas
1291 2380 1474 2446 functiones
1498 2380 1551 2445 vel

304 2484 448 2550 maxime
472 2484 688 2552 elementares
711 2490 746 2551 et
767 2487 960 2552 essentiales
976 2487 1179 2553 exercendas
1194 2488 1337 2565 evoluta,
1361 2507 1425 2551 non
1441 2490 1552 2569 potest

303 2612 368 2655 non
402 2612 474 2655 esse
506 2612 566 2674 per
597 2612 633 2656 se
664 2591 788 2673 liquida
820 2598 854 2659 et
884 2593 1055 2677 expedita;
1088 2593 1204 2676 quodsi
1233 2614 1312 2659 vero
1341 2590 1550 2658 nihilominus

302 2696 478 2779 aliquando
503 2696 667 2761 obfuscari
691 2696 830 2776 videtur,
861 2696 894 2763 id
917 2719 981 2764 non
1006 2719 1049 2763 ex
1072 2698 1203 2764 defectu
1225 2698 1356 2763 luminis
1378 2698 1550 2775 naturalis,

301 2804 361 2869 sad
385 2802 590 2869 extrinsecus
612 2802 745 2870 inducta
769 2803 917 2886 caligine,
942 2804 1069 2870 seilicet
1090 2804 1215 2889 impetu
1231 2805 1411 2872 voluntatis
1426 2825 1550 2888 pravae

302 2913 338 2975 et
362 2914 477 2976 contra
500 2908 758 2992 intellegentiam
782 2910 913 2975 rebellis
936 2930 976 2976 ao
999 2910 1092 2995 proin
1115 2914 1305 2977 vincibiliter
1327 2912 1459 2977 evenire
1473 2932 1551 2977 cen-

302 3016 439 3081 sendum
472 3021 532 3085 est.
579 3016 650 3082 Hoc
683 3016 767 3082 enim
801 3018 896 3083 modo
928 3018 1036 3100 legem
1059 3018 1119 3083 Dei
1149 3020 1334 3085 naturalem
1364 3019 1397 3083 in
1420 3018 1550 3084 homine

302 3120 426 3204 iugiter
447 3122 649 3206 promulgari
672 3144 773 3206 supra
796 3123 840 3205 (n.
860 3126 923 3188 268
940 3122 1016 3205 sqq)
1035 3145 1108 3188 cum
1129 3124 1277 3205 angelico
1293 3124 1436 3190 Doctore
1458 3125 1550 3189 lucu·

301 3229 411 3295 lenter
434 3228 738 3295 demonstravimus.

394 3334 496 3401 lrnmo
520 3356 609 3413 vero,
634 3336 772 3401 clariore
796 3335 894 3401 etiam
918 3336 992 3401 luce
1009 3338 1172 3421 generalia
1188 3339 1271 3401 iuris
1282 3344 1453 3421 praecepte
1470 3356 1549 3419 prae

303 3440 424 3507 ceteris
453 3441 486 3506 in
518 3440 625 3507 animo
649 3441 816 3524 refulgent
839 3446 962 3521 nostro,
993 3442 1027 3507 id
1050 3443 1136 3525 quod
1159 3442 1411 3525 uniuscuiusque
1433 3442 1550 3509 intima

302 3546 503 3614 conscientia
533 3551 567 3614 et
597 3548 761 3614 cotidiana
787 3549 820 3614 in
852 3550 949 3613 rebus
978 3548 1129 3614 humanis
1160 3548 1364 3632 experientia
1394 3552 1547 3615 testatur.

302 3654 357 3719 Ita
380 3654 529 3719 nimirum
555 3655 659 3719 aDeo
684 3654 851 3720 conditore
874 3654 1116 3739 sapientissime
1136 3655 1312 3739 provisum,
1337 3659 1375 3721 ut
1390 3654 1474 3721 ratio
1491 3676 1549 3719 na-

302 3759 421 3825 turalis
454 3780 510 3825 eas
542 3760 746 3844 potissimum
779 3761 929 3827 notiones
963 3761 1060 3826 obvia
1092 3760 1165 3826 luce
1197 3762 1305 3827 claras
1332 3761 1367 3826 in
1396 3766 1549 3846 promptu

302 3864 450 3943 haberet,
478 3886 562 3947 quae
585 3865 715 3932 socialis
738 3866 828 3933 vitae
851 3866 883 3930 in
907 3866 958 3931 his
981 3866 1079 3932 terris
1101 3866 1316 3933 fundamenta
1338 3887 1402 3932 non
1426 3867 1549 3949 qualia-

301 3992 453 4053 cumque,
477 3971 535 4037 sed
556 3976 701 4057 proxime
723 3982 751 4039 et
774 3974 954 4038 immediate
977 3977 1158 4039 necessario
1183 3973 1361 4057 respiciunt
1371 3976 1393 4038 ².

396 4154 404 4187 ¹
424 4153 517 4208 Cicero
539 4156 615 4223 (Lag.
629 4155 649 4208 I.
671 4156 712 4219 12,
732 4154 779 4223 33)
800 4172 834 4207 ex
854 4156 948 4208 eadem
967 4156 1142 4226 persuasione
1160 4157 1200 4210 ita
1218 4156 1408 4210 ratiocinator:
1431 4154 1549 4221 ,Quibus

301 4244 374 4298 ratio
393 4260 409 4296 a
428 4246 526 4297 natura
544 4244 609 4298 data
627 4248 685 4307 est,
704 4243 799 4297 iisdem
820 4244 901 4298 etiam
920 4250 996 4299 recte
1015 4245 1085 4299 ratio
1104 4246 1168 4299 data
1186 4250 1244 4309 est3
1269 4261 1334 4312 ergo
1353 4249 1382 4298 st
1398 4245 1459 4308 lex,
1479 4262 1549 4314 quae

302 4334 348 4386 est
365 4334 442 4383 recta
459 4330 529 4384 ratio
548 4331 575 4384 in
594 4331 710 4385 iubendo
729 4334 757 4384 et
776 4332 908 4386 vetando:
935 4332 959 4385 si
977 4332 1032 4398 lex,
1051 4336 1095 4385 ius
1112 4349 1228 4402 quoque.
1266 4332 1303 4385 At
1321 4331 1445 4386 omnibus
1463 4334 1548 4396 ratio;

301 4422 348 4472 ius
365 4420 451 4485 mear
469 4418 561 4471 datum
581 4425 618 4471 eet
636 4420 780 4472 arnsdorf
1136 4409 1138 4415 ¹

394 4506 405 4539 ¹
423 4506 536 4560 Factum
561 4507 783 4577 psyohclogioum
808 4508 889 4562 huius
914 4509 1055 4563 rationalis
1080 4508 1243 4577 cognitionis
1261 4507 1411 4562 adversarii
1429 4508 1482 4579 ipsi
1500 4509 1549 4563 vix

301 4595 470 4659 infitiantem
496 4612 592 4649 verum
610 4595 639 4649 in
657 4614 688 4650 eo
708 4596 868 4665 explicando
886 4614 939 4651 non
957 4614 1019 4651 raro
1043 4598 1076 4651 ad
1098 4597 1251 4667 opinionem
1275 4596 1548 4652 traditionaliatarum

301 4683 477 4751 aliquatenus
495 4686 645 4747 recurrunt,
665 4683 711 4752 qui
730 4682 796 4736 illud
815 4700 869 4737 non
887 4686 944 4738 tam
957 4687 1084 4738 naturali
1095 4684 1191 4738 lumini
1204 4685 1326 4748 rationis,
1345 4700 1426 4752 qnam
1437 4688 1549 4753 positivo

302 4771 354 4825 Dei
364 4769 513 4825 revelantis
523 4770 689 4825 interventui
699 4771 902 4826 attribuendum
912 4790 972 4827 esse
982 4774 1150 4828 existimant.
1170 4772 1549 4828 SicetismLFreAEchulte

301 4860 331 4913 in
350 4877 393 4930 op.
412 4860 457 4915 cit.
477 4860 643 4929 llinleitung,
661 4860 678 4928 ᾗ
699 4862 729 4915 l:
752 4859 847 4929 ,Liegt
865 4880 920 4915 nun
939 4862 1055 4916 anchin
1072 4862 1150 4933 jedes
1168 4860 1316 4916 Menschen
1335 4862 1418 4916 Brust
1436 4864 1480 4917 ein
1498 4863 1548 4917 Be·

301 4948 450 5002 wusstsein
469 4946 574 5012 Gottos,
593 4948 667 5002 fulrlt
685 4948 754 5001 anch
771 4948 849 5017 jeder
867 4948 916 5003 das
935 4950 1089 5015 Bedttrfnis,
1108 4950 1169 5004 eine
1187 4950 1271 5003 letata
1289 4965 1373 5003 cansa
1391 4952 1483 5005 mnndi
1502 4969 1548 5005 an·

302 5034 468 5100 znnehmen,
495 5051 526 5089 so
545 5035 612 5088 vird
631 5034 699 5089 doch
719 5034 806 5089 soiort
824 5035 997 5102 ersichtlich,
1024 5038 1087 5091 dass
1106 5054 1156 5092 aus
1174 5036 1234 5093 sich
1253 5035 1352 5091 horsus
1370 5038 1417 5092 der
1434 5038 1549 5093 Mensch

356 5128 464 5182 Meyer.
479 5130 517 5172 lus
532 5131 642 5174 naturale.
663 5130 679 5171 t
700 5129 740 5173 Ed.
754 5130 773 5173 2.
1306 5125 1341 5181 30
