3909 5842
433 664 498 728 248
642 657 731 712 Sectis
750 657 771 711 I.
808 655 889 711 Liber
906 655 953 710 Ill.
992 655 1080 728 Caput
1099 657 1132 712 ll.
1169 655 1309 711 Articulus
1328 657 1353 710 5.
1391 656 1453 724 52.

431 837 485 902 hic
514 833 635 902 mutari
665 832 836 916 contingit,
868 832 957 900 circa
986 833 1148 900 obiectum
1171 837 1301 900 tantum
1324 835 1487 900 rnmcciale
1511 839 1668 900 versatur.

433 940 545 1008 Omnis
568 959 685 1023 nempe
708 937 882 1022 prohibitio
905 939 1067 1005 naturalis
1090 960 1150 1024 pro
1174 939 1301 1006 obiecto
1329 939 1462 1022 formali
1490 939 1591 1006 habet
1616 939 1670 1005 ali-

433 1047 518 1130 quod
542 1049 712 1111 intrinsece
734 1047 873 1126 mclum,·
894 1043 944 1110 ita
966 1066 1025 1128 per
1043 1049 1256 1130 praeceptum
1273 1045 1420 1128 quintum
1437 1045 1584 1128 decalogi
1600 1067 1671 1130 pro·

432 1153 564 1218 hibetur
586 1151 770 1217 formaliter
791 1152 1008 1235 homicidium,
1039 1152 1215 1218 secundum
1247 1153 1332 1236 quod
1355 1152 1531 1218 intrinsece
1553 1153 1671 1218 malum

434 1263 495 1337 est,
519 1257 540 1327 i.
565 1279 593 1324 e.
618 1278 682 1340 qua
704 1259 832 1342 privata
855 1257 993 1324 baccinis
1015 1260 1173 1324 volontate
1195 1267 1372 1344 patratam,
1404 1261 1438 1324 et
1467 1259 1515 1324 ita
1545 1259 1673 1340 quidem

432 1364 681 1430 immutabiliter
712 1363 925 1448 prohibeatur
955 1384 1090 1430 necesse
1120 1369 1181 1431 est.
1229 1363 1292 1430 Sed
1315 1365 1394 1430 nihil
1417 1364 1562 1449 impedit,
1597 1385 1673 1447 quo·

434 1471 542 1536 nunus
565 1491 631 1535 una
661 1469 841 1552 eademque
865 1470 962 1549 actio,
993 1474 1203 1536 materialiter
1227 1474 1387 1555 spectata,
1417 1493 1477 1554 pro
1502 1471 1605 1536 variis
1628 1492 1676 1536 re-

321 1589 328 1602 ‘
433 1598 505 1642 rum
531 1576 694 1643 adiunctis
717 1576 751 1640 in
774 1575 830 1641 illo
854 1575 985 1641 formali
1015 1575 1142 1642 obiecto
1173 1584 1230 1641 ant
1262 1575 1496 1660 comprehensa
1527 1586 1584 1642 ant
1615 1597 1676 1642 non

434 1683 669 1767 comprehensa
692 1701 765 1747 esse
788 1681 901 1764 possit.
948 1681 1002 1747 Sic
1025 1682 1058 1746 in
1083 1701 1160 1746 casu
1184 1681 1353 1765 proposito
1375 1682 1555 1748 immolatio
1585 1683 1677 1748 isaac

433 1809 472 1854 eo
495 1788 577 1872 ipso,
600 1787 686 1871 quod
702 1787 800 1866 Deus,
826 1788 997 1855 absolutus
1020 1787 1169 1853 dominus
1193 1788 1292 1865 vitae,
1317 1809 1390 1854 eam
1413 1789 1585 1873 praecipit,
1610 1811 1677 1855 om·

434 1916 508 1961 nem
531 1895 693 1960 rationem
717 1893 880 1960 homicidii
904 1894 1101 1960 naturaliter
1124 1893 1278 1978 prohibiti
1302 1893 1409 1970 exuit;
1440 1894 1576 1978 proinde
1599 1895 1677 1960 nihil

434 2002 524 2067 Deus
547 2000 667 2066 homini
691 2021 751 2085 per
774 2001 1000 2084 exceptionem
1025 2000 1150 2066 licitum
1172 1999 1263 2078 facit,
1289 2001 1375 2083 quod
1398 2022 1462 2066 non
1478 2022 1609 2085 semper
1624 2001 1679 2066 iis-

435 2107 508 2174 dem
532 2106 693 2173 adiunetis
716 2106 842 2172 licitum
865 2106 976 2173 fuerit.
1067 2107 1073 2123 '

523 2213 680 2280 Similiter
708 2213 810 2296 igitur
833 2212 944 2277 divina
967 2211 1165 2280 auctoritate
1188 2212 1271 2278 solvi
1295 2214 1533 2278 matrimonium
1556 2216 1678 2296 potest,

435 2324 589 2387 manente
618 2319 750 2388 interim
777 2318 973 2385 immutabili
995 2317 1066 2384 iura
1089 2323 1237 2397 naturae,
1269 2339 1333 2401 quo
1355 2319 1436 2384 illud
1459 2319 1680 2384 indissolubile

434 2446 507 2493 csse
536 2427 704 2510 probatur,
735 2425 756 2490 i.
780 2445 808 2490 e.
833 2425 911 2500 tale,
942 2425 1028 2506 quod
1059 2424 1194 2490 arbitrio
1224 2426 1364 2492 hnmano
1393 2425 1479 2491 solvi
1505 2425 1601 2489 nefas
1625 2425 1678 2490 sit.

522 2532 714 2598 Mandatum
743 2530 805 2597 Dei
834 2529 900 2610 (Ex
923 2533 954 2608 3,
986 2533 1026 2594 21
1053 2533 1112 2606 22;
1147 2534 1197 2609 11,
1223 2533 1259 2608 23
1293 2534 1344 2608 12,
1375 2533 1449 2612 36),
1480 2551 1544 2613 quo
1574 2530 1681 2614 spolia

435 2638 675 2722 Aegyptiorum
705 2637 854 2721 accipere
883 2636 941 2702 lilii
964 2635 1067 2702 lsrael
1097 2636 1176 2702 iussi
1205 2642 1292 2715 sunt,
1324 2637 1378 2702 vel
1408 2637 1480 2703 ideo
1509 2640 1680 2719 tamquam

435 2744 620 2827 exemplum
644 2743 896 2828 dispensationis
919 2765 940 2809 a
962 2744 1036 2825 lege
1059 2743 1202 2809 naturali
1218 2742 1371 2827 (septimo
1388 2747 1564 2827 praecepto
1581 2743 1679 2809 daca·

433 2850 515 2932 logi)
538 2849 622 2915 obici
645 2849 768 2932 nequit,
793 2850 880 2932 quod
903 2850 956 2916 hio
978 2851 1156 2918 secundum
1179 2850 1353 2933 probatam
1374 2849 1680 2934 interpretationem

435 2960 559 3034 textus,
575 2955 769 3040 praesertim
786 2954 940 3035 hebraici,
960 2957 1148 3023 nullatenus
1164 2956 1205 3021 de
1219 2955 1346 3022 furtiva
1361 2955 1556 3040 spoliatione
1571 2977 1679 3022 sermo

435 3065 498 3128 est.
545 3061 634 3128 Deus
658 3061 744 3128 enim
773 3061 864 3129 iubet
891 3083 947 3128 eoa
967 3071 1073 3149 petere
1095 3083 1176 3128 vasa
1200 3063 1241 3127 ab
1265 3060 1449 3145 Aegyptiis,
1480 3061 1576 3127 simul
1606 3081 1682 3146 pro-

435 3167 581 3246 mittens,
613 3188 649 3233 se
679 3167 832 3234 daturum
859 3168 938 3253 ipsis
961 3169 1104 3250 gratiam
1127 3167 1160 3232 in
1185 3167 1288 3233 oculis
1311 3167 1450 3246 illorum,
1481 3170 1520 3232 ut
1540 3167 1682 3234 libenter

436 3275 525 3353 dont,
557 3295 622 3339 non
645 3274 750 3340 solum
774 3273 1019 3353 commodando,
1051 3274 1109 3340 sed
1133 3273 1233 3340 etiam
1257 3273 1417 3351 donando,
1448 3293 1511 3356 quo
1541 3273 1683 3340 citiusa

434 3381 542 3465 plagis
570 3381 760 3447 liberentur.
807 3380 917 3462 Atque
947 3379 996 3446 ita
1025 3381 1106 3446 haec
1142 3381 1282 3464 ,spolia“
1311 3379 1410 3445 furtis
1434 3379 1681 3446 adnumeranda

434 3508 500 3552 non
522 3490 609 3552 sunt.
656 3484 857 3569 Quamquam
890 3485 1021 3553 etiamsi
1044 3486 1216 3552 Israelitae
1239 3486 1300 3551 Dei
1324 3485 1480 3550 mandato
1503 3487 1544 3550 ab
1567 3485 1681 3552 invitis

435 3593 609 3678 Aegyptiis
626 3613 708 3658 vasa
723 3592 947 3670 abstulissent,
969 3612 1174 3674 nequaquam
1192 3591 1253 3656 Dei
1268 3591 1358 3656 iussu
1372 3591 1463 3673 farto
1481 3591 1681 3657 commisisse

435 3699 563 3764 dicendi
586 3700 705 3777 essent,
730 3698 848 3782 quippe
872 3697 1070 3781 accipientes
1094 3719 1162 3762 rem
1179 3719 1242 3763 non
1259 3697 1322 3762 iam
1341 3695 1490 3773 alienam,
1515 3697 1573 3762 sed
1589 3719 1681 3763 mam

434 3804 531 3870 titulo
554 3803 708 3870 translati
732 3803 864 3869 dominii
885 3825 945 3887 per
967 3803 1074 3886 ipsum
1098 3802 1271 3868 Dominum
1295 3802 1531 3868 universorum.

524 3909 615 3986 Quod
644 3909 782 3992 denique
812 3911 882 3996 ipse
914 3909 1132 3994 archangelus
1155 3909 1301 3994 Raphael
1327 3908 1410 3992 (Tob
1434 3912 1465 3988 5,
1492 3907 1546 3991 18)
1570 3909 1681 3975 divina

435 4015 575 4100 iungens
597 4015 762 4100 legatione
785 4016 968 4083 sciscitanti
984 4015 1107 4082 Tobiae
1130 4017 1322 4099 respondet:
1351 4017 1440 4100 ,Ego
1456 4035 1528 4081 sum
1545 4015 1680 4081 Azarias

436 4123 584 4189 Ananiae
607 4123 718 4205 magni
740 4123 857 4203 filius“,
888 4143 1094 4206 nequaquam
1123 4144 1165 4188 cx
1190 4122 1301 4188 divina
1324 4121 1566 4208 dispensatione
1589 4143 1679 4188 men·

436 4228 528 4295 dacio
552 4251 629 4295 usus
652 4233 713 4308 est,
737 4230 795 4295 sed
817 4229 955 4295 honesta
978 4229 1088 4312 potius
1112 4228 1354 4312 amphibologia
1376 4229 1424 4294 ita
1446 4227 1576 4295 interim
1593 4227 1678 4292 veri-

436 4338 539 4402 tatem
564 4335 694 4414 colavit,
720 4339 757 4401 ut
779 4340 891 4401 tamen
913 4357 977 4400 non
994 4337 1142 4416 negaret.
1175 4333 1265 4411 Quod
1282 4333 1411 4416 quidem
1428 4334 1587 4402 attentius
1602 4353 1678 4398 con-

436 4441 595 4507 sideranti
610 4442 769 4507 vocabula
784 4441 947 4519 hebraica,
964 4441 1081 4523 quibus
1097 4441 1235 4524 angelus
1251 4462 1329 4507 usus
1341 4444 1402 4520 est,
1420 4440 1516 4508 facile
1532 4445 1677 4524 apparet.

436 4547 523 4612 Nam
545 4568 619 4613 cum
634 4545 699 4612 Joh
722 4547 766 4613 sit
789 4547 1015 4612 abbreviatum
1039 4547 1171 4625 lehara,
1197 4547 1339 4630 Azarjah
1363 4547 1493 4630 proprio
1516 4546 1678 4629 significat

435 4656 514 4718 invit
536 4655 634 4736 Dens,
666 4653 854 4737 Chananjah
885 4675 963 4718 vero
996 4657 1145 4720 misertas
1177 4663 1222 4719 cst
1244 4655 1342 4718 Dens.
1389 4653 1485 4718 Unde
1514 4674 1578 4718 non
1608 4653 1677 4718 sine

435 4758 598 4843 profunda
629 4759 772 4825 veritate
804 4760 939 4842 angelus
973 4759 1080 4824 dicere
1111 4759 1235 4843 potuit:
1270 4759 1340 4840 Ego
1373 4779 1444 4822 sum
1476 4759 1560 4824 Inoit
1591 4759 1676 4823 Dens

435 4865 604 4946 (auxilium
621 4886 642 4931 a
657 4866 726 4930 Deo
743 4900 786 4909 -
803 4864 967 4944 Gotthilf),
991 4865 1077 4930 filius
1092 4864 1204 4946 magni
1221 4865 1373 4930 Misertns
1390 4873 1434 4930 cst
1448 4865 1537 4930 Dens
1555 4861 1675 4946 (magni

435 4971 639 5039 Miseratoris
661 4971 723 5036 Dei
745 5009 789 5019 -
812 4970 869 5036 des
899 4990 1036 5053 grosson
1057 4971 1345 5052 Gotterbarmers).
1392 4969 1483 5036 Nihil
1506 4969 1605 5036 etiam
1628 4968 1675 5032 vi-
