3909 5842
795 699 836 754 De
855 699 921 753 iuris
941 697 1093 769 partitione.
1505 698 1569 763 485

324 880 445 965 passim
462 878 608 963 intellegi
625 882 659 943 ot
675 876 853 959 significari
872 876 1032 953 videmus,
1048 896 1127 957 ergo
1142 875 1240 957 longe
1255 872 1354 951 alind,
1371 894 1467 955 quam
1485 871 1571 955 quod

324 988 437 1053 schola
460 987 521 1053 hoe
536 984 695 1051 vocabulo
720 983 1027 1069 comprehendebat.
1062 981 1206 1047 Interest
1221 984 1331 1047 autem
1348 999 1445 1061 quam
1467 978 1571 1063 pluri·

323 1114 423 1173 mum,
445 1096 484 1159 nt
501 1092 659 1158 adversus
675 1090 843 1155 molimina
854 1092 981 1156 socialis
995 1089 1199 1154 radicalismi
1217 1086 1301 1153 citra
1320 1106 1447 1151 omnem
1466 1085 1569 1151 ambi-

323 1199 485 1283 guitatem
500 1198 571 1282 ipso
588 1196 717 1263 nomine
733 1196 798 1277 (ius
816 1196 982 1279 naturale)
998 1194 1203 1279 exprimatur
1220 1191 1386 1258 stabilitas
1402 1196 1437 1259 et
1451 1192 1571 1259 sancti-

323 1309 378 1372 tas
400 1326 512 1371 earum
535 1304 797 1383 institutionum,
828 1322 911 1386 quae
940 1302 1104 1379 „dictante
1126 1298 1270 1366 naturali
1292 1298 1438 1365 ratione*
1465 1299 1571 1364 instar

324 1412 502 1477 communis
524 1398 718 1478 hereditatis
742 1410 884 1475 omnium
908 1406 1056 1493 gentium
1072 1407 1196 1489 vigent,
1217 1409 1251 1472 et
1273 1405 1348 1471 ideo
1370 1403 1569 1470 reformandi

323 1518 459 1585 arbitrio
482 1517 646 1583 hominum
669 1521 786 1602 suapte
811 1520 931 1583 natura
952 1513 1198 1581 subtrahuntur.

324 1658 392 1731 574.
483 1660 600 1727 Altera
630 1664 756 1747 pariter
786 1661 945 1746 generalis
976 1660 1061 1723 iaris
1088 1660 1221 1742 partitio
1253 1657 1294 1722 ab
1324 1654 1395 1721 eius
1423 1655 1570 1721 obieetivo

326 1768 446 1833 ambita
477 1771 565 1833 iutro
589 1769 735 1833 ordinem
758 1768 902 1831 socialem
925 1768 1109 1831 universam
1132 1762 1277 1846 depromi
1301 1762 1396 1829 solet.
1441 1761 1487 1827 Et
1509 1761 1570 1827 hoc

323 1873 418 1938 modo
448 1872 499 1939 ius
528 1893 623 1938 omne
652 1872 724 1937 sivo
752 1892 811 1955 per
840 1891 876 1936 se
905 1870 1058 1935 naturale
1080 1869 1151 1933 sive
1172 1868 1360 1952 positivum.
1391 1872 1489 1951 prout
1512 1872 1571 1934 aut

319 1982 466 2064 privatas
490 1982 548 2045 aut
567 1980 713 2065 publicos
736 1977 876 2043 sociales
899 1974 1077 2042 relationes
1099 1973 1243 2058 respicit,
1268 1972 1440 2040 dividitur:

411 2080 451 2154 11.
474 2082 507 2153 in
526 2081 579 2153 ius
601 2079 765 2172 privatum
788 2079 823 2154 ot
844 2078 1015 2172 publicum.

410 2188 468 2255 Ias
498 2190 657 2274 privatam
694 2185 923 2271 complectitur
957 2186 1009 2251 ins
1044 2188 1245 2252 domesticam
1276 2185 1567 2268 (Familienrscht)‚

323 2316 386 2378 quo
405 2295 547 2361 societas
567 2292 746 2359 domestica
765 2314 823 2358 seu
841 2292 967 2359 familia
978 2292 1108 2359 interne
1120 2292 1331 2359 constituitur
1343 2290 1567 2369 etordinatur‚

322 2406 356 2467 et
387 2402 437 2467 ius
470 2402 557 2466 ciuile
587 2404 708 2465 arctius
739 2401 856 2491 dietum
888 2398 1126 2483 (bilrgerlichee
1156 2400 1235 2465 oder
1264 2397 1471 2479 Zivilrecht)‚
1504 2417 1568 2479 quo

322 2512 456 2575 mutuae
478 2504 636 2571 iuridicae
658 2506 837 2571 relationes
860 2506 1062 2588 singulomm
1086 2506 1206 2571 civium
1229 2512 1264 2573 et
1286 2504 1484 2571 familiarum
1509 2525 1569 2570 nec

322 2635 384 2680 non
419 2612 556 2679 aliorum
585 2612 831 2697 particularium
862 2617 1015 2679 coetuum
1042 2612 1075 2678 in
1106 2612 1267 2679 communi
1291 2612 1380 2679 civili
1402 2632 1490 2678 nexu
1513 2633 1568 2677 co-

322 2720 551 2787 exsistentium
573 2722 660 2786 inter
683 2742 719 2787 ee
742 2720 1013 2786 determinantur.

410 2828 468 2894 Ias
477 2829 641 2913 publicam
660 2826 922 2912 comprehendit:
940 2830 992 2892 ius
1008 2829 1145 2892 civitatis
1160 2848 1218 2891 sen
1233 2826 1285 2891 ius
1297 2824 1393 2891 civile
1404 2824 1567 2908 publicum

322 2932 566 3017 (Staatsreoht)‚
598 2955 660 3016 quo
688 2934 830 3001 societas
858 2932 965 2998 civilis
988 2936 1155 3015 tamquam
1180 2931 1335 3016 organica
1357 2931 1467 2997 unitas
1490 2952 1567 2997 oon·

322 3040 471 3107 stituitur
493 3044 528 3107 et
551 3044 757 3106 sustentatur
780 3045 880 3122 atque
903 3060 961 3105 suo
981 3039 1038 3104 fini
1054 3038 1203 3104 ordinate
1219 3038 1423 3119 assequendo
1438 3037 1567 3103 interne

322 3152 356 3214 et
379 3152 515 3213 externe
538 3146 658 3231 iugiter
681 3147 875 3231 adaptatum
899 3148 951 3211 ius
974 3146 1230 3229 internatioaole,
1254 3144 1340 3227 quod
1364 3147 1399 3209 et
1420 3144 1471 3207 ius
1487 3163 1567 3225 gen-

322 3252 414 3331 tium,
446 3253 467 3321 i.
492 3274 520 3319 e.
545 3252 595 3318 ius
618 3252 844 3335 inter'gentes
868 3248 1115 3334 (Volkenecht)
1139 3249 1299 3335 appellari
1321 3247 1501 3325 consuevit,
1534 3251 1568 3313 et

322 3381 385 3443 quo
400 3358 549 3443 singulae
565 3358 741 3425 societates
758 3356 871 3422 civiles
886 3362 957 3423 tum
972 3356 1059 3424 inter
1075 3377 1111 3421 se
1127 3355 1304 3421 secundnm
1319 3376 1396 3420 snas
1412 3359 1567 3419 externas

322 3471 355 3533 ot
387 3469 518 3532 mutuas
547 3464 725 3531 relationes
757 3463 921 3541 iuridicas,
953 3466 1025 3529 tum
1054 3462 1088 3527 in
1118 3461 1231 3528 ordine
1258 3463 1300 3527 ad
1323 3459 1373 3525 ius
1397 3480 1567 3525 commune

321 3570 868 3638 universaehumanitatis1reoto
892 3568 1101 3644 ordinantur3
1125 3572 1177 3634 ius
1196 3570 1445 3649 eeclesiasticam,
1470 3564 1566 3646 quod,

322 3680 473 3763 quonism
488 3678 622 3763 propria
634 3698 737 3759 eaque
749 3676 881 3763 publica
892 3676 1091 3743 auctoritate
1103 3676 1230 3754 nititur,
1244 3672 1370 3740 cunctis
1382 3668 1568 3738 christianis

321 3785 473 3869 gentibus
502 3784 702 3861 reverenda,
736 3806 756 3849 o
787 3787 858 3849 iare
889 3786 1026 3851 civitatis
1058 3785 1185 3848 omnino
1219 3781 1480 3865 distinguendam
1512 3786 1566 3858 est,

321 3912 425 3974 neque
447 3890 628 3969 ferendum,
653 3894 689 3956 ut
712 3891 817 3956 solum
842 3890 946 3955 veluti
968 3888 1121 3974 specialis
1144 3888 1255 3971 aliqua
1277 3886 1373 3951 huius
1396 3906 1473 3969 pars
1490 3904 1567 3949 con-

321 3998 483 4064 sideretur
520 3996 808 4079 „quemadmodum
845 3995 885 4061 iis
921 3994 992 4060 fere
1023 3994 1103 4060 iuris
1135 3994 1323 4062 doctoribus
1353 3992 1479 4076 placet,
1512 3990 1568 4072 qui

321 4104 543 4171 characterem
566 4101 734 4168 societatis
757 4100 924 4186 perfectae
947 4101 981 4166 in
1005 4102 1144 4167 ecclesia
1159 4119 1339 4184 agnoscere
1354 4096 1479 4174 nolunt,
1503 4116 1567 4178 quo

321 4208 449 4275 facilius
478 4213 595 4277 cuneta
626 4208 721 4275 huius
748 4208 820 4273 iura
843 4208 948 4275 civilis
972 4207 1190 4290 legislationis
1213 4204 1348 4273 arbitrio
1372 4202 1565 4269 subiciant2.

412 4424 419 4453 ¹
440 4419 507 4475 Cum
525 4422 576 4476 hoc
595 4422 723 4477 conlundi
741 4439 795 4476 non
814 4422 908 4487 debet,
934 4423 1006 4491 quod
1024 4422 1053 4476 in
1080 4422 1148 4476 iuris
1173 4420 1289 4475 scientia
1314 4419 1397 4488 vulgo
1418 4420 1477 4485 ,ius
1495 4434 1565 4471 com·

321 4511 416 4564 mune*
438 4510 550 4575 dicitnr,
575 4526 629 4579 quo
654 4512 791 4578 designari
816 4510 887 4565 solet
910 4514 954 4565 iae
971 4512 1078 4576 (σιὐἰίι)
1096 4528 1256 4578 rossanum,
1281 4507 1402 4577 eoquod
1421 4506 1566 4577 perplura

320 4598 430 4653 saecula
448 4599 477 4653 in
494 4598 632 4669 plerisque
651 4600 775 4670 Europae
793 4599 886 4668 regnis
905 4599 1069 4655 anctoritate
1087 4599 1196 4669 publica
1214 4604 1355 4670 receptum
1373 4602 1440 4651 erat.

409 4684 482 4740 ‘lta
502 4684 575 4740 inter
599 4686 667 4741 alios
692 4691 720 4741 et
738 4688 771 4741 R.
792 4704 812 4740 o.
835 4688 946 4755 [being
967 4686 1034 4751 (Der
1052 4686 1150 4741 Zweclr
1174 4688 1211 4741 im
1230 4682 1479 4752 Recht1320sq)
1500 4683 1566 4737 scri·

319 4773 383 4828 bere
407 4790 461 4829 non
483 4774 604 4833 dubitat:
633 4776 704 4842 „Das
723 4774 811 4830 Recht
835 4776 883 4829 der
901 4774 1198 4844 Selbstgsaetegebnng
1224 4774 1409 4844 (Autonomis)
1437 4774 1481 4826 fiir
1506 4770 1566 4825 ihre

320 4863 434 4929 sigenen
453 4862 717 4931 Angslsgenheiten,
743 4854 862 4917 uslches
886 4863 1053 4918 tetsaohlich
1077 4866 1192 4919 mancho
1217 4864 1317 4919 andere
1337 4862 1452 4917 Vereine
1470 4878 1567 4915 ausser

319 4951 380 5005 deni
400 4950 479 5005 Staat
497 4952 631 5021 ausgaltbt
650 4952 752 5017 haben,
778 4950 853 5007 steht
878 4951 963 5007 damit
991 4951 1067 5021 (dass
1092 4952 1140 5007 der
1158 4952 1236 5007 Stast
1261 4952 1305 5006 die
1323 4951 1452 5019 alleinige
1470 4948 1565 5015 Quelle

320 5040 368 5094 das
387 5038 489 5093 Rechts
508 5040 556 5108 iat)
576 5040 652 5095 nicht
670 5042 707 5095 im
726 5040 939 5111 Wideraprnch‚
960 5040 1030 5095 deun
1049 5058 1080 5095 es
1097 5040 1146 5095 hat
1164 5042 1257 5095 seinon
1274 5040 1450 5111 juristischen
1470 5038 1564 5093 Grund
