3909 5842
462 651 526 716 328
691 646 780 702 Sectio
799 645 833 700 ll.
870 645 951 702 Liber
969 647 990 700 1.
1028 646 1117 718 Caput
1134 647 1154 702 1.
1192 643 1333 700 Articulua
1351 645 1376 699 2.
1415 644 1488 712 52.

461 826 615 892 adiuncta
638 824 725 902 licet,
749 823 798 890 ita
821 827 873 890 est
895 823 1107 901 instituenda,
1132 827 1170 888 ut
1191 821 1341 907 plerique
1363 820 1500 886 subditi
1525 820 1582 885 vel
1601 841 1687 902 magu

461 933 578 1000 saltem
603 951 715 997 eorum
738 951 816 1013 pars
838 929 870 994 iu
895 929 968 1013 lege
987 929 1152 996 servanda
1167 951 1232 994 non
1247 933 1315 994 tam
1333 949 1415 994 onus
1432 926 1602 1000 sentiant.
1623 947 1687 1006 quau

461 1038 628 1123 proprium
651 1037 783 1120 aliquod
806 1037 966 1103 interesse
990 1039 1183 1119 agnoscant.
1230 1035 1475 1102 Verumtamen
1503 1037 1546 1100 ut
1568 1033 1625 1100 hoc
1646 1055 1690 1097 uo

462 1149 607 1212 mentum
631 1142 752 1209 limites
776 1143 857 1208 recti
882 1163 960 1208 usus
983 1163 1049 1208 non
1072 1142 1222 1220 excedat,
1247 1162 1381 1207 necesse
1404 1145 1474 1218 est,
1502 1145 1546 1206 ut
1561 1140 1591 1205 ei
1604 1139 1692 1220 iugita-

463 1249 651 1334 praesideat

552 1357 581 1419 2.
606 1357 736 1442 Retipto.
784 1355 829 1421 Et
852 1375 947 1420 vero:
972 1353 1007 1436 a)
1030 1355 1175 1420 studium
1198 1354 1350 1439 privatae
1373 1354 1557 1432 utilitatis,
1581 1353 1622 1418 ad
1636 1349 1694 1433 quod

462 1459 645 1542 generatim
667 1460 815 1526 homines
838 1460 1066 1544 multiplicium
1091 1460 1307 1545 cupiditatum
1330 1461 1480 1544 pondere
1511 1459 1695 1525 inclinantur.

463 1565 525 1631 nisi
540 1566 641 1632 frenis
657 1570 864 1633 conscientiae
880 1570 1047 1652 religiosae
1062 1572 1264 1650 temperetur
1279 1571 1379 1649 atque
1394 1566 1443 1634 ita
1460 1566 1564 1633 intra
1580 1562 1696 1630 iustitiae

462 1692 502 1738 ao
525 1672 762 1757 temperantiae
786 1672 907 1739 limites
931 1673 1148 1752 contineatur,
1172 1694 1231 1757 per
1253 1695 1289 1739 se
1312 1673 1355 1739 ad
1378 1693 1501 1738 veram
1528 1671 1696 1737 felicitatem

461 1779 614 1845 socialem
639 1778 894 1862 promovendam
917 1800 1123 1862 nequaquam
1147 1779 1279 1855 sufficit,
1303 1777 1401 1844 immo
1425 1799 1506 1844 eam
1525 1775 1697 1861 grammius

462 1885 597 1951 turbare
621 1889 748 1968 potest;
773 1885 807 1968 b)
830 1885 864 1949 iu
887 1886 985 1950 rebus
1009 1887 1126 1950 arduis
1148 1905 1191 1950 ex
1214 1891 1391 1969 praecepto
1414 1885 1540 1950 sociali
1567 1880 1697 1948 obeundi<

463 1995 498 2056 et
521 1990 554 2055 in
578 1989 627 2070 iis,
653 2012 736 2075 quae
759 1991 926 2057 homiuum
950 1991 1163 2075 cupiditatem
1181 1993 1272 2058 nulla
1287 2013 1329 2057 ex
1345 1997 1440 2075 parte
1457 1991 1628 2064 alliciunt,
1648 1986 1696 2050 sola

462 2095 578 2180 religio
608 2099 733 2164 morale
764 2103 965 2166 momentum
996 2097 1186 2182 suppeditat
1215 2095 1392 2176 sufficiens,
1425 2119 1495 2180 quo
1532 2118 1610 2161 cum
1639 2113 1697 2177 pare

463 2202 643 2269 animorum
675 2203 824 2271 efficacia
856 2204 1080 2270 exsecutionis
1109 2204 1276 2270 conciliari
1300 2205 1421 2270 valeat.
1470 2210 1506 2286 c)
1535 2200 1648 2268 Omnis
1667 2201 1696 2260 r'r

463 2313 627 2377 moraliter
656 2313 828 2397 obligandi,
860 2311 881 2376 i.
907 2333 934 2377 e.
964 2310 1054 2394 ipsas
1084 2310 1302 2377 conscientias
1332 2310 1546 2378 subditorum
1579 2305 1697 2374 obstrin-

464 2415 573 2499 gendi,
599 2437 663 2499 qua
687 2418 870 2484 auctoritas
893 2417 1024 2484 socialis
1047 2419 1160 2502 pollet,
1190 2419 1319 2484 ratione
1348 2418 1399 2484 sui
1427 2417 1590 2502 principii
1617 2435 1696 2481 esem

466 2523 586 2588 ticliter
608 2526 758 2610 redipiosa
781 2529 848 2598 est;
877 2523 967 2588 nulla
991 2522 1077 2588 euim
1100 2524 1244 2589 humana
1266 2524 1420 2589 voluutas
1443 2521 1627 2590 rationalis
1645 2518 1696 2584 siu

467 2627 644 2710 singularis
661 2629 731 2694 sive
747 2628 920 2694 collectiva
935 2629 1021 2695 hanc
1037 2629 1216 2696 efficaciam
1232 2630 1354 2695 habere
1368 2633 1491 2713 potest,
1509 2629 1579 2694 nisi
1596 2627 1695 2691 virne

464 2755 484 2799 a
517 2733 628 2798 divino
660 2735 851 2816 legislatore
884 2735 1036 2801 derivata
1065 2734 1111 2814 (n.
1136 2739 1198 2801 291
1217 2725 1311 2818 sqq).'
1349 2736 1457 2813 Quare
1487 2735 1524 2800 in
1556 2733 1693 2800 societate

464 2840 551 2905 omni
584 2839 742 2922 religione
775 2841 934 2908 destituta
967 2841 1153 2907 essentialis
1185 2842 1331 2908 condicio
1361 2841 1616 2925 gubernationis
1644 2858 1693 2900 cerff

463 2949 596 3013 encratis
619 2947 738 3026 deficit,
764 2947 897 3030 eiusque
920 2948 1028 3013 locum
1051 2950 1145 3014 tenet
1167 2947 1304 3033 physica
1327 2947 1453 3014 coactio
1477 2953 1514 3015 et
1533 2940 1693 3013 materialis

463 3051 632 3137 potentiae
655 3058 762 3120 terror
774 3055 794 3119 1.

463 3188 533 3260 385.
622 3187 813 3262 Corollaria:
838 3193 862 3258 l.
880 3193 931 3257 Ex
948 3193 1044 3259 dictis
1060 3193 1156 3260 facile
1173 3193 1364 3258 derivantur
1379 3194 1499 3278 officia,
1525 3214 1611 3277 quae
1625 3187 1692 3256 omni

464 3296 653 3362 auctoritati
685 3296 796 3364 sociali
828 3298 957 3364 intuitu·
979 3303 1091 3365 rectae
1121 3299 1322 3383 operationis
1351 3298 1482 3366 socialis
1509 3299 1689 3367 incumbunt.

463 3401 547 3468 Prae
571 3403 689 3469 ceteris
713 3404 793 3471 haec
817 3407 994 3490 praecipua
1017 3410 1051 3473 et
1074 3406 1332 3474 fundamentalia
1355 3427 1428 3472 esse
1451 3406 1690 3490 cognoscuntur:

555 3513 583 3575 1.
608 3509 761 3592 Superior
792 3515 932 3591 tenetur,
964 3516 1145 3601 religionem
1176 3514 1309 3596 eiusque
1340 3513 1463 3579 cultum
1490 3513 1647 3579 sincerum
1666 3506 1687 3568 in

462 3617 535 3679 toto
566 3635 701 3699 corpore
731 3619 844 3684 sociali
874 3623 1033 3686 socialiter
1060 3622 1176 3703 fovere,
1206 3621 1303 3704 idque
1330 3623 1540 3705 stomatice,
1572 3612 1690 3685 arcendo

464 3740 548 3802 quae
571 3721 640 3786 eius
664 3727 836 3790 externum
856 3729 1078 3809 contemptum
1095 3726 1236 3810 sapiunt,
1261 3728 1295 3791 et
1307 3729 1448 3811 positive,
1472 3724 1624 3809 congruis
1637 3738 1687 3784 ut

464 3825 526 3891 diis
549 3830 769 3910 promovendo
799 3851 858 3914 pro
889 3832 1024 3916 speciali
1051 3835 1170 3897 natura
1193 3832 1348 3914 cuiusque
1371 3832 1551 3898 societatis.
1597 3831 1631 3895 lu
1650 3843 1688 3889 re·

463 3931 585 4014 ligioue
608 3934 692 3999 enirn
713 3937 857 4002 condicio
874 3937 939 4003 sita
955 3942 1007 4003 est
1022 3938 1206 4004 activitatis
1221 3939 1351 4004 socialis
1366 3941 1457 4003 recte
1472 3933 1685 4004 informandae

463 4042 532 4104 turn
557 4041 684 4106 ratione
705 4045 792 4128 finis,
817 4043 872 4127 qui
894 4045 972 4110 licet
987 4045 1136 4128 proxime
1153 4048 1187 4110 et
1202 4067 1262 4130 per
1277 4067 1313 4112 se
1329 4049 1486 4111 externus
1501 4045 1557 4120 sit,
1581 4056 1687 4122 semper

464 4149 584 4226 tamen,
616 4167 657 4212 ne
681 4169 701 4213 a
725 4169 803 4215 vero
833 4151 917 4216 bono
949 4152 1112 4217 communi
1142 4153 1282 4231 deficiat,
1315 4173 1466 4236 supremo
1491 4150 1628 4216 hominis
1644 4141 1685 4209 tui

463 4253 669 4320 subordinari
692 4255 799 4332 debet,
823 4259 893 4321 turn
917 4257 1045 4322 ratione
1068 4257 1244 4323 necessarii
1267 4259 1410 4342 influxus
1434 4260 1565 4323 morolio
1583 4258 1615 4321 iu
1628 4249 1685 4316 sut

464 4359 550 4425 ditos
572 4361 743 4442 regendos.

557 4543 562 4572 ¹
582 4540 622 4594 De
648 4557 719 4594 nexu
745 4540 899 4595 necessario
925 4540 1065 4609 religionis
1091 4559 1153 4596 cum
1179 4541 1252 4597 omni
1271 4543 1331 4596 vita
1355 4541 1450 4596 sociali
1474 4541 1625 4596 luculenter
1638 4537 1652 4590 1.
1665 4550 1682 4585 ι

464 4627 523 4692 agit
538 4629 616 4682 Clean.
630 4628 775 4698 Schrader,
793 4627 834 4681 De
852 4628 992 4682 homiuum
1011 4629 1143 4683 societate
1161 4630 1312 4696 generatim
1332 4629 1553 4694 commentarius,
1571 4629 1683 4698 §rosio-

465 4711 639 4768 Viudobonae
659 4716 735 4770 1869.
772 4715 805 4769 V.
828 4717 964 4784 Cottrein,
985 4716 1244 4786 Moralphilosophie
1263 4717 1275 4770 1
1294 4717 1346 4771 372
1358 4734 1412 4786 sqq
1432 4715 1635 4786 (Widerleguug
1648 4711 1679 4765 111

464 4801 674 4870 uuabhltugigen
693 4803 792 4870 Moral)
816 4805 898 4869 1904;
926 4805 1047 4860 eiusdem
1073 4823 1165 4876 opusc.
1185 4805 1311 4875 Religion
1336 4807 1391 4860 und
1410 4807 1499 4861 Moral
1517 4809 1582 4862 oder
1598 4808 1682 4875 gitta

464 4888 524 4942 eine
543 4889 630 4944 Moral
656 4889 725 4944 ohne
744 4891 833 4946 Gott?
854 4891 931 4946 1900.
968 4891 1046 4946 Adde
1070 4894 1094 4946 si
1120 4893 1188 4947 libet
1205 4893 1256 4948 Die
1276 4895 1446 4948 Gruudslttae
1472 4896 1522 4950 der
1539 4889 1679 4951 satureum

463 4977 517 5032 und
538 4977 586 5032 des
604 4977 707 5032 Rechts
726 4997 751 5033 n.
771 4981 887 5035 49-64.
