<?xml version="1.0" encoding="UTF-8"?>
<!DOCTYPE html PUBLIC "-//W3C//DTD XHTML 1.0 Transitional//EN"
    "http://www.w3.org/TR/xhtml1/DTD/xhtml1-transitional.dtd">
<html xmlns="http://www.w3.org/1999/xhtml" xml:lang="en" lang="en">
 <head>
  <title>
</title>
<meta http-equiv="Content-Type" content="text/html;charset=utf-8" />
  <meta name='ocr-system' content='tesseract 3.04.00' />
  <meta name='ocr-capabilities' content='ocr_page ocr_carea ocr_par ocr_line ocrx_word'/>
</head>
<body>
  <div class='ocr_page' id='page_1' title='image "./institutionesiu00meyegoog_0240.png"; bbox 0 0 3909 5842; ppageno 0'>
   <div class='ocr_carea' id='block_1_1' title="bbox 384 658 1406 731">
    <p class='ocr_par' dir='ltr' id='par_1_1' title="bbox 384 658 1406 731">
     <span class='ocr_line' id='line_1_1' title="bbox 384 658 1406 731; baseline -0.001 -15"><span class='ocrx_word' id='word_1_1' title='bbox 384 662 446 727; x_wconf 85' lang='lat'>188</span> <span class='ocrx_word' id='word_1_2' title='bbox 608 658 697 714; x_wconf 84' lang='lat' dir='ltr'>Sestio</span> <span class='ocrx_word' id='word_1_3' title='bbox 717 660 737 714; x_wconf 94' lang='lat' dir='ltr'>I.</span> <span class='ocrx_word' id='word_1_4' title='bbox 774 659 855 714; x_wconf 87' lang='lat' dir='ltr'>Liber</span> <span class='ocrx_word' id='word_1_5' title='bbox 872 659 906 714; x_wconf 94' lang='grc' dir='ltr'>ΙΙ.</span> <span class='ocrx_word' id='word_1_6' title='bbox 944 659 1033 731; x_wconf 81' lang='lat' dir='ltr'>Caput</span> <span class='ocrx_word' id='word_1_7' title='bbox 1051 661 1086 715; x_wconf 90' lang='grc' dir='ltr'>ΙΙ.</span> <span class='ocrx_word' id='word_1_8' title='bbox 1123 660 1264 716; x_wconf 72' lang='lat' dir='ltr'><strong>Atticulae</strong></span> <span class='ocrx_word' id='word_1_9' title='bbox 1282 661 1308 715; x_wconf 85' lang='lat'>2.</span> <span class='ocrx_word' id='word_1_10' title='bbox 1344 660 1406 729; x_wconf 59' lang='grc'>93.</span> 
     </span>
    </p>
   </div>
   <div class='ocr_carea' id='block_1_2' title="bbox 381 833 1634 3256">
    <p class='ocr_par' dir='ltr' id='par_1_2' title="bbox 381 833 1634 3256">
     <span class='ocr_line' id='line_1_2' title="bbox 382 833 1630 923; baseline 0.002 -19"><span class='ocrx_word' id='word_1_11' title='bbox 382 833 441 905; x_wconf 85' lang='lat'>211.</span> <span class='ocrx_word' id='word_1_12' title='bbox 530 833 748 907; x_wconf 69' lang='lat' dir='ltr'>Corollarium.</span> <span class='ocrx_word' id='word_1_13' title='bbox 794 837 831 902; x_wconf 93' lang='lat' dir='ltr'>ln</span> <span class='ocrx_word' id='word_1_14' title='bbox 862 838 983 902; x_wconf 91' lang='lat' dir='ltr'>mundo</span> <span class='ocrx_word' id='word_1_15' title='bbox 1013 837 1130 903; x_wconf 90' lang='lat' dir='ltr'>morali</span> <span class='ocrx_word' id='word_1_16' title='bbox 1160 837 1257 903; x_wconf 90' lang='lat' dir='ltr'>homo</span> <span class='ocrx_word' id='word_1_17' title='bbox 1288 837 1452 923; x_wconf 76' lang='lat' dir='ltr'>triplicem</span> <span class='ocrx_word' id='word_1_18' title='bbox 1483 838 1630 906; x_wconf 87' lang='lat' dir='ltr'>ordinem</span> 
     </span>
     <span class='ocr_line' id='line_1_3' title="bbox 382 939 1631 1028; baseline 0.006 -24"><span class='ocrx_word' id='word_1_19' title='bbox 382 939 576 1007; x_wconf 77' lang='lat' dir='ltr'><strong>rationalem</strong></span> <span class='ocrx_word' id='word_1_20' title='bbox 606 941 666 1007; x_wconf 92' lang='lat' dir='ltr'>sub</span> <span class='ocrx_word' id='word_1_21' title='bbox 690 941 752 1008; x_wconf 91' lang='lat' dir='ltr'>Dei</span> <span class='ocrx_word' id='word_1_22' title='bbox 781 943 941 1025; x_wconf 83' lang='lat' dir='ltr'>regimine</span> <span class='ocrx_word' id='word_1_23' title='bbox 971 943 1092 1027; x_wconf 85' lang='lat' dir='ltr'>partim</span> <span class='ocrx_word' id='word_1_24' title='bbox 1122 943 1312 1010; x_wconf 88' lang='lat' dir='ltr'>immediato</span> <span class='ocrx_word' id='word_1_25' title='bbox 1342 944 1463 1028; x_wconf 87' lang='lat' dir='ltr'>partim</span> <span class='ocrx_word' id='word_1_26' title='bbox 1485 946 1631 1014; x_wconf 86' lang='lat' dir='ltr'>mediato</span> 
     </span>
     <span class='ocr_line' id='line_1_4' title="bbox 381 1045 1631 1135; baseline 0.006 -25"><span class='ocrx_word' id='word_1_27' title='bbox 381 1045 482 1112; x_wconf 91' lang='lat' dir='ltr'>libare</span> <span class='ocrx_word' id='word_1_28' title='bbox 515 1048 739 1132; x_wconf 88' lang='lat' dir='ltr'>complendum</span> <span class='ocrx_word' id='word_1_29' title='bbox 764 1048 880 1128; x_wconf 88' lang='lat' dir='ltr'>habet,</span> <span class='ocrx_word' id='word_1_30' title='bbox 912 1049 1038 1116; x_wconf 91' lang='lat' dir='ltr'>scilicet</span> <span class='ocrx_word' id='word_1_31' title='bbox 1070 1049 1216 1116; x_wconf 82' lang='lat' dir='ltr'>ordinem</span> <span class='ocrx_word' id='word_1_32' title='bbox 1249 1051 1495 1135; x_wconf 79' lang='lat' dir='ltr'>individualem,</span> <span class='ocrx_word' id='word_1_33' title='bbox 1528 1055 1631 1117; x_wconf 86' lang='lat' dir='ltr'>socia-</span> 
     </span>
     <span class='ocr_line' id='line_1_5' title="bbox 382 1155 1631 1240; baseline 0.003 -22"><span class='ocrx_word' id='word_1_34' title='bbox 382 1155 450 1236; x_wconf 80' lang='lat' dir='ltr'>lem,</span> <span class='ocrx_word' id='word_1_35' title='bbox 475 1155 695 1222; x_wconf 81' lang='lat' dir='ltr'>universalem.</span> <span class='ocrx_word' id='word_1_36' title='bbox 743 1155 810 1221; x_wconf 89' lang='lat' dir='ltr'>Sub</span> <span class='ocrx_word' id='word_1_37' title='bbox 839 1155 961 1239; x_wconf 87' lang='lat' dir='ltr'>triplici</span> <span class='ocrx_word' id='word_1_38' title='bbox 993 1155 1096 1238; x_wconf 82' lang='lat' dir='ltr'>igitur</span> <span class='ocrx_word' id='word_1_39' title='bbox 1126 1155 1188 1222; x_wconf 92' lang='lat' dir='ltr'>hoc</span> <span class='ocrx_word' id='word_1_40' title='bbox 1210 1159 1363 1240; x_wconf 89' lang='lat' dir='ltr'>respectu</span> <span class='ocrx_word' id='word_1_41' title='bbox 1388 1155 1474 1223; x_wconf 87' lang='lat' dir='ltr'>actio</span> <span class='ocrx_word' id='word_1_42' title='bbox 1497 1159 1631 1223; x_wconf 90' lang='lat' dir='ltr'>moralis</span> 
     </span>
     <span class='ocr_line' id='line_1_6' title="bbox 384 1258 1631 1346; baseline 0.005 -23"><span class='ocrx_word' id='word_1_43' title='bbox 384 1258 469 1342; x_wconf 88' lang='lat' dir='ltr'>apud</span> <span class='ocrx_word' id='word_1_44' title='bbox 492 1258 608 1338; x_wconf 89' lang='lat' dir='ltr'>Deum,</span> <span class='ocrx_word' id='word_1_45' title='bbox 633 1259 755 1326; x_wconf 86' lang='lat' dir='ltr'>ordinis</span> <span class='ocrx_word' id='word_1_46' title='bbox 778 1261 923 1327; x_wconf 89' lang='lat' dir='ltr'>universi</span> <span class='ocrx_word' id='word_1_47' title='bbox 947 1261 1125 1340; x_wconf 80' lang='lat' dir='ltr'>custodem,</span> <span class='ocrx_word' id='word_1_48' title='bbox 1150 1261 1221 1327; x_wconf 89' lang='lat' dir='ltr'>sive</span> <span class='ocrx_word' id='word_1_49' title='bbox 1243 1262 1397 1346; x_wconf 89' lang='lat' dir='ltr'>primario</span> <span class='ocrx_word' id='word_1_50' title='bbox 1421 1263 1491 1328; x_wconf 91' lang='lat' dir='ltr'>sive</span> <span class='ocrx_word' id='word_1_51' title='bbox 1514 1284 1631 1329; x_wconf 89' lang='lat' dir='ltr'>secuu-</span> 
     </span>
     <span class='ocr_line' id='line_1_7' title="bbox 383 1365 1631 1452; baseline 0.006 -23"><span class='ocrx_word' id='word_1_52' title='bbox 383 1365 485 1444; x_wconf 90' lang='lat' dir='ltr'>dario,</span> <span class='ocrx_word' id='word_1_53' title='bbox 517 1365 683 1433; x_wconf 86' lang='lat' dir='ltr'>meritoria</span> <span class='ocrx_word' id='word_1_54' title='bbox 713 1368 766 1433; x_wconf 91' lang='lat' dir='ltr'>vel</span> <span class='ocrx_word' id='word_1_55' title='bbox 791 1367 1002 1434; x_wconf 83' lang='lat' dir='ltr'>demeritorie</span> <span class='ocrx_word' id='word_1_56' title='bbox 1023 1389 1097 1434; x_wconf 86' lang='lat' dir='ltr'>ease</span> <span class='ocrx_word' id='word_1_57' title='bbox 1119 1373 1240 1452; x_wconf 84' lang='lat' dir='ltr'>potest.</span> <span class='ocrx_word' id='word_1_58' title='bbox 1264 1407 1309 1416; x_wconf 92' lang='lat'><em>-</em></span> <span class='ocrx_word' id='word_1_59' title='bbox 1332 1370 1394 1435; x_wconf 85' lang='lat' dir='ltr'>Est</span> <span class='ocrx_word' id='word_1_60' title='bbox 1416 1373 1527 1436; x_wconf 87' lang='lat' dir='ltr'>autem</span> <span class='ocrx_word' id='word_1_61' title='bbox 1551 1371 1631 1436; x_wconf 88' lang='lat' dir='ltr'>ordo</span> 
     </span>
     <span class='ocr_line' id='line_1_8' title="bbox 385 1474 1631 1561; baseline 0.004 -24"><span class='ocrx_word' id='word_1_62' title='bbox 385 1474 608 1552; x_wconf 81' lang='lat' dir='ltr'>individualis,</span> <span class='ocrx_word' id='word_1_63' title='bbox 640 1495 702 1556; x_wconf 92' lang='lat' dir='ltr'>quo</span> <span class='ocrx_word' id='word_1_64' title='bbox 733 1475 954 1558; x_wconf 88' lang='lat' dir='ltr'>unusquisque</span> <span class='ocrx_word' id='word_1_65' title='bbox 984 1475 1081 1541; x_wconf 92' lang='lat' dir='ltr'>homo</span> <span class='ocrx_word' id='word_1_66' title='bbox 1104 1475 1291 1542; x_wconf 88' lang='lat' dir='ltr'>individuus</span> <span class='ocrx_word' id='word_1_67' title='bbox 1313 1476 1347 1541; x_wconf 91' lang='lat' dir='ltr'>in</span> <span class='ocrx_word' id='word_1_68' title='bbox 1369 1475 1547 1561; x_wconf 88' lang='lat' dir='ltr'>semetipso</span> <span class='ocrx_word' id='word_1_69' title='bbox 1570 1477 1631 1543; x_wconf 90' lang='lat' dir='ltr'>snb</span> 
     </span>
     <span class='ocr_line' id='line_1_9' title="bbox 383 1579 1631 1666; baseline 0.003 -22"><span class='ocrx_word' id='word_1_70' title='bbox 383 1579 571 1646; x_wconf 89' lang='lat' dir='ltr'>immediato</span> <span class='ocrx_word' id='word_1_71' title='bbox 595 1580 754 1662; x_wconf 87' lang='lat' dir='ltr'>regimine</span> <span class='ocrx_word' id='word_1_72' title='bbox 777 1580 915 1647; x_wconf 89' lang='lat' dir='ltr'>rationis</span> <span class='ocrx_word' id='word_1_73' title='bbox 938 1584 1029 1647; x_wconf 89' lang='lat' dir='ltr'>recte</span> <span class='ocrx_word' id='word_1_74' title='bbox 1052 1581 1232 1660; x_wconf 87' lang='lat' dir='ltr'>ordinatur,</span> <span class='ocrx_word' id='word_1_75' title='bbox 1257 1582 1344 1664; x_wconf 91' lang='lat' dir='ltr'>quod</span> <span class='ocrx_word' id='word_1_76' title='bbox 1359 1584 1397 1649; x_wconf 89' lang='lat' dir='ltr'>fit</span> <span class='ocrx_word' id='word_1_77' title='bbox 1411 1603 1471 1666; x_wconf 91' lang='lat' dir='ltr'>per</span> <span class='ocrx_word' id='word_1_78' title='bbox 1486 1583 1631 1649; x_wconf 80' lang='lat' dir='ltr'>debitam</span> 
     </span>
     <span class='ocr_line' id='line_1_10' title="bbox 383 1685 1631 1772; baseline 0.003 -22"><span class='ocrx_word' id='word_1_79' title='bbox 383 1685 683 1752; x_wconf 80' lang='lat' dir='ltr'>subordinationem</span> <span class='ocrx_word' id='word_1_80' title='bbox 707 1691 846 1754; x_wconf 87' lang='lat' dir='ltr'>naturae</span> <span class='ocrx_word' id='word_1_81' title='bbox 869 1686 1049 1752; x_wconf 90' lang='lat' dir='ltr'>sensitivae</span> <span class='ocrx_word' id='word_1_82' title='bbox 1070 1688 1131 1752; x_wconf 89' lang='lat' dir='ltr'>snb</span> <span class='ocrx_word' id='word_1_83' title='bbox 1147 1691 1266 1753; x_wconf 87' lang='lat' dir='ltr'>natura</span> <span class='ocrx_word' id='word_1_84' title='bbox 1281 1688 1445 1767; x_wconf 89' lang='lat' dir='ltr'>rationali,</span> <span class='ocrx_word' id='word_1_85' title='bbox 1469 1693 1504 1756; x_wconf 93' lang='lat' dir='ltr'>et</span> <span class='ocrx_word' id='word_1_86' title='bbox 1518 1688 1631 1772; x_wconf 84' lang='lat' dir='ltr'>singu·</span> 
     </span>
     <span class='ocr_line' id='line_1_11' title="bbox 383 1791 1630 1877; baseline 0.002 -21"><span class='ocrx_word' id='word_1_87' title='bbox 383 1792 488 1857; x_wconf 89' lang='lat' dir='ltr'>larum</span> <span class='ocrx_word' id='word_1_88' title='bbox 518 1792 740 1876; x_wconf 90' lang='lat' dir='ltr'>potentiarum</span> <span class='ocrx_word' id='word_1_89' title='bbox 772 1794 832 1858; x_wconf 88' lang='lat' dir='ltr'>sub</span> <span class='ocrx_word' id='word_1_90' title='bbox 862 1791 1021 1876; x_wconf 89' lang='lat' dir='ltr'>regimine</span> <span class='ocrx_word' id='word_1_91' title='bbox 1052 1793 1189 1859; x_wconf 89' lang='lat' dir='ltr'>rationis</span> <span class='ocrx_word' id='word_1_92' title='bbox 1221 1794 1399 1860; x_wconf 91' lang='lat' dir='ltr'>secundum</span> <span class='ocrx_word' id='word_1_93' title='bbox 1429 1794 1630 1877; x_wconf 82' lang='lat' dir='ltr'>exigentiam</span> 
     </span>
     <span class='ocr_line' id='line_1_12' title="bbox 384 1897 1632 1982; baseline 0.005 -21"><span class='ocrx_word' id='word_1_94' title='bbox 384 1901 522 1966; x_wconf 88' lang='lat' dir='ltr'>naturae</span> <span class='ocrx_word' id='word_1_95' title='bbox 552 1897 654 1964; x_wconf 86' lang='lat' dir='ltr'>totius</span> <span class='ocrx_word' id='word_1_96' title='bbox 684 1898 857 1965; x_wconf 89' lang='lat' dir='ltr'>humanae.</span> <span class='ocrx_word' id='word_1_97' title='bbox 904 1898 993 1964; x_wconf 92' lang='lat' dir='ltr'>Ordo</span> <span class='ocrx_word' id='word_1_98' title='bbox 1017 1901 1144 1965; x_wconf 84' lang='lat' dir='ltr'>socialis</span> <span class='ocrx_word' id='word_1_99' title='bbox 1167 1899 1295 1978; x_wconf 88' lang='lat' dir='ltr'>dicitur,</span> <span class='ocrx_word' id='word_1_100' title='bbox 1320 1920 1384 1982; x_wconf 92' lang='lat' dir='ltr'>quo</span> <span class='ocrx_word' id='word_1_101' title='bbox 1406 1899 1549 1967; x_wconf 89' lang='lat' dir='ltr'>societas</span> <span class='ocrx_word' id='word_1_102' title='bbox 1571 1900 1632 1967; x_wconf 93' lang='lat' dir='ltr'>hu·</span> 
     </span>
     <span class='ocr_line' id='line_1_13' title="bbox 384 2003 1631 2091; baseline 0.003 -23"><span class='ocrx_word' id='word_1_103' title='bbox 384 2024 491 2082; x_wconf 89' lang='lat' dir='ltr'>mana,</span> <span class='ocrx_word' id='word_1_104' title='bbox 517 2010 678 2086; x_wconf 90' lang='lat' dir='ltr'>quatenus</span> <span class='ocrx_word' id='word_1_105' title='bbox 701 2003 832 2087; x_wconf 88' lang='lat' dir='ltr'>aliquod</span> <span class='ocrx_word' id='word_1_106' title='bbox 852 2007 959 2069; x_wconf 88' lang='lat' dir='ltr'>totum</span> <span class='ocrx_word' id='word_1_107' title='bbox 976 2004 1183 2071; x_wconf 90' lang='lat' dir='ltr'>collectivum</span> <span class='ocrx_word' id='word_1_108' title='bbox 1200 2005 1380 2083; x_wconf 90' lang='lat' dir='ltr'>constituit,</span> <span class='ocrx_word' id='word_1_109' title='bbox 1404 2005 1438 2070; x_wconf 92' lang='lat' dir='ltr'>in</span> <span class='ocrx_word' id='word_1_110' title='bbox 1453 2007 1631 2091; x_wconf 88' lang='lat' dir='ltr'>semetipsa</span> 
     </span>
     <span class='ocr_line' id='line_1_14' title="bbox 384 2110 1632 2193; baseline 0.002 -18"><span class='ocrx_word' id='word_1_111' title='bbox 384 2113 473 2176; x_wconf 89' lang='lat' dir='ltr'>recte</span> <span class='ocrx_word' id='word_1_112' title='bbox 497 2110 677 2188; x_wconf 88' lang='lat' dir='ltr'>ordinatur,</span> <span class='ocrx_word' id='word_1_113' title='bbox 702 2110 787 2193; x_wconf 90' lang='lat' dir='ltr'>quod</span> <span class='ocrx_word' id='word_1_114' title='bbox 810 2113 849 2176; x_wconf 88' lang='lat' dir='ltr'>fit</span> <span class='ocrx_word' id='word_1_115' title='bbox 871 2115 942 2176; x_wconf 91' lang='lat' dir='ltr'>tum</span> <span class='ocrx_word' id='word_1_116' title='bbox 966 2111 1079 2176; x_wconf 90' lang='lat' dir='ltr'>ordine</span> <span class='ocrx_word' id='word_1_117' title='bbox 1101 2110 1248 2177; x_wconf 89' lang='lat' dir='ltr'>iustitiae</span> <span class='ocrx_word' id='word_1_118' title='bbox 1270 2114 1341 2177; x_wconf 92' lang='lat' dir='ltr'>tum</span> <span class='ocrx_word' id='word_1_119' title='bbox 1364 2111 1477 2177; x_wconf 92' lang='lat' dir='ltr'>ordine</span> <span class='ocrx_word' id='word_1_120' title='bbox 1501 2111 1632 2178; x_wconf 86' lang='lat' dir='ltr'>socialis</span> 
     </span>
     <span class='ocr_line' id='line_1_15' title="bbox 385 2215 1632 2303; baseline 0.002 -21"><span class='ocrx_word' id='word_1_121' title='bbox 385 2215 566 2286; x_wconf 86' lang='lat' dir='ltr'>charitatis.</span> <span class='ocrx_word' id='word_1_122' title='bbox 598 2217 731 2296; x_wconf 89' lang='lat' dir='ltr'>Verum,</span> <span class='ocrx_word' id='word_1_123' title='bbox 756 2238 829 2282; x_wconf 89' lang='lat' dir='ltr'>oum</span> <span class='ocrx_word' id='word_1_124' title='bbox 845 2221 918 2284; x_wconf 91' lang='lat' dir='ltr'>tota</span> <span class='ocrx_word' id='word_1_125' title='bbox 933 2217 1099 2283; x_wconf 89' lang='lat' dir='ltr'>hominum</span> <span class='ocrx_word' id='word_1_126' title='bbox 1115 2217 1258 2284; x_wconf 86' lang='lat' dir='ltr'>societas</span> <span class='ocrx_word' id='word_1_127' title='bbox 1273 2217 1420 2303; x_wconf 90' lang='lat' dir='ltr'>pluribus</span> <span class='ocrx_word' id='word_1_128' title='bbox 1436 2217 1632 2284; x_wconf 83' lang='lat' dir='ltr'>arctioribus</span> 
     </span>
     <span class='ocr_line' id='line_1_16' title="bbox 384 2323 1630 2402; baseline -0.001 -13"><span class='ocrx_word' id='word_1_129' title='bbox 384 2323 540 2400; x_wconf 88' lang='lat' dir='ltr'>coetibus,</span> <span class='ocrx_word' id='word_1_130' title='bbox 571 2323 723 2388; x_wconf 90' lang='lat' dir='ltr'>nimirum</span> <span class='ocrx_word' id='word_1_131' title='bbox 746 2323 890 2402; x_wconf 89' lang='lat' dir='ltr'>familiis,</span> <span class='ocrx_word' id='word_1_132' title='bbox 919 2323 1216 2402; x_wconf 86' lang='lat' dir='ltr'>communitatibus,</span> <span class='ocrx_word' id='word_1_133' title='bbox 1241 2323 1431 2390; x_wconf 89' lang='lat' dir='ltr'>civitatibus</span> <span class='ocrx_word' id='word_1_134' title='bbox 1453 2323 1630 2389; x_wconf 90' lang='lat' dir='ltr'>secundum</span> 
     </span>
     <span class='ocr_line' id='line_1_17' title="bbox 385 2429 1632 2512; baseline -0.001 -18"><span class='ocrx_word' id='word_1_135' title='bbox 385 2429 542 2512; x_wconf 89' lang='lat' dir='ltr'>quosdam</span> <span class='ocrx_word' id='word_1_136' title='bbox 567 2429 739 2511; x_wconf 88' lang='lat' dir='ltr'>organicos</span> <span class='ocrx_word' id='word_1_137' title='bbox 763 2429 885 2512; x_wconf 74' lang='lat' dir='ltr'>gradm</span> <span class='ocrx_word' id='word_1_138' title='bbox 909 2429 1084 2507; x_wconf 83' lang='lat' dir='ltr'>coalescat,</span> <span class='ocrx_word' id='word_1_139' title='bbox 1114 2429 1200 2495; x_wconf 90' lang='lat' dir='ltr'>idem</span> <span class='ocrx_word' id='word_1_140' title='bbox 1224 2429 1355 2496; x_wconf 88' lang='lat' dir='ltr'>socialis</span> <span class='ocrx_word' id='word_1_141' title='bbox 1379 2429 1458 2495; x_wconf 91' lang='lat' dir='ltr'>ordo</span> <span class='ocrx_word' id='word_1_142' title='bbox 1482 2431 1535 2495; x_wconf 93' lang='lat' dir='ltr'>vel</span> <span class='ocrx_word' id='word_1_143' title='bbox 1559 2429 1632 2495; x_wconf 92' lang='lat' dir='ltr'>uni-</span> 
     </span>
     <span class='ocr_line' id='line_1_18' title="bbox 385 2535 1632 2620; baseline -0.002 -19"><span class='ocrx_word' id='word_1_144' title='bbox 385 2537 506 2601; x_wconf 88' lang='lat' dir='ltr'>versim</span> <span class='ocrx_word' id='word_1_145' title='bbox 536 2535 570 2601; x_wconf 91' lang='lat' dir='ltr'>in</span> <span class='ocrx_word' id='word_1_146' title='bbox 600 2535 773 2600; x_wconf 88' lang='lat' dir='ltr'>collectiva</span> <span class='ocrx_word' id='word_1_147' title='bbox 802 2535 930 2602; x_wconf 88' lang='lat' dir='ltr'>unitate</span> <span class='ocrx_word' id='word_1_148' title='bbox 961 2535 1064 2602; x_wconf 88' lang='lat' dir='ltr'>totius</span> <span class='ocrx_word' id='word_1_149' title='bbox 1093 2535 1223 2619; x_wconf 86' lang='lat' dir='ltr'>generis</span> <span class='ocrx_word' id='word_1_150' title='bbox 1253 2536 1304 2600; x_wconf 89' lang='lat' dir='ltr'>vel</span> <span class='ocrx_word' id='word_1_151' title='bbox 1335 2536 1369 2600; x_wconf 94' lang='lat' dir='ltr'>in</span> <span class='ocrx_word' id='word_1_152' title='bbox 1396 2535 1498 2601; x_wconf 87' lang='lat' dir='ltr'>variis</span> <span class='ocrx_word' id='word_1_153' title='bbox 1527 2536 1632 2620; x_wconf 89' lang='lat' dir='ltr'>parti·</span> 
     </span>
     <span class='ocr_line' id='line_1_19' title="bbox 386 2641 1634 2725; baseline -0.001 -17"><span class='ocrx_word' id='word_1_154' title='bbox 386 2642 549 2708; x_wconf 83' lang='lat' dir='ltr'>sularibus</span> <span class='ocrx_word' id='word_1_155' title='bbox 573 2641 719 2707; x_wconf 90' lang='lat' dir='ltr'>coetibus</span> <span class='ocrx_word' id='word_1_156' title='bbox 743 2641 941 2707; x_wconf 87' lang='lat' dir='ltr'>considerari</span> <span class='ocrx_word' id='word_1_157' title='bbox 966 2646 1087 2725; x_wconf 87' lang='lat' dir='ltr'>potest.</span> <span class='ocrx_word' id='word_1_158' title='bbox 1135 2643 1223 2708; x_wconf 89' lang='lat' dir='ltr'>Ordo</span> <span class='ocrx_word' id='word_1_159' title='bbox 1246 2643 1381 2709; x_wconf 89' lang='lat' dir='ltr'>moralis</span> <span class='ocrx_word' id='word_1_160' title='bbox 1404 2642 1534 2708; x_wconf 88' lang='lat' dir='ltr'>demum</span> <span class='ocrx_word' id='word_1_161' title='bbox 1558 2645 1634 2707; x_wconf 79' lang='lat' dir='ltr'>airi-</span> 
     </span>
     <span class='ocr_line' id='line_1_20' title="bbox 385 2747 1632 2831; baseline -0.002 -17"><span class='ocrx_word' id='word_1_162' title='bbox 385 2751 517 2814; x_wconf 82' lang='lat' dir='ltr'>versclis</span> <span class='ocrx_word' id='word_1_163' title='bbox 541 2751 601 2826; x_wconf 89' lang='lat' dir='ltr'>eet,</span> <span class='ocrx_word' id='word_1_164' title='bbox 627 2767 690 2830; x_wconf 93' lang='lat' dir='ltr'>quo</span> <span class='ocrx_word' id='word_1_165' title='bbox 714 2747 913 2813; x_wconf 85' lang='lat' dir='ltr'>universitas</span> <span class='ocrx_word' id='word_1_166' title='bbox 934 2748 1143 2814; x_wconf 85' lang='lat' dir='ltr'>rationalium</span> <span class='ocrx_word' id='word_1_167' title='bbox 1168 2752 1404 2826; x_wconf 86' lang='lat' dir='ltr'>creaturarum,</span> <span class='ocrx_word' id='word_1_168' title='bbox 1429 2747 1567 2831; x_wconf 87' lang='lat' dir='ltr'>singulis</span> <span class='ocrx_word' id='word_1_169' title='bbox 1591 2749 1632 2813; x_wconf 88' lang='lat' dir='ltr'>ad</span> 
     </span>
     <span class='ocr_line' id='line_1_21' title="bbox 386 2852 1633 2938; baseline -0.002 -18"><span class='ocrx_word' id='word_1_170' title='bbox 386 2854 527 2920; x_wconf 90' lang='lat' dir='ltr'>invicem</span> <span class='ocrx_word' id='word_1_171' title='bbox 550 2858 642 2920; x_wconf 90' lang='lat' dir='ltr'>recte</span> <span class='ocrx_word' id='word_1_172' title='bbox 658 2852 825 2937; x_wconf 86' lang='lat' dir='ltr'>dispositis</span> <span class='ocrx_word' id='word_1_173' title='bbox 841 2857 875 2918; x_wconf 91' lang='lat' dir='ltr'>et</span> <span class='ocrx_word' id='word_1_174' title='bbox 891 2853 1042 2920; x_wconf 88' lang='lat' dir='ltr'>ordinate</span> <span class='ocrx_word' id='word_1_175' title='bbox 1058 2855 1318 2938; x_wconf 87' lang='lat' dir='ltr'>cooperantibus,</span> <span class='ocrx_word' id='word_1_176' title='bbox 1342 2855 1519 2919; x_wconf 89' lang='lat' dir='ltr'>secundum</span> <span class='ocrx_word' id='word_1_177' title='bbox 1535 2855 1633 2919; x_wconf 88' lang='lat' dir='ltr'>finem</span> 
     </span>
     <span class='ocr_line' id='line_1_22' title="bbox 386 2957 1634 3042; baseline -0.001 -18"><span class='ocrx_word' id='word_1_178' title='bbox 386 2959 562 3024; x_wconf 81' lang='lat' dir='ltr'>creationis</span> <span class='ocrx_word' id='word_1_179' title='bbox 592 2959 812 3025; x_wconf 89' lang='lat' dir='ltr'>universalem</span> <span class='ocrx_word' id='word_1_180' title='bbox 842 2964 933 3026; x_wconf 87' lang='lat' dir='ltr'>recte</span> <span class='ocrx_word' id='word_1_181' title='bbox 964 2959 1144 3028; x_wconf 88' lang='lat' dir='ltr'>ordinatur.</span> <span class='ocrx_word' id='word_1_182' title='bbox 1190 2960 1307 3042; x_wconf 88' lang='lat' dir='ltr'>ltaque</span> <span class='ocrx_word' id='word_1_183' title='bbox 1335 2960 1414 3024; x_wconf 93' lang='lat' dir='ltr'>ordo</span> <span class='ocrx_word' id='word_1_184' title='bbox 1437 2957 1634 3024; x_wconf 87' lang='lat' dir='ltr'>universalis</span> 
     </span>
     <span class='ocr_line' id='line_1_23' title="bbox 386 3064 1634 3148; baseline -0.002 -18"><span class='ocrx_word' id='word_1_185' title='bbox 386 3065 538 3130; x_wconf 84' lang='lat' dir='ltr'>socialem</span> <span class='ocrx_word' id='word_1_186' title='bbox 564 3069 599 3131; x_wconf 86' lang='lat' dir='ltr'>et</span> <span class='ocrx_word' id='word_1_187' title='bbox 621 3064 864 3143; x_wconf 86' lang='lat' dir='ltr'>individualem,</span> <span class='ocrx_word' id='word_1_188' title='bbox 889 3065 967 3131; x_wconf 91' lang='lat' dir='ltr'>ordo</span> <span class='ocrx_word' id='word_1_189' title='bbox 991 3069 1103 3132; x_wconf 90' lang='lat' dir='ltr'>autem</span> <span class='ocrx_word' id='word_1_190' title='bbox 1127 3065 1258 3131; x_wconf 88' lang='lat' dir='ltr'>socialis</span> <span class='ocrx_word' id='word_1_191' title='bbox 1280 3065 1514 3131; x_wconf 90' lang='lat' dir='ltr'>individualem</span> <span class='ocrx_word' id='word_1_192' title='bbox 1536 3083 1634 3148; x_wconf 88' lang='lat' dir='ltr'>prae·</span> 
     </span>
     <span class='ocr_line' id='line_1_24' title="bbox 386 3170 1307 3256; baseline 0.003 -21"><span class='ocrx_word' id='word_1_193' title='bbox 386 3171 541 3255; x_wconf 87' lang='lat' dir='ltr'>supponit</span> <span class='ocrx_word' id='word_1_194' title='bbox 564 3175 598 3238; x_wconf 93' lang='lat' dir='ltr'>et</span> <span class='ocrx_word' id='word_1_195' title='bbox 621 3171 652 3235; x_wconf 90' lang='lat' dir='ltr'>in</span> <span class='ocrx_word' id='word_1_196' title='bbox 678 3191 737 3236; x_wconf 87' lang='lat' dir='ltr'>sua</span> <span class='ocrx_word' id='word_1_197' title='bbox 760 3171 879 3238; x_wconf 87' lang='lat' dir='ltr'>latiore</span> <span class='ocrx_word' id='word_1_198' title='bbox 902 3171 1030 3238; x_wconf 92' lang='lat' dir='ltr'>unitate</span> <span class='ocrx_word' id='word_1_199' title='bbox 1053 3170 1307 3256; x_wconf 88' lang='lat' dir='ltr'>comprehendit.</span> 
     </span>
    </p>
   </div>
   <div class='ocr_carea' id='block_1_3' title="bbox 681 3362 1337 3436">
    <p class='ocr_par' dir='ltr' id='par_1_3' title="bbox 681 3362 1337 3436">
     <span class='ocr_line' id='line_1_25' title="bbox 681 3362 1337 3436; baseline 0 -2"><span class='ocrx_word' id='word_1_200' title='bbox 681 3362 829 3436; x_wconf 86' lang='lat' dir='ltr'>Notands</span> <span class='ocrx_word' id='word_1_201' title='bbox 852 3363 892 3436; x_wconf 89' lang='lat' dir='ltr'>ad</span> <span class='ocrx_word' id='word_1_202' title='bbox 916 3363 1090 3436; x_wconf 87' lang='lat' dir='ltr'>solvendas</span> <span class='ocrx_word' id='word_1_203' title='bbox 1113 3363 1337 3435; x_wconf 77' lang='lat' dir='ltr'>annulatos.</span> 
     </span>
    </p>
   </div>
   <div class='ocr_carea' id='block_1_4' title="bbox 384 3502 1634 4545">
    <p class='ocr_par' dir='ltr' id='par_1_4' title="bbox 384 3502 1634 4545">
     <span class='ocr_line' id='line_1_26' title="bbox 386 3502 1633 3588; baseline -0.006 -14"><span class='ocrx_word' id='word_1_204' title='bbox 386 3502 449 3574; x_wconf 82' lang='grc'><strong>212.</strong></span> <span class='ocrx_word' id='word_1_205' title='bbox 543 3509 571 3571; x_wconf 91' lang='grc'>1.</span> <span class='ocrx_word' id='word_1_206' title='bbox 597 3505 874 3582; x_wconf 84' lang='lat' dir='ltr'>Quemadmodum</span> <span class='ocrx_word' id='word_1_207' title='bbox 904 3504 1073 3571; x_wconf 90' lang='lat' dir='ltr'>liberrima</span> <span class='ocrx_word' id='word_1_208' title='bbox 1102 3505 1165 3570; x_wconf 89' lang='lat' dir='ltr'>Dei</span> <span class='ocrx_word' id='word_1_209' title='bbox 1195 3503 1409 3588; x_wconf 89' lang='lat' dir='ltr'>promissione</span> <span class='ocrx_word' id='word_1_210' title='bbox 1439 3508 1474 3569; x_wconf 90' lang='lat' dir='ltr'>et</span> <span class='ocrx_word' id='word_1_211' title='bbox 1503 3503 1633 3585; x_wconf 86' lang='lat' dir='ltr'>gratiae</span> 
     </span>
     <span class='ocr_line' id='line_1_27' title="bbox 385 3609 1633 3695; baseline -0.002 -19"><span class='ocrx_word' id='word_1_212' title='bbox 385 3612 469 3676; x_wconf 92' lang='lat' dir='ltr'>dono</span> <span class='ocrx_word' id='word_1_213' title='bbox 493 3611 734 3695; x_wconf 86' lang='lat' dir='ltr'>supernaturali</span> <span class='ocrx_word' id='word_1_214' title='bbox 758 3611 845 3676; x_wconf 89' lang='lat' dir='ltr'>omni</span> <span class='ocrx_word' id='word_1_215' title='bbox 869 3611 1001 3686; x_wconf 86' lang='lat' dir='ltr'>homini,</span> <span class='ocrx_word' id='word_1_216' title='bbox 1026 3610 1081 3692; x_wconf 91' lang='lat' dir='ltr'>qui</span> <span class='ocrx_word' id='word_1_217' title='bbox 1104 3631 1164 3675; x_wconf 89' lang='lat' dir='ltr'>ena</span> <span class='ocrx_word' id='word_1_218' title='bbox 1187 3631 1230 3675; x_wconf 84' lang='lat' dir='ltr'>ex</span> <span class='ocrx_word' id='word_1_219' title='bbox 1252 3613 1348 3694; x_wconf 89' lang='lat' dir='ltr'>parte</span> <span class='ocrx_word' id='word_1_220' title='bbox 1363 3609 1539 3693; x_wconf 88' lang='lat' dir='ltr'>requisitas</span> <span class='ocrx_word' id='word_1_221' title='bbox 1555 3630 1633 3674; x_wconf 93' lang='lat' dir='ltr'>con·</span> 
     </span>
     <span class='ocr_line' id='line_1_28' title="bbox 386 3715 1634 3801; baseline 0 -20"><span class='ocrx_word' id='word_1_222' title='bbox 386 3717 527 3782; x_wconf 90' lang='lat' dir='ltr'>diciones</span> <span class='ocrx_word' id='word_1_223' title='bbox 551 3717 747 3801; x_wconf 87' lang='lat' dir='ltr'>impleverit,</span> <span class='ocrx_word' id='word_1_224' title='bbox 772 3719 822 3784; x_wconf 91' lang='lat' dir='ltr'>ius</span> <span class='ocrx_word' id='word_1_225' title='bbox 846 3717 977 3801; x_wconf 86' lang='lat' dir='ltr'>aliquod</span> <span class='ocrx_word' id='word_1_226' title='bbox 1002 3717 1160 3801; x_wconf 89' lang='lat' dir='ltr'>competit</span> <span class='ocrx_word' id='word_1_227' title='bbox 1183 3718 1224 3783; x_wconf 88' lang='lat' dir='ltr'>sd</span> <span class='ocrx_word' id='word_1_228' title='bbox 1249 3718 1351 3783; x_wconf 90' lang='lat' dir='ltr'>vitam</span> <span class='ocrx_word' id='word_1_229' title='bbox 1376 3721 1556 3794; x_wconf 87' lang='lat' dir='ltr'>aeternam,</span> <span class='ocrx_word' id='word_1_230' title='bbox 1584 3715 1634 3781; x_wconf 90' lang='lat' dir='ltr'>ita</span> 
     </span>
     <span class='ocr_line' id='line_1_29' title="bbox 385 3822 1634 3907; baseline 0.001 -20"><span class='ocrx_word' id='word_1_231' title='bbox 385 3823 485 3889; x_wconf 89' lang='lat' dir='ltr'>etiam</span> <span class='ocrx_word' id='word_1_232' title='bbox 510 3823 589 3888; x_wconf 89' lang='lat' dir='ltr'>ordo</span> <span class='ocrx_word' id='word_1_233' title='bbox 613 3823 783 3902; x_wconf 89' lang='lat' dir='ltr'>naturalis,</span> <span class='ocrx_word' id='word_1_234' title='bbox 808 3845 829 3890; x_wconf 90' lang='lat' dir='ltr'>a</span> <span class='ocrx_word' id='word_1_235' title='bbox 853 3824 922 3890; x_wconf 92' lang='lat' dir='ltr'>Deo</span> <span class='ocrx_word' id='word_1_236' title='bbox 945 3845 1005 3907; x_wconf 90' lang='lat' dir='ltr'>per</span> <span class='ocrx_word' id='word_1_237' title='bbox 1029 3823 1228 3888; x_wconf 86' lang='lat' dir='ltr'>creationem</span> <span class='ocrx_word' id='word_1_238' title='bbox 1251 3822 1353 3888; x_wconf 90' lang='lat' dir='ltr'>libere</span> <span class='ocrx_word' id='word_1_239' title='bbox 1376 3822 1575 3888; x_wconf 86' lang='lat' dir='ltr'>constitutus</span> <span class='ocrx_word' id='word_1_240' title='bbox 1599 3825 1634 3888; x_wconf 87' lang='lat' dir='ltr'>et</span> 
     </span>
     <span class='ocr_line' id='line_1_30' title="bbox 384 3929 1633 4014; baseline -0.002 -18"><span class='ocrx_word' id='word_1_241' title='bbox 384 3935 552 4012; x_wconf 89' lang='lat' dir='ltr'>tamquam</span> <span class='ocrx_word' id='word_1_242' title='bbox 584 3929 746 3996; x_wconf 90' lang='lat' dir='ltr'>obiectum</span> <span class='ocrx_word' id='word_1_243' title='bbox 778 3930 973 4014; x_wconf 85' lang='lat' dir='ltr'>cognitionis</span> <span class='ocrx_word' id='word_1_244' title='bbox 1004 3931 1215 4014; x_wconf 90' lang='lat' dir='ltr'>praecipuum</span> <span class='ocrx_word' id='word_1_245' title='bbox 1244 3929 1407 3995; x_wconf 90' lang='lat' dir='ltr'>humanae</span> <span class='ocrx_word' id='word_1_246' title='bbox 1430 3929 1550 3994; x_wconf 89' lang='lat' dir='ltr'>rationi</span> <span class='ocrx_word' id='word_1_247' title='bbox 1574 3949 1633 3994; x_wconf 82' lang='lat' dir='ltr'>ex·</span> 
     </span>
     <span class='ocr_line' id='line_1_31' title="bbox 384 4036 1634 4121; baseline -0.001 -20"><span class='ocrx_word' id='word_1_248' title='bbox 384 4036 516 4116; x_wconf 89' lang='lat' dir='ltr'>hibitus,</span> <span class='ocrx_word' id='word_1_249' title='bbox 549 4057 678 4113; x_wconf 90' lang='lat' dir='ltr'>revera,</span> <span class='ocrx_word' id='word_1_250' title='bbox 710 4040 747 4103; x_wconf 90' lang='lat' dir='ltr'>ut</span> <span class='ocrx_word' id='word_1_251' title='bbox 775 4037 840 4102; x_wconf 89' lang='lat' dir='ltr'>iam</span> <span class='ocrx_word' id='word_1_252' title='bbox 871 4059 971 4121; x_wconf 88' lang='lat' dir='ltr'>supra</span> <span class='ocrx_word' id='word_1_253' title='bbox 1002 4038 1046 4116; x_wconf 93' lang='lat' dir='ltr'>(n.</span> <span class='ocrx_word' id='word_1_254' title='bbox 1077 4036 1156 4119; x_wconf 84' lang='lat'>208)</span> <span class='ocrx_word' id='word_1_255' title='bbox 1179 4037 1378 4114; x_wconf 89' lang='lat' dir='ltr'>monuimus,</span> <span class='ocrx_word' id='word_1_256' title='bbox 1408 4038 1634 4121; x_wconf 79' lang='lat' dir='ltr'>promissionis</span> 
     </span>
     <span class='ocr_line' id='line_1_32' title="bbox 384 4140 1632 4225; baseline -0.001 -18"><span class='ocrx_word' id='word_1_257' title='bbox 384 4145 553 4209; x_wconf 72' lang='lat' dir='ltr'>civiredam</span> <span class='ocrx_word' id='word_1_258' title='bbox 584 4145 746 4209; x_wconf 71' lang='lat' dir='ltr'>staturalis</span> <span class='ocrx_word' id='word_1_259' title='bbox 776 4143 937 4210; x_wconf 88' lang='lat' dir='ltr'>rationem</span> <span class='ocrx_word' id='word_1_260' title='bbox 967 4145 1077 4220; x_wconf 87' lang='lat' dir='ltr'>babet,</span> <span class='ocrx_word' id='word_1_261' title='bbox 1108 4164 1173 4225; x_wconf 90' lang='lat' dir='ltr'>qua</span> <span class='ocrx_word' id='word_1_262' title='bbox 1196 4144 1285 4208; x_wconf 90' lang='lat' dir='ltr'>Deus</span> <span class='ocrx_word' id='word_1_263' title='bbox 1315 4141 1480 4207; x_wconf 85' lang='lat' dir='ltr'>mediante</span> <span class='ocrx_word' id='word_1_264' title='bbox 1510 4140 1632 4206; x_wconf 91' lang='lat' dir='ltr'>lumine</span> 
     </span>
     <span class='ocr_line' id='line_1_33' title="bbox 384 4246 1632 4334; baseline -0.001 -21"><span class='ocrx_word' id='word_1_265' title='bbox 384 4248 521 4315; x_wconf 89' lang='lat' dir='ltr'>rationis</span> <span class='ocrx_word' id='word_1_266' title='bbox 544 4248 666 4314; x_wconf 91' lang='lat' dir='ltr'>homini</span> <span class='ocrx_word' id='word_1_267' title='bbox 690 4249 862 4316; x_wconf 90' lang='lat' dir='ltr'>denuntiat</span> <span class='ocrx_word' id='word_1_268' title='bbox 885 4251 966 4329; x_wconf 89' lang='lat' dir='ltr'>fore,</span> <span class='ocrx_word' id='word_1_269' title='bbox 991 4255 1038 4327; x_wconf 93' lang='lat' dir='ltr'>ut,</span> <span class='ocrx_word' id='word_1_270' title='bbox 1064 4271 1127 4332; x_wconf 91' lang='lat' dir='ltr'>quo</span> <span class='ocrx_word' id='word_1_271' title='bbox 1150 4250 1222 4334; x_wconf 88' lang='lat' dir='ltr'>ipse</span> <span class='ocrx_word' id='word_1_272' title='bbox 1245 4248 1371 4314; x_wconf 90' lang='lat' dir='ltr'>fidelius</span> <span class='ocrx_word' id='word_1_273' title='bbox 1394 4251 1430 4313; x_wconf 93' lang='lat' dir='ltr'>et</span> <span class='ocrx_word' id='word_1_274' title='bbox 1451 4246 1632 4332; x_wconf 84' lang='lat' dir='ltr'>perfectius</span> 
     </span>
     <span class='ocr_line' id='line_1_34' title="bbox 385 4353 1630 4439; baseline -0.001 -19"><span class='ocrx_word' id='word_1_275' title='bbox 385 4356 541 4420; x_wconf 88' lang='lat' dir='ltr'>moralem</span> <span class='ocrx_word' id='word_1_276' title='bbox 572 4355 718 4421; x_wconf 89' lang='lat' dir='ltr'>ordinem</span> <span class='ocrx_word' id='word_1_277' title='bbox 742 4356 979 4435; x_wconf 84' lang='lat' dir='ltr'>observaverit,</span> <span class='ocrx_word' id='word_1_278' title='bbox 1012 4377 1050 4422; x_wconf 93' lang='lat' dir='ltr'>eo</span> <span class='ocrx_word' id='word_1_279' title='bbox 1074 4355 1206 4421; x_wconf 87' lang='lat' dir='ltr'>uberius</span> <span class='ocrx_word' id='word_1_280' title='bbox 1229 4359 1264 4421; x_wconf 93' lang='lat' dir='ltr'>et</span> <span class='ocrx_word' id='word_1_281' title='bbox 1286 4354 1465 4439; x_wconf 88' lang='lat' dir='ltr'>perfectius</span> <span class='ocrx_word' id='word_1_282' title='bbox 1488 4374 1549 4438; x_wconf 90' lang='lat' dir='ltr'>per</span> <span class='ocrx_word' id='word_1_283' title='bbox 1571 4353 1630 4419; x_wconf 93' lang='lat' dir='ltr'>Dei</span> 
     </span>
     <span class='ocr_line' id='line_1_35' title="bbox 385 4460 1396 4545; baseline 0.002 -21"><span class='ocrx_word' id='word_1_284' title='bbox 385 4460 631 4526; x_wconf 90' lang='lat' dir='ltr'>retributionem</span> <span class='ocrx_word' id='word_1_285' title='bbox 655 4483 749 4526; x_wconf 92' lang='lat' dir='ltr'>suum</span> <span class='ocrx_word' id='word_1_286' title='bbox 773 4462 940 4545; x_wconf 90' lang='lat' dir='ltr'>proprium</span> <span class='ocrx_word' id='word_1_287' title='bbox 964 4462 1084 4527; x_wconf 87' lang='lat' dir='ltr'>bonurn</span> <span class='ocrx_word' id='word_1_288' title='bbox 1109 4466 1319 4528; x_wconf 88' lang='lat' dir='ltr'>assecuturus</span> <span class='ocrx_word' id='word_1_289' title='bbox 1342 4461 1396 4527; x_wconf 90' lang='lat' dir='ltr'>sit.</span> 
     </span>
    </p>
   </div>
   <div class='ocr_carea' id='block_1_5' title="bbox 449 4637 613 4644">
    <p class='ocr_par' dir='ltr' id='par_1_5' title="bbox 449 4637 613 4644">
     <span class='ocr_line' id='line_1_36' title="bbox 449 4637 613 4644; baseline 0 0"><span class='ocrx_word' id='word_1_290' title='bbox 449 4637 613 4644; x_wconf 71' lang='grc'>-----.--</span> 
     </span>
    </p>
   </div>
   <div class='ocr_carea' id='block_1_6' title="bbox 383 4736 1633 5072">
    <p class='ocr_par' dir='ltr' id='par_1_6' title="bbox 383 4736 1633 5072">
     <span class='ocr_line' id='line_1_37' title="bbox 383 4736 1632 4807; baseline 0.002 -17"><span class='ocrx_word' id='word_1_291' title='bbox 383 4737 486 4802; x_wconf 87' lang='lat' dir='ltr'>munis;</span> <span class='ocrx_word' id='word_1_292' title='bbox 513 4737 583 4791; x_wconf 91' lang='lat' dir='ltr'>unde</span> <span class='ocrx_word' id='word_1_293' title='bbox 601 4737 635 4792; x_wconf 91' lang='lat' dir='ltr'>ad</span> <span class='ocrx_word' id='word_1_294' title='bbox 655 4754 716 4791; x_wconf 92' lang='lat' dir='ltr'>eum</span> <span class='ocrx_word' id='word_1_295' title='bbox 735 4736 853 4807; x_wconf 89' lang='lat' dir='ltr'>pertinet</span> <span class='ocrx_word' id='word_1_296' title='bbox 872 4737 1024 4792; x_wconf 86' lang='lat' dir='ltr'>retribuere</span> <span class='ocrx_word' id='word_1_297' title='bbox 1042 4755 1091 4807; x_wconf 88' lang='lat' dir='ltr'>pro</span> <span class='ocrx_word' id='word_1_298' title='bbox 1109 4737 1168 4803; x_wconf 84' lang='lat' dir='ltr'>his,</span> <span class='ocrx_word' id='word_1_299' title='bbox 1187 4754 1257 4806; x_wconf 88' lang='lat' dir='ltr'>quae</span> <span class='ocrx_word' id='word_1_300' title='bbox 1277 4739 1344 4792; x_wconf 89' lang='lat' dir='ltr'>bens</span> <span class='ocrx_word' id='word_1_301' title='bbox 1362 4737 1408 4790; x_wconf 84' lang='lat' dir='ltr'>vel</span> <span class='ocrx_word' id='word_1_302' title='bbox 1426 4737 1498 4792; x_wconf 82' lang='lat' dir='ltr'>male</span> <span class='ocrx_word' id='word_1_303' title='bbox 1516 4737 1587 4792; x_wconf 88' lang='lat' dir='ltr'>fiunt</span> <span class='ocrx_word' id='word_1_304' title='bbox 1604 4739 1632 4792; x_wconf 90' lang='lat' dir='ltr'>in</span> 
     </span>
     <span class='ocr_line' id='line_1_38' title="bbox 384 4825 1633 4896; baseline 0.001 -16"><span class='ocrx_word' id='word_1_305' title='bbox 384 4826 585 4880; x_wconf 82' lang='lat' dir='ltr'>communitate.</span> <span class='ocrx_word' id='word_1_306' title='bbox 622 4825 673 4880; x_wconf 82' lang='lat' dir='ltr'>Est</span> <span class='ocrx_word' id='word_1_307' title='bbox 697 4829 787 4880; x_wconf 88' lang='lat' dir='ltr'>autem</span> <span class='ocrx_word' id='word_1_308' title='bbox 807 4825 882 4879; x_wconf 88' lang='lat' dir='ltr'>Dens</span> <span class='ocrx_word' id='word_1_309' title='bbox 907 4827 1073 4893; x_wconf 83' lang='lat' dir='ltr'>gubernator</span> <span class='ocrx_word' id='word_1_310' title='bbox 1099 4828 1127 4878; x_wconf 89' lang='lat' dir='ltr'>et</span> <span class='ocrx_word' id='word_1_311' title='bbox 1144 4829 1235 4879; x_wconf 88' lang='lat' dir='ltr'>rector</span> <span class='ocrx_word' id='word_1_312' title='bbox 1253 4825 1339 4879; x_wconf 88' lang='lat' dir='ltr'>totius</span> <span class='ocrx_word' id='word_1_313' title='bbox 1357 4825 1493 4891; x_wconf 87' lang='lat' dir='ltr'>universi,</span> <span class='ocrx_word' id='word_1_314' title='bbox 1519 4832 1547 4880; x_wconf 92' lang='lat' dir='ltr'>et</span> <span class='ocrx_word' id='word_1_315' title='bbox 1571 4843 1633 4896; x_wconf 89' lang='lat' dir='ltr'>spe·</span> 
     </span>
     <span class='ocr_line' id='line_1_39' title="bbox 384 4913 1631 4984; baseline -0.001 -14"><span class='ocrx_word' id='word_1_316' title='bbox 384 4913 490 4970; x_wconf 86' lang='lat' dir='ltr'>cialiter</span> <span class='ocrx_word' id='word_1_317' title='bbox 509 4914 682 4969; x_wconf 86' lang='lat' dir='ltr'>rationalium</span> <span class='ocrx_word' id='word_1_318' title='bbox 702 4915 913 4969; x_wconf 64' lang='lat' dir='ltr'>creaturarum*</span> <span class='ocrx_word' id='word_1_319' title='bbox 943 4945 975 4954; x_wconf 91' lang='lat'><em>-</em></span> <span class='ocrx_word' id='word_1_320' title='bbox 1003 4914 1080 4967; x_wconf 81' lang='lat' dir='ltr'>Adde</span> <span class='ocrx_word' id='word_1_321' title='bbox 1106 4914 1188 4967; x_wconf 89' lang='lat' dir='ltr'>etiam</span> <span class='ocrx_word' id='word_1_322' title='bbox 1207 4913 1297 4968; x_wconf 89' lang='lat' dir='ltr'>locum</span> <span class='ocrx_word' id='word_1_323' title='bbox 1317 4930 1400 4984; x_wconf 87' lang='lat' dir='ltr'>supra</span> <span class='ocrx_word' id='word_1_324' title='bbox 1420 4913 1497 4982; x_wconf 80' lang='lat'>(206)</span> <span class='ocrx_word' id='word_1_325' title='bbox 1518 4916 1631 4969; x_wconf 73' lang='lat' dir='ltr'>citatim</span> 
     </span>
     <span class='ocr_line' id='line_1_40' title="bbox 384 5003 854 5072; baseline -0.002 -15"><span class='ocrx_word' id='word_1_326' title='bbox 384 5021 418 5057; x_wconf 83' lang='lat' dir='ltr'>ex</span> <span class='ocrx_word' id='word_1_327' title='bbox 432 5003 551 5058; x_wconf 84' lang='lat' dir='ltr'>eiusdem</span> <span class='ocrx_word' id='word_1_328' title='bbox 571 5003 738 5072; x_wconf 86' lang='lat' dir='ltr'>quaestionis</span> <span class='ocrx_word' id='word_1_329' title='bbox 758 5007 809 5057; x_wconf 88' lang='lat' dir='ltr'>art.</span> <span class='ocrx_word' id='word_1_330' title='bbox 829 5003 854 5058; x_wconf 85' lang='lat'>3.</span> 
     </span>
    </p>
   </div>
   <div class='ocr_carea' id='block_1_7' title="bbox 0 0 1963 5842">
    <p class='ocr_par' dir='ltr' id='par_1_7' title="bbox 0 0 1963 5842">
     <span class='ocr_line' id='line_1_41' title="bbox 0 0 1963 5842; baseline 0 0"><span class='ocrx_word' id='word_1_331' title='bbox 0 0 1963 5842; x_wconf 95' lang='lat' dir='ltr'> </span> 
     </span>
    </p>
   </div>
  </div>
 </body>
</html>
