3909 5842
760 698 800 756 Da
818 704 917 756 natura
935 700 1167 772 imputabilitatis.
1521 705 1585 770 173

424 881 455 944 5.
480 878 528 946 Ut
551 881 645 944 actus
668 899 711 944 ex
734 881 830 962 parte
854 878 927 946 finis
945 878 1088 963 positive
1102 879 1211 946 malus
1226 879 1399 957 efficiatur,
1423 900 1504 963 opus
1519 900 1585 946 non

323 987 396 1063 est,
421 989 460 1050 ut
482 983 556 1050 linis
579 984 727 1052 intentus
750 983 795 1050 sit
810 985 926 1068 ultimo
942 986 999 1052 fini
1014 985 1157 1071 positive
1173 985 1353 1070 oppositus,
1376 985 1436 1052 sed
1451 986 1583 1063 sufficit,

323 1095 371 1158 ut
396 1091 502 1157 debito
527 1111 601 1156 cum
624 1111 662 1156 eo
688 1089 920 1157 conformitate
943 1095 1067 1160 careat.

426 1199 457 1264 6.
482 1195 604 1274 Quodsi
627 1197 804 1282 opponitur
826 1219 892 1264 non
914 1219 1012 1283 posse
1039 1198 1292 1266 indifferentiam
1322 1199 1498 1266 convenire
1528 1220 1584 1266 cc·

325 1303 463 1370 tionum
478 1306 602 1390 spectet
627 1303 704 1387 quin
720 1304 846 1389 pariter
861 1305 1037 1372 conveniat
1053 1305 1180 1372 cunctis
1194 1307 1376 1372 individuis
1390 1306 1451 1370 sub
1470 1305 1584 1372 eadem

327 1409 446 1496 specie
476 1410 650 1490 contentis,
680 1414 772 1477 recte
802 1411 836 1478 id
859 1411 990 1494 quidem
1013 1412 1227 1492 concluditur,
1258 1413 1286 1478 si
1317 1411 1427 1495 agitur
1457 1411 1497 1476 de
1526 1410 1584 1477 illa

327 1515 407 1600 ipsa
430 1515 662 1595 indifferentia,
694 1538 776 1602 quae
806 1516 840 1582 in
870 1517 978 1610 specie
1001 1518 1175 1603 reperitur,
1206 1517 1226 1584 i.
1252 1539 1279 1584 e.
1304 1517 1524 1584 indifferentia
1547 1540 1585 1582 ec

329 1623 472 1704 obiecto,·
502 1621 584 1687 haec
617 1621 702 1688 euim
734 1643 854 1689 revera
886 1623 985 1690 etiam
1019 1625 1053 1689 in
1084 1623 1250 1690 individuo
1285 1629 1407 1691 manet.
1459 1623 1583 1689 Verum

331 1729 521 1795 differentia
551 1727 695 1806 moralis,
728 1749 812 1810 quae
842 1729 1051 1795 nihilominus
1075 1730 1164 1796 actui
1187 1730 1295 1796 inesse
1318 1729 1487 1807 asseritur,
1518 1751 1583 1795 non

332 1855 377 1900 ex
401 1833 529 1900 obiecto
553 1833 773 1918 specificante,
797 1835 856 1901 sed
879 1856 922 1900 ex
945 1836 1033 1902 notis
1056 1835 1345 1916 individuantibus,
1369 1836 1519 1901 nimirum
1541 1856 1584 1901 ex

329 1940 515 2007 intentione
539 1947 597 2007 aut
620 1939 885 2020 circumstantie,
911 1940 1025 2016 oritur.

864 2140 987 2252 Ocput
1011 2140 1060 2227 II.

331 2293 389 2368 De
408 2292 603 2367 attributis
622 2293 825 2367 moralibus
840 2294 1092 2368 moralitatem
1110 2298 1217 2369 actus
1237 2292 1580 2369 concomitantibus,

807 2474 1051 2542 Articulus
1074 2475 1106 2542 1.

792 2601 842 2666 De
864 2601 1120 2687 imputribilitate.

581 2777 599 2856 t
625 2779 655 2842 1.
701 2776 758 2840 De
781 2778 936 2841 natura
958 2773 1330 2858 imputabilitatis.

333 2906 401 2977 let.
493 2909 662 2989 Iudicium,
697 2931 760 2992 quo
792 2914 886 2977 actus
919 2909 1018 2976 alicui
1049 2909 1196 2976 subiecto
1228 2909 1383 2976 tribuitur
1413 2914 1580 2994 tamquam

333 3015 467 3098 proprio
491 3015 580 3081 illius
603 3016 740 3096 auctori,
765 3015 939 3099 imputatio
964 3015 1092 3082 dicitur.
1130 3014 1247 3098 Itaque
1269 3015 1507 3101 imputabilitas
1531 3022 1582 3084 est

333 3120 519 3204 proprietas
543 3121 692 3198 actionis,
716 3121 750 3187 vi
775 3121 866 3188 cuius
889 3121 971 3188 baec
994 3125 1105 3206 potest
1129 3142 1168 3187 ac
1187 3120 1285 3188 debet
1301 3120 1397 3187 alicui
1411 3125 1581 3204 tamquam

334 3227 467 3310 proprio
497 3227 548 3294 sui
578 3227 706 3294 auctori
736 3249 775 3294 ac
805 3227 935 3294 domino
965 3227 1074 3294 tribui.
1122 3227 1201 3292 (lum
1229 3227 1409 3293 moralitate
1432 3227 1580 3307 actionis,

335 3335 497 3412 quatenus
520 3332 601 3400 haec
624 3337 760 3419 speciale
782 3334 979 3401 attributum
1003 3333 1073 3399 eius
1089 3333 1225 3399 denotat
1242 3332 1287 3416 (u.
1307 3334 1383 3415 141)
1393 3337 1414 3412 ¹,
1438 3334 1581 3418 imputa-

333 3437 445 3504 bilitas
467 3438 548 3505 illud
572 3461 742 3506 commune
764 3440 876 3518 habet,
901 3440 986 3524 quod
1008 3443 1149 3523 utraque
1173 3444 1225 3506 est
1243 3439 1426 3524 proprietas
1441 3439 1581 3506 actionis

334 3545 455 3610 liberae
477 3549 511 3612 et
535 3547 686 3614 consistit
709 3545 742 3611 in
766 3548 918 3613 relatione
943 3547 1041 3612 eidem
1057 3549 1241 3615 intrinseco.
1273 3545 1322 3611 uo
1338 3549 1447 3612 autem
1464 3547 1581 3613 ambae

335 3649 499 3730 differunt,
530 3653 616 3734 quod
646 3653 818 3720 moralitas
847 3653 1042 3718 relationem
1072 3652 1209 3718 denotat
1231 3651 1370 3718 actionis
1392 3651 1515 3719 liberae
1539 3653 1581 3720 ad

333 3759 428 3841 finan
458 3761 625 3842 ultimum
653 3757 894 3844 imputribilitas
923 3779 1004 3824 vero
1034 3758 1077 3824 ad
1107 3758 1177 3824 eius
1200 3762 1396 3845 principiam
1419 3764 1580 3827 internum

334 3868 502 3945 tamquam
533 3886 665 3931 causam
693 3865 886 3949 proximam.
933 3863 1020 3930 Hinc
1043 3865 1220 3930 secundum
1243 3885 1336 3930 suam
1359 3867 1581 3934 moralitatem

334 3969 421 4037 actio
444 3971 655 4054 praedicatur
678 3973 761 4039 tono
784 3975 843 4038 aut
865 3974 963 4055 caule,
988 3972 1165 4037 secundum
1188 3971 1478 4057 imputribilitatem
1501 3997 1580 4042 vero

334 4079 512 4143 laudabilis
544 4083 602 4145 aut
632 4078 810 4164 culpabilis,
843 4099 901 4145 seu
933 4079 972 4145 fit
1004 4077 1179 4162 imputatio
1211 4080 1266 4145 vel
1297 4081 1339 4146 ad
1368 4079 1497 4147 laudem
1527 4082 1579 4148 vel

335 4182 377 4249 ad
402 4183 541 4266 culpam.

425 4289 478 4354 Ex
500 4289 563 4355 hac
584 4288 852 4374 imputabilitatis
875 4291 1019 4370 notione,
1044 4311 1142 4373 quam
1166 4311 1209 4356 ex
1231 4291 1393 4357 communi
1414 4291 1580 4360 hominum

335 4394 527 4479 acceptione
560 4399 660 4478 atque
692 4417 754 4462 usu
783 4397 878 4462 huius
908 4396 1041 4462 termini
1064 4395 1335 4481 deprompsimus,
1368 4417 1508 4481 sequens
1540 4400 1580 4466 de

335 4503 405 4569 eius
428 4504 562 4587 propria
585 4508 705 4570 natura
728 4505 832 4571 statui
853 4509 963 4594 potest
987 4504 1198 4589 principium:

429 4765 437 4798 ¹
455 4763 557 4830 Quodsi
574 4763 716 4819 moralitas
734 4763 818 4818 latius
836 4780 885 4833 pro
902 4763 966 4832 ipse
982 4763 1139 4818 condicione
1157 4763 1298 4833 accipitur,
1323 4781 1378 4833 qua
1397 4765 1490 4834 aliqua
1509 4767 1581 4821 actio

336 4869 424 4923 capax
444 4869 505 4908 esse
522 4852 609 4923 pessit
620 4852 763 4908 moralium
777 4851 977 4914 attributorum,
997 4869 1051 4904 noc
1064 4851 1139 4906 aliud
1151 4851 1209 4905 fere
1221 4851 1360 4920 significat
1372 4870 1453 4922 quam
1465 4855 1581 4911 actionis

334 4939 498 4996 libertatem.
535 4939 594 4995 Hoc
613 4940 691 4995 modo
710 4939 862 4994 Puteudori
879 4939 932 5008 (De
950 4941 1009 4994 iure
1027 4943 1083 4994 nat
1103 4944 1131 4995 et
1149 4944 1223 5008 gent.
1241 4941 1260 4995 1.
1281 4944 1311 5005 l,
1329 4959 1353 4996 c.
1373 4942 1405 5005 5,
1423 4941 1441 5009 ἕ
1459 4942 1488 5008 3)
1512 4959 1580 5008 ,mc-

336 5027 473 5083 ralitatem
493 5027 622 5083 actionis“
643 5029 670 5082 in
690 5028 811 5084 eiusdem
830 5027 1043 5099 imputribilitate
1064 5028 1135 5097 (scil.
1153 5028 1293 5097 libertate)
1313 5030 1421 5084 fundari
1440 5031 1527 5085 docet.
