3909 5842
426 644 490 709 458
635 640 724 695 Sestio
745 640 776 696 ll.
813 641 893 696 Liber
912 642 945 696 II.
984 640 1072 713 Caput
1090 642 1138 697 111.
1176 642 1316 697 Atticulae
1337 645 1360 697 l.
1397 643 1459 711 §L

426 820 594 887 cuiusdam
615 823 831 907 philosophiae
855 824 938 888 ioris
962 822 1102 887 formam
1125 843 1165 888 ac
1188 822 1382 905 dignitatem
1399 828 1520 890 evecta
1535 828 1599 890 est.
1634 822 1678 889 Et

425 948 505 1011 prae
536 926 654 993 ceteris
684 928 814 1010 quidem
846 927 939 1011 quasi
969 927 1118 1005 „scholae
1147 928 1340 995 historicae‘¹
1375 928 1592 1013 philosophus
1615 951 1680 995 non

426 1034 589 1099 immerito
614 1033 769 1100 dicendus
793 1039 844 1101 est

516 1140 573 1205 Fr.
597 1140 664 1205 Jal.
689 1140 782 1206 Stalai
812 1138 1073 1223 (1802-1861),
1105 1139 1161 1222 qui
1183 1140 1218 1205 in
1240 1160 1299 1206 suo
1323 1161 1423 1225 opero
1449 1140 1681 1225 „Philosophia

427 1247 485 1312 oss
508 1245 650 1311 neonae
666 1249 687 1316 ¹.
714 1246 911 1330 Heidelberg
932 1224 1165 1313 raso-1837*
1177 1246 1223 1327 (4.
1242 1246 1326 1313 Auo.
1346 1246 1597 1328 mro-mn),
1621 1268 1680 1313 ex-

427 1353 586 1418 clusivum
603 1356 687 1419 iuris
699 1356 931 1437 positivismom
947 1374 1012 1418 non
1028 1354 1134 1420 solum
1149 1352 1373 1437 philosophice
1389 1352 1540 1431 fundare,
1565 1374 1680 1418 verum

427 1464 463 1525 et
485 1462 653 1541 tamquam
677 1458 783 1525 ordini
807 1458 986 1526 christiano
1010 1459 1044 1541 (i.
1069 1480 1098 1527 a.
1122 1458 1265 1525 dominio
1288 1458 1388 1525 ideali
1410 1462 1446 1524 et
1467 1458 1607 1542 politico
1629 1480 1682 1525 or·

429 1565 563 1633 thodoxi
595 1564 860 1649 lutheranismi)2
893 1564 1037 1633 maxime
1070 1586 1249 1631 consonum
1281 1564 1511 1630 commendare
1543 1570 1682 1631 conatus

426 1676 487 1740 est.
519 1670 553 1738 Si
568 1671 653 1737 hanc
676 1672 878 1739 tendentiam
893 1672 1304 1755 lotherae-theologicam
1321 1670 1477 1753 excipias,
1501 1670 1603 1735 huius
1619 1669 1678 1735 siri

427 1778 518 1844 ideas
549 1777 701 1844 iuridico·
728 1782 828 1861 atque
853 1777 1244 1863 politico-philosophicas
1269 1778 1359 1843 intra
1385 1776 1555 1855 „scholam
1578 1777 1681 1842 histo·

429 1885 549 1950 ricam“
577 1884 647 1949 fere
672 1885 888 1951 communiter
910 1890 1062 1969 receptas
1085 1885 1244 1950 videmus.
1283 1884 1392 1960 Quare
1414 1884 1457 1949 ad
1474 1884 1681 1968 propositum

429 1993 576 2058 nostrum
600 1990 652 2055 hic
676 2012 759 2057 nnus
783 1990 952 2058 doctrinae
975 1992 1139 2076 interpres
1161 1992 1268 2057 instar
1291 1992 1468 2056 multorum
1493 1990 1570 2056 erit.

518 2098 554 2163 In
579 2103 699 2165 natura
721 2098 802 2163 iuris
825 2098 1044 2164 examinanda
1068 2098 1162 2165 Stahl
1185 2101 1275 2164 recte
1298 2096 1428 2179 quidem
1448 2097 1491 2162 ab
1507 2096 1582 2162 eius
1596 2118 1681 2161 nexu

429 2227 502 2271 cnm
533 2204 685 2269 universo
717 2203 834 2270 morali
859 2204 971 2269 ordine
994 2205 1090 2269 huius
1114 2204 1225 2270 muudi
1248 2202 1475 2288 proficiscitur,
1508 2224 1630 2269 verum
1651 2204 1680 2268 in

428 2314 490 2379 hoc
513 2312 584 2397 ipso
607 2333 695 2378 nexu
720 2312 966 2379 determinando
990 2312 1109 2378 misere
1127 2317 1219 2378 errat
1234 2315 1334 2394 atque
1349 2312 1398 2378 ita
1416 2311 1538 2377 ceteris
1556 2332 1680 2395 quoque

431 2418 677 2501 deductionibus
701 2418 820 2484 falsum
845 2417 1038 2502 principium
1062 2418 1226 2502 praefigit.
1268 2418 1306 2483 In
1330 2438 1369 2482 eo
1392 2422 1505 2484 autem
1530 2418 1680 2503 capitalis

430 2523 482 2590 hio
499 2544 591 2589 error
608 2524 813 2607 potissimum
829 2524 913 2591 situs
929 2528 990 2601 est,
1015 2525 1111 2606 quod,
1135 2524 1213 2590 licet
1228 2528 1367 2605 uterque
1382 2524 1473 2601 ordo,
1498 2528 1536 2589 et
1551 2524 1680 2591 moralis

431 2636 465 2697 et
495 2630 658 2709 iuridicus,
689 2630 745 2695 ille
775 2631 816 2696 ad
840 2629 1025 2695 individuos
1048 2630 1195 2695 homines
1217 2630 1396 2696 secundum
1419 2631 1481 2695 Dei
1504 2631 1679 2713 imaginem

430 2736 693 2815 sanctificandos,
712 2736 776 2813 hic,
792 2741 962 2820 tamquam
978 2737 1058 2825 ἦθος
1073 2736 1281 2813 obiectivum‚
1298 2737 1340 2802 ad
1356 2736 1554 2802 societatem
1571 2737 1679 2803 huma·

432 2862 507 2907 nam
530 2862 594 2923 qua
609 2843 710 2909 talem
728 2864 769 2908 ex
785 2848 895 2909 mente
911 2842 1013 2908 divini
1029 2842 1227 2909 ordinatoris
1243 2842 1414 2908 moraliter
1428 2842 1677 2917 informandam,

431 2949 473 3014 ab
496 2970 561 3014 uno
585 2948 764 3030 eodemque
787 2951 965 3033 oriyinorio
989 2949 1098 3014 divino
1122 2948 1215 3013 fonte
1239 2947 1383 3014 derivari
1406 2948 1538 3026 dicitur,
1569 2949 1678 3014 nihilo·

432 3054 539 3119 minus
556 3056 712 3139 perennis
740 3053 817 3119 unio
840 3058 874 3120 et
898 3074 1075 3119 consensus
1098 3053 1178 3120 iuris
1201 3074 1275 3119 cum
1299 3054 1489 3121 moralitate
1514 3058 1678 3138 tamqnam

430 3160 517 3225 illius
533 3159 719 3227 essentialis
735 3158 881 3225 condicio
897 3160 1030 3225 minime
1046 3161 1246 3243 agnoscitur.
1272 3160 1416 3243 Eiusque
1427 3160 1515 3226 ratio
1529 3162 1677 3227 affertur:
1772 3251 1773 3254 Ἴ

430 3266 507 3349 quia
537 3267 616 3332 ordo
647 3266 801 3332 iuridious
831 3286 895 3331 non
925 3266 1012 3333 sicut
1038 3266 1171 3332 moralis
1194 3266 1383 3333 immediate
1404 3288 1465 3351 per
1489 3268 1597 3332 Deum
1620 3265 1677 3331 eri·
1772 3273 1773 3298 ¹

429 3371 529 3455 gitur,
554 3372 613 3437 ssd
636 3370 789 3449 mediate,
813 3372 939 3438 scilicet
954 3372 1016 3438 Dei
1039 3373 1195 3438 mandato
1215 3373 1295 3456 ipsis
1311 3372 1496 3438 hominibus
1512 3378 1675 3455 tamquam
1772 3457 1773 3464 ἵ

430 3480 509 3543 orolo
539 3502 597 3565 per
620 3502 652 3544 se
675 3480 835 3545 lacinanus
866 3479 1041 3563 erigendus
1071 3479 1289 3545 committitur
1311 3479 1367 3559 (cf.
1392 3500 1478 3562 quae
1501 3480 1544 3545 de
1567 3480 1675 3545 eadem
1772 3481 1773 3548 Ϊ

430 3605 466 3650 re
489 3584 553 3650 iam
578 3568 679 3669 su'pra
695 3606 725 3651 n.
744 3588 807 3651 487
833 3588 898 3651 494
924 3588 987 3652 506
1013 3586 1123 3651 allatis
1146 3586 1257 3651 verbis
1280 3586 1425 3652 auctoris
1445 3590 1566 3652 notata
1581 3584 1674 3664 sunl).

430 3689 501 3767 Qua
523 3690 557 3755 in
580 3712 616 3756 re
640 3692 761 3776 duplex
783 3692 975 3776 hypothesis
999 3697 1102 3779 protis
1126 3701 1249 3759 assato
1273 3698 1428 3777 apparet:

437 3810 443 3819 '
523 3800 550 3863 1.
582 3800 688 3863 totum
713 3798 858 3863 ordinem
883 3798 1065 3877 iuridicum‚
1097 3820 1161 3881 qua
1184 3800 1253 3864 late
1276 3804 1380 3883 patet,
1410 3798 1601 3864 immediate
1622 3818 1675 3881 per

430 3902 518 3968 solos
541 3904 688 3970 hommes
712 3926 784 3971 esse
808 3910 972 3983 erectum;

521 4014 550 4078 2.
581 4010 614 4075 in
638 4011 699 4076 Dei
723 4012 878 4077 mandato
908 4012 994 4077 hanc
1021 4010 1137 4076 miram
1160 4010 1398 4093 indulgentiam
1420 4012 1578 4095 implicite
1602 4030 1675 4074 con·

429 4116 536 4195 tinen,
561 4121 598 4184 ut
621 4116 776 4200 quidquid
800 4117 946 4183 homines
969 4117 1100 4182 nomine
1122 4117 1202 4182 iuris
1218 4117 1318 4183 etiam
1334 4121 1451 4182 contra
1465 4114 1673 4183 intentionem

429 4223 616 4289 mandantis
640 4245 697 4289 seu
722 4228 837 4290 contra
861 4226 967 4307 legem
991 4225 1147 4290 moralem
1172 4224 1360 4303 statuerint,
1394 4223 1603 4289 nihilominus
1625 4223 1673 4285 iir-

429 4350 517 4394 mum
541 4335 713 4412 ratumque
738 4330 908 4395 habeatur.

521 4539 530 4570 ¹
549 4537 646 4608 Operis
662 4538 683 4592 I.
703 4555 767 4607 pars
788 4537 824 4608 (l)
845 4538 1018 4593 inscribitur:
1039 4536 1204 4592 Geschichte
1217 4537 1265 4590 der
1278 4536 1560 4608 Rechtsphilosophie,
1577 4536 1604 4589 2.
1617 4532 1672 4588 'leil

432 4626 469 4693 (ll
491 4627 505 4679 1
525 4626 580 4680 und
598 4626 644 4693 il:
674 4624 801 4691 „Rechts-
821 4627 875 4679 und
896 4625 1068 4681 Staatslehre
1087 4626 1136 4678 aui
1152 4625 1201 4679 der
1220 4623 1380 4692 Grundlags
1398 4625 1570 4680 christlicher
1587 4622 1672 4675 Walt-

429 4713 631 4782 anschauuug.“

519 4802 577 4856 ²1².
597 4803 651 4857 lul.
671 4802 764 4869 Stahl,
790 4802 927 4857 Monachii
945 4819 962 4855 a
982 4802 1140 4871 parentibus
1157 4801 1274 4856 iudaicis
1292 4804 1390 4865 natus,
1409 4819 1480 4856 anno
1502 4800 1671 4856 rarefacta

429 4894 597 4961 protestans,
617 4890 757 4961 Herbipoli
776 4892 906 4961 primum,
926 4890 989 4944 dein
1008 4889 1127 4945 Berolini
1145 4890 1214 4945 iuris
1232 4889 1390 4944 cathedram
1409 4890 1514 4954 tenuit,
1533 4889 1575 4944 nbi
1591 4884 1670 4943 simul

428 4980 455 5033 in
475 4996 586 5033 munere
603 4980 923 5045 „Oberkousisiorialrat“
946 4980 1001 5033 dux
1021 4982 1080 5033 erat
1098 4979 1306 5033 conservatismi
1325 4976 1669 5049 protestantico·borussiei
