3909 5842
489 678 529 732 De
547 695 652 734 summo
671 680 738 734 iuris
757 680 891 734 naturalis
910 680 1049 750 principio.
1069 709 1105 718 —
1123 680 1256 734 Praeviae
1274 680 1406 735 notiones.
1509 685 1574 749 487

418 859 448 923 3.
480 858 561 923 Iuro
590 860 816 925 inestimabilia
846 866 875 924 ct
899 861 1094 926 alienabitis.
1141 861 1361 943 inalienabile,
1391 858 1411 926 i.
1437 870 1465 925 e.
1490 860 1576 942 quod

326 964 369 1029 ab
392 962 522 1029 homine
544 985 649 1047 neque
672 964 761 1031 licite
786 985 889 1047 neque
913 965 1023 1031 valide
1046 986 1178 1048 umqum
1202 964 1340 1031 alienari
1361 966 1414 1031 vel
1430 965 1575 1031 abdicari

327 1074 448 1155 potest,
473 1070 603 1153 aliquod
626 1070 676 1137 ius
700 1071 896 1137 censendum
920 1076 982 1150 est,
1007 1072 1092 1155 quod
1116 1076 1151 1138 et
1173 1077 1336 1155 quatenus
1353 1071 1474 1137 bomini
1489 1078 1576 1139 tam·

326 1198 426 1261 quam
453 1176 641 1243 necessaria
664 1177 810 1243 condicio
834 1178 1030 1261 assequendi
1052 1177 1128 1243 linis
1150 1178 1255 1243 ultimi
1280 1182 1338 1244 ant
1361 1182 1472 1245 certae
1494 1179 1576 1243 obli·

327 1282 471 1366 gationis
501 1283 636 1349 moralis
662 1284 847 1368 implendae
871 1284 979 1350 inesse
1003 1284 1117 1360 debet;
1148 1304 1244 1350 senus
1267 1306 1326 1369 per
1349 1306 1385 1351 se
1408 1288 1577 1352 alienabile

326 1390 458 1457 dieitur.
505 1389 607 1455 Porro
637 1390 722 1455 idem
752 1394 923 1474 respectus
953 1390 995 1457 ad
1026 1392 1124 1456 finem
1153 1390 1305 1457 ultimum
1328 1394 1362 1457 et
1385 1393 1427 1457 ad
1450 1395 1574 1457 certam

327 1494 572 1579 obligationem,
603 1494 654 1560 eui
684 1494 839 1562 satisfieri
869 1494 998 1573 debeat,
1032 1494 1229 1561 obieotivam
1256 1517 1403 1562 normam
1428 1500 1462 1563 et
1484 1518 1576 1563 men-

325 1622 439 1667 suram
470 1600 626 1678 continet,
657 1602 834 1667 secundum
859 1622 957 1684 quam
979 1600 1060 1667 iuris
1084 1602 1315 1684 cuiuscumque
1339 1624 1433 1669 nsum
1455 1605 1510 1669 vel
1534 1604 1576 1671 ad

328 1711 459 1791 tempus
488 1707 542 1772 vel
572 1706 605 1771 in
635 1712 828 1791 perpetuum
859 1707 1006 1773 abdicari
1033 1707 1085 1773 fas
1109 1711 1168 1774 aut
1189 1707 1285 1773 nefas
1307 1728 1381 1774 esse
1404 1708 1575 1784 indicetur.

328 1813 445 1896 Itaque
480 1834 592 1879 veram
627 1813 723 1879 huius
755 1813 943 1898 partitionis
975 1812 1139 1880 rationem
1171 1833 1379 1896 nequaquam
1411 1816 1576 1899 attingere

329 1920 490 1999 videntur,
517 1920 571 2001 qni
595 1920 709 1986 eadem
732 1919 805 1986 iura
828 1919 1052 1986 inalienabilia
1075 1940 1147 1985 esse
1170 1918 1292 2000 dieunt,
1316 1940 1401 2002 quae
1424 1927 1576 2000 nonnata,

327 2026 518 2093 alienabilia
547 2048 627 2093 vero
658 2025 790 2106 eadem,
821 2046 905 2109 quae
936 2026 1108 2109 aequisita.
1156 2026 1359 2110 Quamquam
1389 2027 1476 2093 enim
1504 2028 1577 2095 iura
1646 2036 1653 2049 ‘

328 2140 472 2201 connata
490 2140 643 2203 manente
659 2139 779 2202 natura
795 2135 947 2213 humana,
971 2134 1006 2199 in
1022 2156 1087 2217 qua
1102 2134 1292 2212 fundantur,
1316 2156 1376 2219 per
1390 2156 1426 2201 se
1441 2138 1577 2201 inomin-

326 2242 437 2309 aibilin
460 2241 523 2307 dici
546 2241 682 2326 possint,
706 2240 727 2306 i.
745 2261 773 2307 e.
798 2241 889 2319 talia,
915 2240 1265 2323 quaehomineiuvite
1281 2242 1335 2306 vel
1351 2245 1576 2308 extranaeum

327 2348 434 2415 iustae
450 2348 597 2433 poenalis
609 2348 804 2432 privationis
817 2347 925 2415 amitti
937 2351 1112 2431 nequeant,
1130 2346 1320 2429 contingere
1331 2354 1444 2413 temen
1454 2350 1576 2431 potest,

328 2457 366 2520 ut
398 2456 575 2521 secundum
607 2459 793 2538 respectum
826 2475 926 2538 supra
959 2454 1082 2521 dietum
1115 2474 1174 2537 per
1203 2453 1359 2519 adiuncta
1389 2452 1576 2537 personalia

323 2563 396 2625 tum
419 2560 470 2626 ius
493 2560 624 2645 aliquod
647 2568 816 2627 connatam
838 2560 1046 2626 nihilominus
1069 2560 1140 2625 sive
1163 2560 1197 2625 in
1215 2581 1252 2625 se
1268 2560 1339 2625 sive
1354 2559 1463 2641 quoad
1479 2579 1572 2624 usum

239 2684 242 2691 ’
326 2666 503 2733 alienabile
526 2666 568 2750 (e.
592 2689 624 2749 g.
649 2666 699 2731 ius
723 2666 911 2749 acquirendi
935 2666 1196 2751 proprietatem),
1220 2670 1292 2733 tum
1314 2665 1365 2731 ius
1385 2669 1574 2753 acquisitum

325 2772 425 2838 simul
445 2772 652 2839 inalienabile
668 2772 785 2839 merito
802 2772 971 2838 dicendum
989 2773 1043 2851 sit,
1067 2772 1196 2855 quoties
1211 2771 1362 2836 nimirum
1378 2770 1576 2837 necessitate

327 2879 426 2945 medii
456 2880 647 2961 requisitum
677 2878 778 2945 fuerit
807 2879 848 2945 ad
879 2878 1022 2944 officium
1053 2877 1185 2960 aliquod
1216 2877 1445 2944 indeclinabile
1471 2877 1576 2943 adim·

327 2986 480 3070 plendum
498 2986 559 3070 (uti
575 3008 607 3054 v.
622 3008 653 3069 g.
670 2986 720 3051 ius
736 2986 907 3070 parentale
923 2985 1117 3069 providendi
1133 2985 1359 3050 educationem
1374 2982 1575 3065 liberorum).

802 3132 1048 3201 articulus
1071 3131 1103 3202 3.

614 3252 663 3317 De
686 3273 807 3317 aninmo
830 3252 914 3315 iuria
936 3250 1100 3315 naturalia
1122 3250 1293 3334 principio.

677 3388 695 3472 ἓ
722 3394 750 3457 l.
786 3389 993 3455 Praeviae
1020 3388 1226 3455 notiones.

327 3514 395 3587 577.
486 3515 553 3580 luri
576 3514 720 3580 naturali
744 3514 909 3598 proprium
934 3518 996 3591 est,
1020 3516 1065 3592 ut,
1091 3510 1362 3594 quemadmodum
1384 3531 1503 3577 nomen
1525 3512 1576 3577 in-

328 3622 428 3701 dicat,
453 3643 495 3688 ex
519 3626 657 3688 naturae
680 3620 851 3687 rationalis
875 3619 1052 3704 principiis,
1077 3639 1160 3701 quae
1183 3617 1225 3682 ed
1248 3638 1348 3682 unum
1367 3616 1505 3700 denique
1520 3639 1576 3683 su-

330 3750 477 3811 premum
508 3732 542 3795 et
572 3726 884 3793 universalissimum
914 3725 1027 3791 reduci
1056 3727 1197 3803 constat,
1228 3723 1382 3789 methodo
1406 3727 1576 3789 rationalis

327 3836 529 3901 deductionis
552 3834 728 3899 derivetur.
776 3832 852 3898 Ideo
877 3854 919 3898 ex
942 3854 1006 3915 que
1021 3832 1094 3916 ipsa
1109 3830 1306 3897 exsistentia
1320 3830 1401 3895 iuris
1415 3830 1576 3897 naturalis

328 3941 444 4025 negari
477 3940 594 4025 eoepit,
628 3939 732 4003 omnis
763 3938 829 4005 ista
862 3938 901 4003 de
931 3959 1058 4004 summo
1088 3936 1169 4003 iuris
1198 3935 1358 4019 principio
1385 3935 1575 4020 disputatio,

326 4069 413 4131 quae
437 4047 513 4113 olim
537 4046 570 4111 in
593 4045 672 4110 iuris
690 4044 894 4129 philosophia
910 4044 1121 4128 praecipuum
1137 4042 1243 4107 locum
1259 4061 1420 4125 occupare
1436 4042 1574 4118 solebat,

325 4154 426 4219 simul
456 4174 529 4219 cnm
556 4152 626 4217 iure
649 4156 788 4217 naturae
812 4151 947 4215 exulare
970 4150 1060 4216 iussa
1089 4153 1150 4228 est,
1181 4153 1219 4215 ut
1242 4147 1393 4232 ampliori
1415 4150 1576 4215 tractatui

326 4260 370 4325 de
393 4259 538 4325 fontibus
561 4257 640 4325 iuris
664 4256 797 4341 positivi
820 4258 958 4339 gradum
982 4256 1123 4323 eederet.
1169 4254 1221 4320 Ad
1245 4275 1305 4320 nos
1327 4275 1417 4332 vero,
1448 4254 1503 4336 qni
1525 4254 1576 4320 ius

328 4370 468 4433 naturae
491 4365 717 4446 redintegrare
741 4362 851 4429 conati
871 4384 992 4440 sumus,
1016 4362 1129 4447 procul
1145 4359 1242 4425 dubio
1258 4359 1403 4443 pertinet
1425 4358 1576 4425 similiter

329 4472 418 4536 illam
443 4491 571 4553 quoque
593 4468 836 4552 inquisitionem
852 4490 872 4533 a
887 4469 957 4534 iure
973 4473 1114 4535 naturae
1128 4465 1392 4549 inseparabilem,
1417 4467 1576 4547 quantum

328 4598 383 4642 res
406 4576 634 4661 postulaverit,
659 4575 865 4641 resuscitare.

421 4684 503 4748 Sunt
526 4686 637 4749 autem
660 4680 829 4765 principia,
854 4702 872 4745 e
896 4680 1013 4763 quibus
1035 4679 1086 4744 ius
1106 4677 1258 4745 naturale
1275 4676 1418 4742 derivari
1433 4680 1574 4759 oportet,

330 4809 394 4854 uon
411 4788 485 4866 alia,
507 4808 605 4871 quam
621 4786 692 4871 ipse
708 4787 791 4869 legis
807 4786 968 4853 naturalis
985 4785 1153 4870 principia,
1172 4787 1334 4866 quatenus
1350 4782 1431 4849 haec
1447 4785 1576 4849 socialis

331 4897 473 4960 institiae
502 4896 647 4960 ordinem
676 4892 865 4975 respiciunt.
911 4892 1008 4958 Unde
1034 4914 1096 4979 per
1125 4912 1283 4956 summurn
1306 4891 1390 4954 incia
1413 4891 1575 4954 naturalia

329 5000 567 5086 (copnoaccndi)
594 5002 791 5085 principium
822 5020 890 5064 eam
919 5001 1193 5085 pencruliesimmn
1222 4998 1299 5082 lepis
1321 4996 1484 5061 naturalis
1504 4994 1576 5076 for·
