3909 5842
451 688 516 752 310
684 685 775 742 Sectio
793 687 828 742 Π.
866 684 947 743 Liber
964 689 999 744 1.
1024 689 1113 760 Caput
1132 689 1152 744 Ι.
1189 689 1329 744 Articulus
1349 692 1373 744 1.
1410 689 1473 758 51.

450 867 593 930 suatum
616 869 678 944 est,
702 865 851 948 generali
874 867 992 934 obtutu
1016 867 1235 945 considerare,
1266 866 1335 934 eius
1359 867 1575 934 essentialem
1597 873 1684 933 struo

450 973 560 1036 turam
583 973 618 1036 et
641 971 817 1053 genuinam
840 971 1001 1056 originem
1023 973 1226 1056 investigare
1250 977 1391 1059 oportet.
1439 973 1556 1058 Atque
1584 974 1629 1041 ita
1647 973 1685 1037 ins

450 1077 573 1144 sociale
596 1076 629 1142 in
652 1099 774 1161 genere
796 1099 941 1163 congrue
958 1083 1082 1148 duobos
1097 1081 1282 1147 absolvitur
1296 1080 1397 1160 libris,
1423 1101 1567 1164 quorum
1582 1080 1687 1165 primus

450 1188 629 1270 pecoralem
652 1188 859 1272 sociatopiam,
884 1187 971 1254 alter
992 1189 1170 1272 pencrolem
1191 1190 1273 1253 iuris
1288 1189 1443 1254 theoriam
1460 1187 1685 1272 complectitur.

851 1428 1028 1530 Liber
1064 1428 1299 1562 primus,

866 1624 1066 1721 Sociolopio
1092 1624 1282 1720 poneretis.

954 1843 957 1848 ’
989 1831 1112 1940 Oaput
1138 1829 1167 1916 l.

647 1983 793 2056 Natura
820 1983 1014 2058 societatis
1042 1983 1247 2058 universim
1276 1982 1514 2058 describitur.

925 2187 1169 2260 Articulus
1193 2191 1226 2261 1.

635 2325 685 2392 De
707 2329 759 2409 iia,
784 2349 865 2414 poce
887 2330 1064 2394 societatem
1087 2329 1121 2392 in
1146 2348 1203 2393 suo
1227 2347 1291 2392 cese
1315 2329 1521 2393 constituunt.

671 2506 690 2588 fl
718 2510 748 2575 1.
795 2509 898 2574 Eius
929 2514 1163 2594 conceptus
1193 2530 1238 2575 ac
1268 2507 1483 2575 definitio.

454 2625 523 2698 342.
614 2628 756 2696 Nomine
778 2632 950 2700 societatis
972 2631 1222 2718 generalissime
1241 2635 1407 2716 acceptae,
1432 2633 1469 2697 ut
1484 2633 1584 2696 recte
1599 2631 1694 2696 monet

454 2733 679 2815 Liberatore1,
710 2737 811 2820 vulgo
837 2737 1043 2822 intellegitur
1071 2737 1209 2821 quaevis
1235 2739 1373 2822 ,iunctio
1393 2738 1544 2822 plurium
1568 2738 1605 2800 in
1628 2755 1694 2799 com·

455 2862 582 2907 munem
606 2843 744 2928 aliquem
764 2844 860 2927 finon
882 2848 951 2911 auio
974 2847 1097 2912 adibus
1112 2842 1395 2930 conspirantium“.
1427 2840 1583 2908 Pressius
1598 2845 1694 2907 tamen

456 2950 492 3013 et
515 2947 702 3014 accuratius
725 2970 744 3014 e
766 2971 825 3015 suo
849 2951 998 3034 generali
1022 2955 1182 3034 conceptu
1207 2950 1348 3016 societas
1371 2947 1547 3015 definitur:

544 3055 669 3121 Iunctio
702 3061 835 3124 morolio
868 3065 896 3123 et
927 3065 1076 3124 mortona
1104 3061 1249 3144 plurium
1281 3059 1316 3123 in
1345 3077 1539 3122 communem
1573 3056 1694 3140 aliqum

452 3160 549 3245 finem
572 3162 734 3228 honestum
757 3167 826 3230 suia
850 3166 973 3230 actibus
996 3165 1260 3250 conspirantium.

545 3266 712 3334 (lanuinus
736 3269 823 3335 enim
845 3270 1015 3338 societatis
1035 3275 1224 3354 conceptus,
1249 3268 1379 3352 qualem
1395 3267 1449 3332 vel
1464 3266 1538 3351 ipse
1555 3261 1694 3350 loquendi

455 3393 534 3439 usus
557 3379 592 3441 et
615 3376 796 3442 communis
818 3377 985 3445 hominum
1005 3377 1193 3446 aestimatio
1209 3375 1410 3461 suppeditat,
1434 3375 1494 3441 has
1510 3373 1695 3442 essertines

401 3472 406 3478 ’
455 3484 553 3546 notas
576 3483 839 3566 comprehendit:

548 3589 576 3653 1.
605 3587 668 3655 Est
697 3589 881 3656 coniunctio
911 3595 1045 3658 moralis
1077 3611 1142 3656 non
1172 3608 1262 3656 mere
1295 3591 1434 3654 externa
1466 3589 1526 3652 aut
1561 3585 1694 3672 physica

457 3691 587 3758 Dicitur
618 3697 728 3760 autem
761 3696 895 3763 moralis
928 3695 1125 3776 coniunctio,
1157 3716 1241 3779 quae
1271 3693 1411 3760 vinculis
1443 3693 1626 3758 moralibus
1647 3708 1694 3756 seu

457 3795 690 3880 spiritualibus,
714 3802 867 3869 nimirum
890 3803 1138 3888 intellegentiae
1154 3807 1189 3870 et
1204 3799 1396 3878 voluntatis,
1421 3797 1581 3865 nectitur.
1613 3794 1694 3865 Unde

457 3924 478 3969 a
500 3904 671 3972 societatis
690 3908 822 3974 nomine
837 3910 1024 3976 excluditur
1041 3929 1105 3976 non
1122 3909 1227 3975 solum
1244 3905 1441 3990 aggregatio
1457 3904 1694 3988 qualiscumque

457 4009 580 4075 entium
605 4009 855 4093 irrationalium,
879 4036 993 4082 verum
1019 4015 1119 4082 etiarn
1140 4013 1310 4079 hominum
1333 4012 1431 4079 turba
1454 4014 1513 4077 aut
1529 4007 1694 4077 multitudo

456 4115 585 4182 nonnisi
600 4117 664 4184 loci
680 4139 718 4184 ac
734 4121 861 4186 numeri
877 4120 1105 4187 communione
1121 4119 1224 4186 unita.
1256 4118 1348 4196 Quod
1370 4117 1491 4182 dicitur
1511 4116 1693 4201 ,plurium‘.

457 4241 531 4288 eam
553 4223 780 4307 pluralitatem
803 4226 965 4293 sociorum
989 4226 1156 4310 intellege,
1186 4245 1270 4309 quae
1293 4224 1424 4290 omnino
1448 4222 1639 4304 requiritur,
1667 4221 1693 4282 ut

458 4330 643 4396 coniunctio
666 4332 773 4398 locum
797 4332 919 4398 habere
941 4333 1057 4416 possit,
1082 4331 1209 4400 scilicet
1231 4333 1350 4398 saltem
1380 4331 1517 4396 duorum
1529 4330 1554 4396 ².

547 4440 578 4504 2.
602 4437 791 4505 coniunctio
816 4447 982 4521 consterna
1003 4437 1192 4522 congressio
1215 4437 1301 4503 enim
1325 4440 1443 4520 suapte
1459 4439 1582 4501 natura
1597 4438 1693 4500 tram·

456 4542 555 4610 itoria
578 4543 739 4610 adfinem
764 4545 860 4611 unico
883 4544 955 4610 fere
977 4551 1099 4612 conatu
1124 4543 1358 4609 absolvendum
1384 4539 1513 4608 nonnisi
1529 4535 1692 4625 improprie

520 4685 582 4692 ..ο
597 4685 766 4692 -..ᾕ-

550 4753 557 4784 ¹
570 4750 668 4806 Ethica
681 4755 709 4806 et
720 4752 764 4806 ins
776 4755 865 4806 natur.
877 4751 894 4805 l.
906 4751 931 4817 2,
944 4751 1093 4806 Introduct.
1108 4780 1140 4789 -
1155 4748 1194 4802 De
1214 4751 1375 4816 argumento
1394 4746 1476 4801 huius
1496 4763 1556 4817 cap.
1569 4746 1605 4801 cl.
1618 4745 1690 4810 Tapo-

458 4841 528 4910 relli,
547 4839 648 4894 Diritto
666 4844 757 4895 natur.
776 4841 788 4893 Ι
807 4839 824 4908 §
842 4839 985 4894 aet—304
1004 4839 1145 4894 414-477
1166 4835 1319 4891 val—738.

547 4928 558 4962 ¹
573 4928 706 4995 ,Plnrnlie
715 4928 816 4983 locutio
826 4927 940 4982 duorum
949 4943 1062 4981 numero
1074 4929 1117 4980 est
1126 4927 1276 4980 contenta·
1302 4924 1369 4992 ng.
1380 4923 1431 4978 iur.
1441 4921 1487 4978 40.
1510 4921 1627 4978 Benifnc
1637 4915 1688 4972 vul

460 5017 501 5086 (in
519 5017 567 5071 VI.
585 5016 721 5071 Decretnl.
740 5016 776 5071 ud
794 5015 921 5084 calcem).
