3909 5842
438 687 503 752 254
700 681 788 738 Sestio
807 682 828 737 l.
865 681 945 736 Liber
963 680 1011 736 111.
1049 681 1138 752 Caput
1156 681 1190 736 11.
1227 681 1366 736 Articulua
1385 683 1410 736 6.

438 859 579 945 primum
601 877 659 923 seu
683 858 762 935 tale,
786 857 872 941 quod
894 857 1001 941 logice
1024 879 1088 924 non
1112 857 1238 924 nitatur
1261 858 1294 923 in
1317 858 1426 941 aliquo
1443 859 1507 925 alio
1523 859 1676 944 principio

438 965 577 1033 rationis
608 965 774 1049 practicae
802 965 940 1032 notiore.
986 965 1114 1032 Dicitur
1148 965 1199 1044 ,iu
1229 965 1342 1031 ordine
1370 963 1567 1049 cognitionis
1590 985 1678 1047 prac-

438 1072 558 1150 ticae“,
590 1070 667 1153 quia
696 1071 785 1138 iutra
815 1071 909 1137 huius
936 1072 1092 1139 ambitum
1117 1076 1190 1140 tcta
1213 1071 1298 1154 legis
1321 1071 1464 1154 cognitio
1487 1069 1679 1137 continetur.

440 1179 511 1244 Hoc
539 1177 730 1260 requisitum
758 1176 860 1260 igitur
882 1198 947 1242 non
970 1178 1115 1246 excludit
1138 1177 1337 1244 evidentiam
1360 1177 1595 1261 principiorum
1617 1197 1679 1261 spe

439 1286 647 1352 culatioornm
667 1283 700 1347 in
724 1304 783 1348 suo
807 1283 920 1350 ordine
942 1283 1049 1366 logice
1073 1287 1273 1350 anteriorem.
1297 1323 1340 1332 -
1364 1283 1426 1349 His
1447 1283 1556 1350 tribus
1579 1281 1681 1364 requi·

440 1389 513 1456 sitis
544 1388 764 1455 essentialibus
794 1388 871 1454 addi
900 1389 1035 1472 insuper
1063 1393 1174 1473 potest
1206 1397 1355 1475 pannum
1387 1388 1530 1472 aliquod,
1562 1409 1624 1473 per
1650 1407 1681 1452 se

441 1499 596 1583 inlepide
618 1500 746 1562 tantum
771 1493 805 1578 (i.
823 1515 851 1560 e.
875 1514 940 1559 non
958 1498 1026 1560 tam
1043 1495 1148 1578 ipsam
1171 1495 1389 1563 substantiam
1414 1495 1567 1579 principii
1591 1513 1682 1576 quam

440 1601 621 1687 perfectum
653 1600 723 1666 eius
753 1600 944 1668 enuntiandi
974 1601 1104 1666 modum
1129 1599 1332 1685 respiciens),
1363 1601 1525 1679 nimirum,
1558 1605 1597 1667 ut
1619 1621 1683 1665 eant

441 1711 586 1774 mammo
609 1709 774 1773 uerborum
796 1710 997 1792 praecisione
1019 1708 1226 1792 sufficientem
1248 1729 1308 1794 pro
1330 1730 1393 1774 nan
1416 1711 1569 1774 scientiae
1588 1707 1684 1772 deler-

441 1817 645 1881 minationem
668 1815 847 1900 coniungat.

531 1921 630 2005 Atqui
658 1918 709 1984 his
739 1920 888 1984 omnibus
918 1906 1084 2002 requisitis
1114 1918 1307 2003 principium
1344 1919 1442 1997 ,recti
1471 1925 1614 1986 naturae
1637 1939 1684 1983 or·

442 2023 544 2091 dinis‘
570 2023 668 2108 plane
690 2023 863 2092 satisfacit.
910 2025 972 2092 ast
996 2024 1081 2091 enim
1104 2023 1297 2109 principium
1321 2048 1392 2091 vere
1413 2047 1573 2092 summum

535 2133 562 2197 l.
588 2130 763 2214 ,formole“
792 2153 849 2197 seu
872 2131 1043 2198 reductive
1065 2131 1224 2199 ultimum.
1262 2132 1392 2199 Etenim
1415 2131 1685 2215 quemadmodum

443 2239 526 2324 legis
549 2243 704 2307 aeternae
728 2241 892 2308 obiectum
914 2241 1053 2308 formale
1077 2244 1128 2307 est
1147 2249 1250 2308 rectus
1265 2243 1343 2306 ordo
1359 2241 1552 2306 aniversalis
1570 2258 1683 2309 rerum.

443 2368 502 2431 per
524 2367 560 2412 so
584 2350 618 2413 et
641 2345 769 2412 ratione
792 2345 843 2411 sui
865 2345 1079 2424 necessarius,
1110 2345 1159 2412 ita
1189 2346 1340 2412 obiectum
1365 2345 1502 2428 formale
1523 2343 1611 2427 legis
1634 2363 1684 2406 na-

443 2452 559 2518 turalis
582 2452 669 2518 aliud
694 2473 766 2517 esse
789 2473 853 2517 non
877 2455 989 2536 potest
1012 2473 1109 2535 quam
1134 2453 1217 2517 idem
1240 2451 1319 2517 ordo
1342 2471 1401 2536 par
1416 2451 1521 2516 Deum
1537 2453 1684 2516 sanetum

445 2559 486 2626 ab
516 2562 651 2624 aeterno
681 2558 837 2636 sancitus,
868 2557 925 2624 sed
956 2558 989 2623 in
1020 2564 1168 2641 tempore
1192 2557 1233 2624 ad
1256 2557 1418 2624 hominem
1442 2557 1474 2622 in
1498 2553 1685 2642 particulari

445 2664 638 2749 applicatus,
652 2685 747 2746 quem
759 2668 935 2748 propterea
953 2671 1112 2745 ,staturae
1127 2665 1298 2729 rationalis
1314 2661 1506 2746 alamanne)
1522 2659 1683 2729 ordinnn“

445 2771 590 2837 dicimus,
638 2769 701 2834 Por
729 2769 815 2835 bunc
845 2770 944 2836 etiam
974 2769 1023 2836 ita
1053 2769 1157 2835 omnis
1188 2769 1397 2852 obligationis
1421 2769 1506 2836 ratio
1529 2768 1684 2840 redditur,

444 2881 481 2942 ut
504 2875 606 2960 ipsius
629 2875 714 2943 ratio
738 2876 873 2942 ulterior
896 2876 987 2942 reddi
1012 2876 1103 2942 nulla
1124 2877 1229 2961 possit
1252 2897 1312 2942 nec
1335 2876 1462 2942 debeat.
1506 2876 1550 2942 Et
1573 2895 1686 2942 revera

445 2983 488 3051 ad
518 2982 742 3065 quaestionem
775 2983 915 3066 denique
947 2983 1062 3067 ipsam,
1096 3003 1197 3065 quare
1220 2983 1289 3049 Deo
1320 2983 1426 3066 legem
1450 2982 1569 3048 terenti
1594 2981 1684 3047 homo

445 3089 598 3158 oboedire
620 3093 784 3167 teneatur,
816 3087 967 3154 adhunc
991 3087 1136 3154 ordinem
1167 3087 1342 3156 ultimatim
1373 3089 1606 3156 recurrendum
1630 3089 1684 3160 est,

445 3197 564 3283 quippe
588 3195 643 3279 qui
665 3194 698 3259 in
721 3194 794 3279 ipsa
816 3199 983 3262 cenatote
1008 3197 1118 3260 diuino
1140 3193 1296 3260 fundatus
1320 3215 1447 3262 omnem
1463 3194 1514 3260 sni
1529 3195 1683 3261 rationem

445 3305 478 3370 in
502 3301 680 3385 semetipso
711 3302 819 3381 habet,
850 3323 910 3386 pro
941 3301 1052 3367 divina
1081 3300 1210 3383 quidem
1239 3301 1419 3381 voluntate,
1451 3301 1602 3367 utillum
1626 3318 1683 3364 non

445 3409 549 3494 possit
573 3428 636 3473 non
660 3407 746 3472 velle
769 3411 804 3473 et
826 3407 1027 3492 praecipere,
1050 3427 1110 3490 pro
1135 3409 1248 3472 creata
1271 3410 1380 3472 autem
1397 3405 1580 3484 voluntate,
1604 3411 1641 3472 ut
1655 3403 1684 3466 vi

445 3514 540 3581 huius
562 3513 729 3598 praecepti
753 3514 857 3579 eidem
881 3513 1116 3596 obstringetur.
1141 3551 1184 3561 -
1208 3512 1300 3590 Quod
1323 3518 1433 3580 autem
1453 3513 1570 3580 dicitur
1588 3520 1684 3579 rectus

446 3621 535 3697 ordo,
560 3620 599 3685 ad
625 3619 696 3685 sola
718 3622 829 3685 stricta
852 3619 1018 3686 naturalia
1041 3619 1149 3686 officia
1172 3619 1393 3702 restringitur.

536 3729 566 3792 2.
585 3723 789 3806 ,materiole“
808 3745 865 3790 seu
881 3725 1170 3809 comprehensione
1186 3724 1509 3792 universalissimum.
1536 3725 1589 3790 Ad
1605 3725 1682 3789 hano

447 3831 648 3898 materialem
678 3829 960 3897 universalitatem
991 3831 1183 3915 principium
1220 3830 1319 3906 ,recti
1349 3829 1488 3895 ordinis“
1516 3831 1683 3896 manifeste

447 3937 683 4004 determinatur
705 3937 890 4020 peripsam
914 3957 1029 4003 vocem
1057 3943 1214 4016 ,naturae
1237 3937 1425 4004 rationalis“
1453 3938 1615 4004 humanas
1629 3955 1681 4021 pro

446 4067 506 4113 sua
536 4044 714 4122 totalitate,
744 4043 765 4108 i.
791 4064 818 4109 e.
843 4044 1020 4109 secundum
1052 4063 1164 4109 omnes
1193 4065 1270 4110 suos
1300 4043 1493 4110 essentiales
1520 4047 1682 4128 respectus

447 4151 683 4218 consideratae.
715 4149 768 4215 Ex
791 4170 943 4235 supremo
966 4149 1068 4232 igitur
1091 4149 1148 4215 illo
1166 4154 1200 4215 et
1214 4149 1494 4214 universalissimo
1515 4150 1683 4232 praecepto

446 4259 621 4326 secundum
646 4256 806 4340 triplicem
831 4256 1038 4322 essentialem
1062 4261 1200 4324 naturae
1223 4255 1385 4322 humanae
1408 4255 1600 4322 relationem
1617 4273 1680 4340 pro·

448 4367 535 4432 xime
565 4365 646 4430 haec
675 4365 741 4430 tria
768 4363 936 4447 generalia
958 4363 1097 4428 hominis
1120 4362 1228 4428 officia
1252 4363 1437 4428 dimanant:
1467 4363 1617 4429 ordinate
1639 4361 1681 4426 vi-

448 4473 546 4538 vendi
569 4492 649 4554 erga
672 4471 786 4546 Deum,
811 4491 890 4553 erga
911 4491 947 4535 se
962 4470 1079 4554 ipsum,
1104 4490 1185 4551 erga
1200 4469 1283 4535 alios
1298 4469 1446 4535 homines
1461 4467 1680 4551 hominumque

356 4641 367 4668 ,
448 4578 723 4644 communitatem.
771 4575 831 4640 His
855 4597 934 4640 vcro
957 4575 1063 4641 tribus
1087 4575 1248 4659 capitibus
1271 4575 1469 4642 universitas
1491 4575 1678 4642 naturalium

446 4685 585 4751 hominis
601 4684 780 4750 officiorum
798 4683 992 4759 continetur,
1010 4683 1042 4748 id
1059 4682 1144 4765 quod
1160 4701 1219 4767 per
1235 4682 1403 4748 decursum
1421 4683 1522 4748 totius
1540 4680 1645 4748 Partis
1655 4675 1680 4741 ll

446 4793 525 4857 iuris
548 4791 709 4857 naturalia
732 4789 933 4874 probabitur.

537 4901 566 4966 3.
589 4922 649 4984 per
670 4921 703 4964 se
725 4907 834 4964 notum
856 4905 885 4962 et
913 4898 1049 4962 evidens.
1086 4895 1146 4961 Est
1168 4895 1251 4961 haec
1273 4893 1458 4979 proprietas
1481 4887 1678 4976 inseparabili

447 5025 535 5072 uexu
568 5026 640 5070 eum
673 5004 745 5087 ipsa
775 5005 909 5086 formali
940 5002 1069 5068 ratione
1099 5001 1216 5066 summi
1246 5000 1396 5087 principii
1425 5004 1594 5076 conserta3
1627 4997 1678 5062 bac
