3909 5842
719 675 759 730 De
781 676 927 748 ,principio
946 676 1136 732 moralitatis‘.
1486 676 1547 742 155

299 853 389 936 quod
413 853 455 918 ad
487 853 650 919 hominem
681 853 835 938 pertinet,
871 854 1063 938 completur.
1110 852 1383 936 Quotiescumque
1413 873 1492 935 ergo
1516 852 1550 918 in

299 959 434 1027 actione
450 959 678 1028 consideratur
693 963 863 1043 respectus
878 959 977 1026 medii
993 981 1050 1027 sou
1066 959 1231 1039 utilitatis,
1255 980 1319 1043 quo
1334 959 1393 1025 illa
1407 959 1550 1025 mediate

299 1068 355 1132 vel
388 1067 577 1134 immediate
607 1067 649 1134 ad
678 1067 785 1152 ipsum
815 1087 976 1133 summum
1007 1067 1148 1134 hominis
1177 1069 1296 1133 bonnm
1321 1067 1355 1131 in
1379 1067 1448 1132 Deo
1472 1087 1550 1130 con·

299 1175 504 1256 sequendam
521 1175 666 1258 proficua
681 1193 754 1239 esse
769 1173 984 1257 intellegitur,
1001 1175 1083 1240 haec
1098 1174 1252 1241 utilitatis
1267 1172 1353 1240 ratio
1364 1171 1550 1238 necessario

301 1301 378 1346 cum
401 1279 475 1364 ipsa
492 1279 622 1346 ratione
637 1279 843 1345 rectitudinis
859 1301 917 1345 seu
933 1280 1118 1348 honestatis
1133 1280 1278 1346 obiectae
1292 1283 1328 1345 et
1342 1282 1552 1346 materialiter

301 1385 466 1466 congruit.
497 1385 604 1463 Quare
628 1384 673 1450 nil
696 1385 841 1469 impedit,
867 1385 1040 1468 quominus
1062 1385 1096 1451 iu
1111 1385 1272 1452 relatione
1288 1405 1416 1467 quoque
1432 1384 1551 1450 eudae-

301 1491 510 1573 monolngica
532 1493 589 1558 doc
611 1492 703 1558 mado
723 1492 878 1558 intellecta
895 1491 1062 1558 criterium
1078 1490 1285 1574 moralitatis,
1309 1491 1371 1558 etsi
1388 1491 1430 1557 ad
1446 1490 1551 1556 scien·

303 1595 372 1662 tiae
396 1617 489 1663 usum
512 1619 577 1664 non
602 1597 785 1664 formaliter
808 1598 1040 1680 adaequatum,
1064 1601 1275 1664 materialiter
1297 1601 1409 1664 tamen
1436 1617 1550 1662 verum

303 1708 341 1770 et
363 1703 438 1769 ideo
461 1705 608 1788 practice
631 1708 739 1770 tutum
764 1709 964 1786 agnoscatur
988 1703 1044 1786 (cf.
1068 1727 1099 1770 n.
1125 1705 1193 1786 68).

301 1858 372 1932 178.
463 1857 655 1934 coronaria:
686 1863 711 1930 I.
737 1863 880 1948 Simplici
906 1862 1126 1947 applicatione
1149 1861 1244 1928 huius
1267 1883 1402 1928 normae
1429 1883 1551 1945 cogno-

302 1989 397 2033 scere
413 1968 500 2046 licet,
525 1989 589 2050 qua
607 1969 736 2035 ratione
761 1991 781 2035 a
804 1969 946 2052 genuino
968 1967 1168 2035 moralitatis
1192 1969 1351 2052 principio
1375 1969 1553 2034 deflectant

302 2080 376 2140 tum
398 2075 643 2152 ,utilitarismus
666 2074 815 2141 socialis'‘
843 2079 913 2142 tum
930 2075 1042 2141 schola
1061 2075 1431 2153 ,leibnizio-wolfiana“.
1464 2075 1551 2140 Nam

303 2186 536 2264 praeterquam
569 2181 653 2263 quod
685 2182 719 2246 in
751 2186 888 2265 utroque
920 2186 1103 2264 systemate
1136 2181 1272 2265 formale
1303 2181 1551 2248 fundamentum

303 2287 440 2353 moralis
475 2285 668 2352 discriminis
701 2287 832 2370 signate
864 2288 984 2354 saltem
1016 2309 1081 2353 non
1117 2288 1317 2362 enuntiatur,
1351 2287 1451 2352 etiam
1485 2310 1552 2352 ma·

304 2395 463 2459 terialiter
481 2397 665 2478 spectatum
690 2393 867 2474 criterium,
893 2394 978 2477 qnod
1003 2394 1181 2472 continent,
1206 2413 1411 2479 nequaquam
1434 2414 1495 2477 per
1517 2414 1554 2458 se

302 2499 353 2566 ita
377 2499 544 2566 definitum
568 2503 629 2578 est,
653 2505 691 2567 ut
710 2501 827 2566 saltem
845 2501 980 2568 realiter
994 2499 1179 2566 necessario
1196 2521 1268 2565 cum
1285 2520 1365 2564 vera
1380 2499 1553 2566 honestate

303 2607 359 2672 vel
389 2606 598 2673 inhonestate
628 2607 821 2674 consentiat.
869 2605 1016 2674 Tametsi
1048 2607 1133 2671 enim
1167 2627 1210 2672 ax
1240 2611 1351 2673 mente
1383 2611 1553 2673 auctorum

303 2717 376 2779 tum
414 2712 552 2790 ,sociale
585 2713 723 2779 bonum“
758 2719 829 2780 tum
862 2713 1024 2778 humanae
1056 2716 1196 2778 naturae
1228 2712 1404 2796 perfectio“
1441 2713 1554 2796 procul

306 2817 405 2883 dubio
429 2819 472 2883 ad
495 2819 615 2885 bonum
637 2819 810 2886 rationalis
833 2818 1039 2903 potissimum
1063 2822 1203 2885 naturae
1226 2818 1394 2902 proprium
1409 2819 1554 2884 referen-

305 2921 383 2988 dum
409 2928 469 3002 est,
493 2945 554 3008 per
576 2945 613 2992 se
635 2929 747 2992 tamen
770 2946 878 3009 vagae
902 2923 1059 2991 eiusmodi
1083 2925 1258 2990 verborum
1276 2925 1437 2991 formulae
1453 2926 1554 2992 inter·

303 3027 524 3112 pretationem
558 3031 662 3097 multo
701 3031 852 3098 latiorem
891 3051 1097 3113 nequaqnam
1130 3030 1326 3106 excludunt;
1365 3032 1464 3114 idque
1492 3032 1553 3096 im·

304 3135 420 3220 primis
454 3135 494 3202 de
526 3136 637 3202 Wolfii
669 3137 829 3222 principio
861 3139 961 3205 valet.
1009 3137 1054 3204 ut
1086 3157 1175 3216 vero,
1208 3137 1273 3203 nisi
1304 3137 1549 3221 ,perfectionis“

304 3246 482 3325 conceptus
517 3243 680 3309 definitius
713 3243 1015 3321 circumscribatur,
1048 3243 1126 3326 quid
1154 3243 1209 3308 vel
1239 3243 1345 3327 ipsum
1377 3243 1553 3327 Epicurum

303 3347 473 3432 impediat,
506 3349 678 3431 quominus
708 3351 788 3416 illud
812 3371 906 3416 sunm
929 3350 1056 3416 faciat?
1080 3385 1121 3396 ·-
1145 3349 1250 3427 Adde,
1281 3349 1367 3431 quod
1389 3349 1475 3432 iugis
1497 3349 1553 3414 illa

304 3455 493 3539 progressio
517 3456 558 3520 ad
581 3455 720 3522 idealem
743 3456 978 3541 perfectionem
1006 3476 1182 3539 numquam
1214 3454 1448 3538 complendam,
1473 3475 1554 3538 qna·

304 3561 347 3626 lis
370 3560 532 3627 Leibnizio
557 3562 690 3646 placuit,
720 3563 786 3629 iam
816 3562 893 3628 alibi
917 3583 937 3628 a
960 3562 1053 3628 nobis
1083 3561 1184 3628 certis
1216 3560 1396 3626 rationibus
1419 3559 1554 3625 exclusa

305 3671 359 3734 est
382 3664 428 3747 (n.
453 3665 520 3748 58).

305 3822 373 3893 179.
464 3821 505 3887 ΙΙ.
522 3821 733 3908 Principium,
751 3825 835 3907 quod
853 3824 941 3890 intra
960 3826 1197 3910 „capirisrnum
1213 3822 1382 3888 moralem“
1396 3821 1430 3888 in
1447 3823 1555 3907 specie

309 3931 436 4011 ,setae
459 3929 594 3996 scotiea“
621 3935 658 3997 ut
681 3951 774 3996 suum
798 3933 982 4016 profitetur,
1007 3929 1127 4014 duplici
1151 3950 1192 3995 ex
1212 3930 1321 4014 capite
1337 3929 1378 3994 ab
1394 3929 1468 3995 idea
1483 3929 1555 3994 veri

305 4034 458 4120 principii
480 4034 678 4102 moralitatis
701 4037 851 4102 aberrat:
875 4040 980 4124 primo
1004 4035 1132 4119 quidem
1158 4056 1201 4100 ex
1219 4035 1331 4100 eodem
1349 4035 1467 4118 eapite,
1492 4055 1555 4117 quo
1647 4020 1649 4024 ¹

311 4142 558 4221 ,utilitarismus
574 4141 721 4207 socialis“
742 4147 869 4226 peccat,
894 4143 986 4208 caius
1002 4142 1178 4226 specialem
1194 4140 1332 4206 formam
1350 4141 1555 4224 empirismus

306 4251 552 4332 repraesentem
578 4249 695 4315 danae
719 4269 797 4314 vero
822 4270 863 4314 ex
887 4249 1079 4334 particulari
1101 4248 1211 4314 indole
1233 4247 1295 4313 sibi
1317 4246 1459 4330 propria.
1506 4245 1555 4312 Ilo

307 4355 467 4440 imprimis
485 4355 630 4439 pertinet
644 4355 791 4422 inventio
811 4356 948 4423 alicuius
969 4377 1101 4435 ,sensus
1117 4355 1268 4420 moralis“
1288 4354 1342 4418 vel
1363 4353 1555 4430 ,instinctus

307 4459 511 4538 rationalis“‚
543 4461 598 4544 qui
630 4462 670 4527 ab
700 4465 929 4549 intellegentiae
957 4463 1113 4546 facultate
1142 4463 1288 4526 diuersas
1317 4459 1412 4542 eique
1441 4479 1555 4543 super-

308 4567 440 4634 additus
455 4567 508 4634 sit.
537 4568 575 4632 In
591 4589 795 4651 quacumque
811 4569 940 4634 demum
956 4589 993 4634 re
1009 4567 1228 4650 catologicam
1243 4565 1405 4632 rationem
1421 4564 1554 4630 moralis

308 4673 505 4739 discriminis
528 4673 711 4739 formaliter
735 4673 889 4740 constitui
913 4675 1031 4757 aliquis
1054 4675 1145 4750 velit,
1169 4673 1202 4737 id
1222 4676 1313 4738 certe
1328 4692 1371 4737 ex
1395 4670 1445 4750 iis,
1469 4691 1554 4754 quae

308 4781 467 4846 hactenus
484 4799 681 4861 cognoscere
696 4777 798 4858 licuit,
815 4779 937 4846 nemini
953 4779 1085 4846 dubium
1101 4799 1174 4844 esse
1190 4781 1302 4862 potest
1317 4777 1463 4843 ordinem
1486 4797 1555 4841 mo·

307 4871 411 4952 ralem
436 4885 468 4950 in
492 4885 705 4951 relationibus
729 4907 856 4952 omnem
874 4907 1005 4951 sensum
1023 4883 1350 4952 transscendentibus
1366 4883 1555 4960 consistere,

309 4994 456 5075 adeoque
475 4995 647 5078 proprium
669 4995 897 5080 intellepentiae
919 4993 1089 5073 (rationis)
1112 4992 1262 5057 obiectam
1287 5012 1360 5056 esse.
1403 4988 1455 5054 Ad
1479 4989 1556 5070 qnid
