3909 5842
399 683 462 747 158
625 674 715 730 Sectio
733 673 755 729 l.
792 673 874 730 Liber
892 675 926 730 ll.
964 675 1052 746 Caput
1070 675 1091 729 1.
1128 673 1269 729 Articulus
1289 675 1313 729 1.
1350 673 1412 742 §3-

398 875 469 920 cum
487 873 558 918 cum
576 848 803 932 deontologico
819 847 982 916 obiective
998 853 1033 917 et
1048 849 1267 916 materialiter
1282 869 1462 932 congruere
1477 850 1649 924 videmus3

397 960 483 1024 unde
505 959 553 1034 fit,
584 959 621 1022 ut
644 955 761 1022 virtuti
783 954 975 1039 praemium,
999 954 1081 1022 vitio
1108 975 1215 1039 poena
1237 955 1386 1036 generali
1407 961 1550 1023 naturae
1571 957 1651 1040 lego

398 1064 566 1150 proposita
589 1063 642 1130 sit.
691 1062 735 1128 st
757 1061 853 1126 buius
876 1061 1007 1146 quidem
1030 1060 1192 1127 naturalis
1215 1061 1404 1139 sanctionis,
1429 1083 1495 1144 qua
1517 1062 1650 1128 divinus

399 1172 569 1256 legislator
598 1169 705 1252 legem
736 1168 892 1233 moralem
918 1167 1078 1233 adversus
1101 1166 1264 1234 humanae
1286 1167 1452 1236 libertatis
1474 1167 1648 1236 arbitrium

398 1281 562 1344 firmatam
599 1273 705 1341 voluit
743 1273 1028 1356 (quemadmodum
1069 1273 1157 1340 infra
1189 1275 1392 1340 enucleatius
1428 1277 1647 1358 ostendetur),

398 1385 427 1450 is
450 1383 644 1468 praecipuus
670 1380 744 1445 finis
775 1384 835 1459 est,
866 1383 904 1446 ut
927 1379 1070 1446 humana
1092 1381 1248 1448 voluntas
1271 1387 1341 1446 tum
1364 1381 1486 1448 intuitu
1508 1380 1648 1466 praemii

399 1495 468 1558 tum
506 1493 595 1556 metu
628 1507 754 1572 poenas
788 1485 821 1551 in
855 1487 1083 1570 prosequendo
1117 1487 1252 1553 moralis
1290 1487 1475 1554 honestatis
1512 1487 1647 1556 tramite

400 1595 609 1678 semetipsam
640 1591 799 1659 adversus
829 1591 1010 1658 sensitivae
1039 1598 1180 1659 naturae
1204 1593 1375 1660 obstacula
1399 1600 1582 1679 opportune
1605 1595 1647 1660 ad

400 1699 619 1768 constantiam
643 1697 841 1764 corroboret.
879 1697 957 1775 Quis
981 1704 1092 1765 autem
1116 1721 1137 1768 a
1159 1698 1276 1765 morali
1300 1699 1449 1767 bonitate
1472 1701 1647 1768 deflectere

401 1829 474 1874 eum
498 1806 628 1882 dixerit,
653 1803 706 1886 qui
730 1807 864 1888 praeter
886 1804 992 1888 ipsam
1015 1805 1100 1888 legis
1123 1805 1344 1874 reverentiam
1369 1828 1407 1873 eo
1430 1808 1527 1875 simul
1543 1809 1648 1875 utitur

401 1916 482 1979 hene
506 1909 624 1995 agendi
646 1909 871 1988 incitamento,
896 1911 982 1992 quod
1006 1911 1096 1976 Deus
1118 1911 1198 1996 ipse,
1223 1916 1261 1979 ut
1284 1933 1322 1978 eo
1345 1914 1485 1997 quisque
1506 1935 1566 2000 pro
1589 1937 1647 1981 ne-

401 2019 560 2087 nessitate
584 2023 618 2084 et
641 2017 889 2101 opportunitate
912 2021 1037 2095 utatur,
1061 2019 1211 2102 suggerit
1234 2023 1334 2103 atque
1357 2022 1519 2106 imponit?

488 2159 594 2220 Nota.
636 2157 712 2228 Quid
733 2158 807 2228 veri,
838 2157 907 2236 quid
928 2157 999 2218 falsi
1019 2163 1073 2219 aut
1093 2159 1190 2218 minus
1210 2160 1338 2237 perfecti
1358 2161 1478 2232 ceteris,
1508 2179 1583 2236 quae
1602 2179 1647 2219 rc·

402 2259 579 2328 censuimus,
594 2255 772 2316 moralitatis
786 2255 942 2334 principiis
956 2255 1056 2316 inesse
1071 2255 1225 2316 dicendum
1241 2258 1290 2330 sit,
1305 2257 1394 2318 facile
1409 2277 1446 2318 ex
1461 2258 1500 2317 iis
1515 2258 1647 2333 colliges,

402 2375 476 2434 quae
497 2357 555 2414 iam
578 2354 613 2412 de
634 2351 763 2428 genuino
784 2351 964 2411 moralitatis
978 2353 1125 2430 principio
1144 2355 1243 2414 theticc
1257 2355 1438 2414 adstruenda
1453 2354 1648 2431 aggredimur.

651 2537 680 2592 0.
699 2534 813 2591 Poritira
831 2533 861 2590 le
878 2549 938 2590 vcro
956 2533 1077 2605 principio
1094 2532 1251 2590 moralitatis
1268 2535 1399 2592 maturio.

402 2651 464 2724 181,
555 2649 604 2714 De
628 2645 791 2712 obiectiva
815 2644 944 2711 ratione
966 2643 1101 2709 moralis
1124 2643 1319 2710 discriminis
1343 2650 1481 2712 eatenus
1502 2647 1568 2712 iam
1584 2669 1648 2713 non

403 2757 608 2838 ambigimus,
634 2753 719 2836 quod
744 2773 816 2818 cam
840 2751 873 2817 in
897 2754 1032 2817 actionis
1052 2753 1255 2836 proportione
1275 2753 1371 2836 finali
1394 2755 1439 2818 cd
1453 2755 1569 2835 Deum,
1593 2755 1647 2820 ab·

403 2868 537 2930 aelectum
569 2869 710 2928 centrum
740 2863 834 2926 totius
863 2859 989 2924 ordinis
1016 2858 1137 2942 finalis,
1165 2857 1266 2924 sitam
1296 2881 1370 2925 esse
1397 2881 1471 2926 cum
1496 2861 1647 2927 universa

402 2967 608 3054 philosophia
643 2966 822 3034 christiana
855 2969 946 3031 certo
979 2963 1203 3047 cognovimus.
1249 2965 1287 3030 ld
1322 2969 1451 3032 tantum
1482 2967 1588 3032 adhuc
1615 2967 1648 3032 in

403 3075 628 3159 quaestionem
659 3073 771 3138 vocari
800 3075 921 3156 potest.
953 3071 1107 3157 quornodo
1136 3071 1218 3136 haec
1247 3070 1320 3155 ipsa
1349 3072 1458 3138 finalis
1482 3074 1648 3158 proportio

404 3181 529 3266 concipi
560 3185 595 3246 et
618 3179 781 3246 enuntiari
806 3178 934 3255 debeat,
966 3182 1003 3243 ut
1032 3198 1098 3242 non
1122 3179 1227 3243 solum
1252 3178 1413 3245 obiective
1435 3201 1561 3259 veram,
1592 3182 1647 3247 sed

404 3311 503 3356 esuo
535 3293 694 3370 conceptu
724 3305 803 3351 vere
831 3285 1001 3367 formalem
1030 3287 1065 3349 et
1095 3283 1287 3367 simpliciter
1315 3288 1462 3350 ultimam
1488 3288 1646 3354 rationem

403 3396 567 3472 exhibeat,
600 3395 640 3459 ob
671 3413 768 3475 quam
800 3390 922 3474 aliquid
951 3389 1125 3455 honestum
1155 3389 1210 3454 vel
1232 3389 1440 3457 inhonestum
1464 3393 1594 3460 dicatur
1614 3401 1647 3461 et

403 3503 456 3570 sit.
503 3502 598 3568 Hanc
629 3505 737 3565 autem
766 3496 986 3563 determinare
1009 3499 1061 3562 est
1083 3494 1189 3579 ipsum
1214 3495 1433 3562 determinare
1451 3503 1646 3588 principium

404 3611 608 3690 moralitatis,
642 3627 705 3672 non
737 3605 842 3670 solum
872 3604 1172 3688 quomodocumque
1207 3603 1403 3668 obiectivum
1438 3610 1473 3671 et
1504 3609 1647 3690 practice

404 3737 528 3792 verum,
559 3714 617 3780 scd
648 3714 745 3780 etiam
775 3711 913 3795 formale
936 3716 970 3778 et
994 3712 1180 3776 absolutum.
1226 3709 1316 3774 ldem
1340 3710 1442 3792 igitur
1462 3715 1648 3796 promiscue

404 3822 503 3890 ctiam
528 3820 686 3905 appellari
715 3823 826 3902 potest
854 3817 987 3896 ,ultima
1016 3817 1181 3884 obiectiva
1207 3821 1340 3883 norma·
1362 3819 1417 3884 vel
1443 3841 1647 3906 ,supremum

403 3927 598 3993 obiectivum
623 3926 808 3992 criterium“
836 3924 1044 3990 moralitatis.
1092 3923 1220 3990 Dicitur
1242 3925 1435 4008 obiectivum,
1466 3935 1505 3992 ut
1534 3929 1646 3995 distin·

404 4039 569 4118 guaturu
601 4033 731 4100 criterio
764 4053 821 4098 seu
855 4032 971 4114 regula
1003 4032 1183 4110 subiectiora,
1218 4052 1303 4114 quae
1334 4032 1367 4097 in
1397 4033 1648 4118 uniuscuiusque

404 4141 603 4208 conscientia
634 4145 746 4208 exstat
775 4160 881 4222 neque
910 4139 1145 4206 accidentalem
1169 4159 1313 4205 errorem
1337 4141 1499 4217 excludit3
1532 4142 1649 4208 dicitur

404 4247 569 4314 criterium
593 4269 775 4334 supremum
801 4247 853 4311 vel
877 4265 992 4312 norma
1014 4249 1137 4329 ultima,
1161 4267 1225 4329 quo
1248 4246 1451 4330 significetur
1473 4249 1508 4314 in
1524 4270 1566 4315 ea
1580 4271 1648 4315 om-

404 4375 477 4420 nem
501 4353 662 4420 rationem
686 4373 821 4420 normae
845 4353 893 4420 ita
915 4375 973 4439 per
996 4375 1029 4419 ae
1051 4359 1086 4419 et
1107 4353 1290 4435 formaliter
1312 4353 1449 4430 absolvi,
1473 4357 1511 4419 ut
1534 4354 1576 4419 ad
1599 4355 1648 4419 ul·

404 4461 556 4526 terionem
581 4460 692 4526 reduci
716 4481 779 4526 non
803 4459 916 4544 possit.

493 4575 661 4642 Eiusmodi
690 4575 792 4659 igitur
821 4574 1020 4642 moralitatis
1049 4573 1243 4658 principium
1270 4594 1336 4638 non
1366 4574 1430 4640 nisi
1452 4597 1552 4640 uerum
1577 4597 1649 4640 esse

404 4703 507 4764 aeque
531 4681 740 4748 manifestum
766 4685 827 4758 est,
857 4703 895 4746 oc
920 4701 992 4746 esse
1015 4701 1112 4763 posse
1135 4681 1231 4764 plura
1254 4679 1384 4762 quidem
1408 4679 1569 4764 principia
1592 4681 1648 4745 ob·

404 4788 523 4855 iective
547 4791 581 4853 et
596 4789 812 4855 materialiter
829 4809 918 4865 vera,
944 4787 1021 4870 quin
1038 4792 1149 4853 tamen
1163 4810 1223 4872 per
1238 4809 1271 4852 ec
1286 4787 1472 4853 absolutam
1487 4788 1647 4854 rationem

404 4895 590 4962 exhibeant.
622 4895 684 4960 Vel
709 4917 752 4960 ex
776 4917 813 4960 eo
838 4895 907 4960 solo
931 4894 1015 4959 satis
1038 4893 1146 4959 elucet
1169 4893 1266 4958 istam
1291 4893 1331 4958 de
1352 4894 1460 4975 formo
1483 4893 1648 4975 quaestio-

403 5024 488 5078 nem,
514 5023 586 5067 cum
612 5005 756 5086 recipcre
780 5021 879 5084 penes
903 4999 1098 5064 christianos
1122 4999 1239 5065 saltem
1264 4999 1415 5066 doctores
1438 4999 1504 5064 iam
1527 4999 1646 5065 intuto
