3909 5842
457 682 522 746 100
678 677 768 733 Scotio
786 678 808 732 Ι.
845 677 925 732 Liber
942 678 964 736 Ι.
1002 677 1091 749 Caput
1108 678 1156 735 Ill.
1194 678 1335 735 Articulus
1354 680 1379 735 3.
1416 679 1477 748 Η.

455 856 562 923 omnis
583 855 615 921 in
640 856 811 923 intellectu
835 856 1046 924 advertentis
1069 857 1110 923 ad
1134 857 1295 923 rationem
1319 858 1450 925 honesti
1472 858 1524 925 vel
1539 856 1674 923 inhonesti

454 983 515 1047 per
538 963 834 1029 considerationem
857 962 1126 1031 delectabilitatis
1150 964 1356 1033 excludatur.
1387 966 1433 1033 Et
1453 966 1527 1031 ideo
1551 963 1675 1047 eoncupi-

454 1068 584 1135 scentia
599 1068 640 1133 de
656 1089 692 1133 se
707 1068 845 1133 liberum
861 1090 925 1135 non
942 1068 1041 1147 tollit,
1065 1069 1122 1135 sed
1140 1070 1182 1135 ad
1198 1092 1359 1137 summum
1383 1075 1508 1137 minuit.
1540 1071 1630 1137 Immo
1643 1070 1675 1135 nil

455 1174 559 1250 obest,
592 1174 774 1255 quominus,
799 1175 939 1241 durante
961 1174 1252 1242 vehementissima
1275 1176 1438 1261 passione,
1468 1198 1528 1260 per
1550 1176 1677 1243 adiuncto

455 1280 526 1346 sive
554 1281 687 1347 interna
717 1281 788 1347 sive
818 1287 959 1349 externa
984 1286 1052 1347 tam
1076 1281 1189 1348 vivida
1213 1284 1422 1351 advertentis
1445 1283 1489 1349 ad
1512 1282 1677 1366 qualitatem

453 1389 612 1453 moralem
643 1386 762 1453 obiecti
795 1388 988 1464 retineatur,
1018 1392 1057 1453 ut
1086 1387 1308 1456 indifferentia
1336 1390 1446 1455 iudicii
1475 1390 1517 1455 de
1547 1390 1627 1457 lacto
1648 1408 1678 1453 ne

455 1494 616 1561 diminuta
638 1494 768 1577 quidem
792 1494 920 1560 censeri
942 1494 1057 1578 possit.
1105 1494 1224 1573 Quodsi
1256 1496 1357 1579 igitur
1386 1496 1418 1561 in
1447 1498 1509 1562 tali
1531 1494 1679 1578 hypothesi

457 1602 610 1667 voluutas
632 1600 842 1667 nihilominus
861 1600 1075 1685 pertrahatur
1091 1601 1133 1667 ad
1149 1606 1259 1669 actum
1276 1602 1421 1687 passioni
1437 1608 1679 1675 consentaneum,

453 1709 592 1773 liberum
624 1707 665 1772 de
694 1706 785 1773 facto
815 1707 981 1789 integrum
1004 1712 1126 1785 manet,
1157 1709 1291 1775 tametsi
1315 1708 1581 1793 concupiscentia
1602 1730 1680 1795 quon·

453 1824 520 1880 tom
543 1837 564 1879 o
587 1836 619 1879 ne
641 1813 675 1877 in
699 1810 768 1877 eius
792 1812 1039 1879 diminutionem
1062 1812 1200 1881 tenditl.

454 1950 520 2025 124.
611 1948 804 2023 corosserio:
828 1954 853 2019 Ι.
879 1952 1008 2019 Gradus
1031 1954 1195 2021 libertatis
1217 1954 1250 2020 in
1274 1956 1412 2037 singulis
1435 1954 1565 2020 actibus
1579 1952 1681 2019 subiu-

453 2062 545 2126 fluxu
575 2057 801 2125 antecedentis
832 2059 1118 2144 concupiscentiae
1146 2060 1263 2145 positis
1291 2061 1325 2125 in
1348 2060 1516 2126 individuo
1540 2058 1681 2144 pendete

454 2168 559 2251 gradu
574 2164 715 2231 actualis
728 2165 958 2232 advertentiae
969 2166 1109 2233 rationis
1121 2168 1162 2231 ad
1176 2166 1370 2249 qualitatem
1383 2168 1542 2233 moralem
1554 2163 1680 2231 actionis

544 2272 586 2337 Π.
612 2270 800 2337 Generatim
825 2272 987 2355 loquendo
1011 2273 1101 2339 actui
1124 2272 1231 2358 posito
1256 2274 1308 2338 vel
1332 2277 1466 2357 praeter
1484 2294 1610 2339 ornnem
1625 2292 1682 2355 pas·

454 2378 555 2446 sionis
577 2378 738 2443 influxum
754 2378 808 2443 vel
825 2399 842 2443 e
859 2378 1123 2464 concupiscentia
1145 2388 1346 2467 consequente
1370 2380 1474 2445 maior
1498 2379 1629 2445 libertas
1649 2380 1681 2449 et

454 2484 675 2581 simoraliter
698 2484 805 2549 malus
827 2484 882 2562 sit,
906 2486 1012 2551 maior
1034 2486 1162 2551 malitia
1208 2485 1398 2571 ttribuenda
1414 2490 1466 2551 est
1489 2506 1587 2567 quam
1602 2482 1682 2551 actui.

454 2614 548 2675 quem
573 2593 728 2658 voluntas
748 2590 942 2675 simpliciter
957 2590 1087 2675 quidem
1103 2592 1215 2669 libere,
1241 2592 1297 2657 sed
1315 2590 1598 2677 concupiscentiae
1613 2598 1681 2656 onte

454 2699 574 2764 cedenti
596 2697 795 2779 indulgendo
819 2698 1039 2783 amplectitur.

751 2858 900 2932 lietardo
922 2859 962 2931 ad
986 2858 1159 2933 solvendae
1182 2858 1406 2933 htfloultotcs.

451 2982 518 3054 125.
612 2986 642 3051 1.
666 2984 788 3049 Verum
820 2983 949 3066 quidem
981 2986 1033 3049 est
1063 2982 1222 3049 diminuta
1252 2984 1439 3066 cognitione
1462 2985 1536 3065 finis
1560 3006 1620 3051 non
1641 3002 1682 3046 so·

451 3092 518 3157 lum
543 3090 691 3168 liberum,
716 3090 774 3155 sed
795 3090 1017 3156 voluntarium
1035 3110 1162 3172 quoque
1179 3088 1323 3155 diminui.
1356 3092 1418 3156 Sed
1436 3088 1681 3177 concupiscentia

450 3220 517 3263 non
548 3196 667 3262 minuit
692 3196 912 3279 cognitionem
942 3197 1005 3261 nisi
1029 3197 1090 3261 sub
1112 3197 1241 3262 ratione
1265 3196 1405 3276 honesti,
1435 3198 1456 3264 i.
1481 3220 1510 3263 e.
1536 3220 1585 3275 ea,
1614 3213 1682 3278 quae

451 3325 516 3369 non
533 3308 586 3369 est
601 3302 764 3369 obiectum
780 3303 949 3386 appetitus
965 3302 1116 3369 sensitivi
1131 3307 1165 3369 et
1181 3303 1474 3386 concupiscentiae,
1491 3306 1568 3371 dum
1584 3306 1681 3369 contra

452 3414 553 3491 auget
586 3408 806 3490 cognitionem
839 3408 959 3474 obiecti
991 3408 1051 3474 sub
1084 3408 1213 3475 ratione
1242 3409 1528 3487 delectabilitatis;
1562 3417 1595 3476 ot
1622 3408 1682 3473 ideo

451 3519 553 3598 auget
575 3515 809 3591 voluntarium,
834 3514 985 3595 quamvis
1008 3514 1136 3581 minuat
1158 3515 1306 3581 liberum.

542 3626 572 3687 2.
598 3622 835 3687 Simultaueum
859 3621 1037 3687 voluntarii
1062 3624 1273 3704 augmentum
1297 3624 1332 3687 et
1346 3621 1440 3685 liberi
1456 3622 1681 3689 decrementum

452 3730 573 3795 nullam
605 3728 858 3812 repugnantiam
888 3727 1008 3810 arguit.
1065 3728 1255 3793 Notandum
1287 3728 1442 3795 videlicet
1477 3727 1681 3795 voluntarium
1746 3804 1747 3825 ἢ

452 3837 494 3903 ad
518 3836 655 3900 liberum
678 3854 884 3917 nequaquam
908 3855 945 3899 se
968 3834 1089 3899 habere
1113 3838 1150 3899 ut
1171 3856 1271 3920 penore
1294 3834 1336 3899 ad
1351 3838 1494 3920 speciem,
1518 3836 1577 3902 sed
1591 3833 1683 3919 potius

451 3942 523 4007 fere
545 3945 583 4007 ut
604 3943 786 4007 substantio
809 3940 851 4005 ad
874 3941 1033 4006 occidens.

987 4102 1016 4157 0.
1034 4101 1069 4157 De
1087 4102 1163 4158 motu.

452 4212 518 4284 126.
610 4214 715 4279 Metna
746 4233 804 4277 seu
837 4214 931 4277 timor
960 4213 1143 4295 generatim
1180 4216 1319 4278 vocatur·
1353 4214 1489 4295 quaevis
1521 4210 1681 4299 trepidatio

453 4318 554 4386 animi
584 4320 624 4384 ob
655 4318 777 4383 malurn
806 4318 1022 4401 probabiliter
1051 4318 1233 4385 imminens.
1280 4318 1429 4403 Respicit
1451 4321 1555 4403 igitur
1576 4318 1679 4387 malum

453 4424 638 4491 formaliter
660 4428 698 4489 ut
717 4425 869 4509 futorum
893 4428 927 4490 et
949 4424 999 4489 ita
1022 4445 1042 4490 a
1064 4424 1203 4491 tristitia
1219 4425 1338 4501 differt,
1363 4418 1459 4491 cuius*
1469 4426 1624 4493 obiectum
1639 4426 1679 4488 est

452 4532 574 4597 malurn
599 4534 635 4596 ut
657 4550 825 4613 praesens.

544 4639 709 4723 Dietinpni
732 4637 817 4702 solet
840 4640 964 4702 metus:

546 4748 575 4812 1.
599 4743 727 4809 ratione
751 4747 904 4828 originis:
927 4748 1120 4810 extrinsecos
1143 4749 1177 4810 et
1195 4747 1396 4819 intrinsecus,
1420 4750 1519 4828 prout
1534 4746 1574 4811 ab
1589 4743 1677 4811 alteru
1745 4796 1746 4823 3

453 4872 595 4937 persona
625 4848 784 4916 incutitur
814 4858 872 4915 ent
901 4851 942 4916 ab
974 4852 1105 4916 interna
1130 4850 1268 4915 subiecti
1292 4850 1554 4917 consideratione
1576 4850 1675 4916 oritur:

462 4980 485 4985 ·-
537 4980 613 5083 *¹-Gt
635 5028 663 5081 S.
686 5027 788 5094 Thon,
806 5024 832 5079 S.
851 5023 934 5078 theol.
955 5026 978 5087 1,
999 5024 1023 5087 2,
1041 5041 1069 5093 q.
1088 5026 1130 5087 77,
1150 5040 1173 5077 a.
1194 5024 1209 5077 'l
1229 5027 1256 5078 et
1275 5024 1300 5079 8.
