3909 5842
821 668 911 724 Sestio
930 669 964 723 II.
1002 669 1084 723 Liber
1101 669 1137 724 11.
1174 668 1262 739 Caput
1280 667 1301 721 1.

781 844 966 946 Liber
1011 840 1339 947 secundus.

507 1019 563 1090 De
593 1017 773 1090 essentiali
800 1017 1002 1112 erynnismi
1027 1015 1175 1088 socialis
1201 1015 1338 1088 uinculo
1366 1037 1433 1087 sen
1464 1014 1518 1088 de
1549 1017 1651 1086 inre.

946 1181 1187 1275 Prologus,

438 1329 510 1400 430.
599 1329 699 1398 Euda
723 1329 850 1396 ratione
874 1333 908 1396 et
931 1329 1086 1396 libertate
1108 1329 1270 1412 praedita,
1294 1326 1366 1392 sive
1381 1348 1446 1410 pro
1463 1349 1537 1394 sua
1553 1329 1713 1396 relatione

440 1435 481 1500 ad
498 1435 613 1514 Deum,
637 1441 675 1502 ut
698 1438 795 1501 finem
819 1435 969 1501 ultimum
993 1455 1037 1500 ex
1059 1436 1130 1500 eius
1153 1433 1333 1501 directione
1355 1433 1488 1515 iugiter
1505 1456 1712 1518 prosequen-

440 1541 526 1621 dum,
551 1542 622 1606 sive
644 1563 704 1626 pro
727 1542 889 1608 relatione
912 1563 973 1607 sua
996 1543 1112 1606 mutua
1133 1541 1221 1606 inter
1244 1560 1280 1604 se
1298 1543 1333 1605 et
1349 1540 1391 1605 ad
1407 1542 1569 1607 naturae
1588 1542 1712 1607 seeum

439 1647 602 1726 instituta,
627 1651 705 1732 apte
728 1648 874 1714 ordinari
898 1651 997 1730 atque
1017 1649 1060 1714 ad
1077 1647 1223 1712 ordinem
1240 1647 1422 1730 constringi
1440 1669 1516 1712 non
1535 1669 1648 1732 posse
1662 1648 1711 1712 nia'

440 1754 579 1819 vinculis
602 1757 788 1839 moralibus,
817 1775 859 1820 ex
882 1753 933 1833 iis,
958 1775 1043 1838 qnae
1065 1753 1226 1820 hactenus
1249 1753 1338 1819 dieta
1361 1757 1451 1830 sunt,
1480 1759 1628 1820 certum
1653 1755 1711 1838 pln-

440 1881 582 1942 numque
613 1865 672 1928 est.
722 1861 815 1928 Unde
846 1861 1056 1944 consequitur
1085 1864 1269 1927 nniversam
1305 1862 1453 1926 ordinem
1485 1863 1710 1927 moratonio

441 1967 571 2046 mundo,
599 1967 654 2050 qui
678 1967 712 2033 in
734 1973 825 2035 recte
850 1967 1033 2033 ordinanda
1056 1967 1143 2032 omni
1166 1967 1271 2034 libera
1293 1967 1473 2034 activitate
1497 1967 1659 2035 hominis
1679 1969 1711 2034 ad

441 2096 590 2140 numnam
613 2074 697 2157 legis
725 2075 888 2142 naturalis
918 2080 1083 2153 versatur,
1117 2078 1249 2142 vinealis
1273 2076 1400 2140 denam
1422 2077 1625 2142 moralibus
1649 2098 1710 2140 con

442 2185 541 2258 stare,
565 2181 670 2264 iisque
694 2181 915 2249 essentialiter
938 2181 1104 2248 constitui.

534 2287 779 2366 Verumtamen,
804 2287 1077 2371 quemadmodum
1092 2309 1158 2353 non
1174 2289 1288 2354 unicus
1304 2293 1355 2354 est
1371 2292 1558 2372 respectus
1576 2289 1710 2354 nomos

444 2397 534 2460 recte
558 2393 729 2459 ordinandi
753 2415 858 2476 neque
882 2395 978 2460 unica
999 2395 1143 2460 universi
1159 2395 1281 2460 ordinis
1296 2395 1431 2460 moralis
1445 2397 1652 2478 provincia,
1674 2396 1710 2460 its

445 2504 479 2566 et
502 2500 660 2583 ligamina
682 2500 740 2566 illa
763 2501 910 2578 moralia,
935 2505 973 2567 ut
997 2501 1103 2567 eidem
1126 2501 1297 2568 efficiendo
1313 2507 1550 2569 consentanea
1567 2503 1653 2582 sint,
1675 2503 1709 2566 si·

446 2607 568 2674 militer
590 2609 676 2672 inter
700 2627 735 2671 se
759 2607 853 2673 modo
878 2613 912 2672 et
935 2606 1064 2673 ratione
1088 2608 1243 2674 differant
1265 2628 1400 2673 necesse
1416 2611 1480 2674 est.
1519 2609 1575 2674 Et
1591 2631 1633 2675 re
1649 2608 1708 2691 qui

446 2714 520 2778 dem
539 2735 629 2791 vera,
654 2735 693 2778 ea
710 2734 793 2795 quae
809 2715 952 2780 ordinem
969 2717 1115 2780 socialem
1131 2717 1167 2779 in
1183 2717 1284 2799 speeie
1298 2714 1506 2779 fundandum
1522 2718 1566 2780 et
1583 2720 1707 2780 susten·

445 2820 581 2885 tandum
614 2817 763 2902 proxime
795 2821 991 2903 respiciunt,
1024 2825 1158 2904 praeter
1189 2821 1331 2886 indolem
1361 2821 1545 2899 moralem,
1585 2821 1706 2886 cunctis

447 2926 656 2993 essentialem
688 2931 721 2992 et
752 2947 964 3006 communem,
995 2927 1194 3011 peculiarem
1217 2927 1351 3012 insuper
1373 2928 1551 2994 efficaciae
1578 2930 1705 2994 moralis

447 3033 577 3098 modum
601 3032 733 3111 habent,
762 3055 825 3116 quo
849 3055 870 3100 a
893 3035 1012 3101 ceteris
1035 3035 1153 3101 merito
1176 3034 1423 3118 distinguuntur
1445 3037 1481 3099 et
1504 3037 1704 3118 peculiarem

448 3139 741 3206 considerationem
766 3140 956 3225 deposcunt.
1004 3141 1081 3226 Ipsa
1103 3140 1254 3206 nimirum
1279 3147 1366 3218 sunt,
1397 3161 1484 3223 quae
1508 3162 1583 3207 non
1608 3143 1704 3208 solun

446 3246 593 3313 homines
606 3247 685 3326 Deo,
703 3247 761 3313 sed
778 3251 812 3314 et
827 3249 970 3314 nomines
983 3251 1067 3313 inter
1079 3270 1111 3313 se
1123 3247 1251 3312 efficaci
1265 3246 1465 3330 obligatione
1477 3248 1703 3334 obstringunt

446 3353 466 3422 i.
485 3375 511 3420 e.
529 3353 617 3448 inter
640 3373 696 3418 eos
719 3353 873 3419 iuridicas
896 3354 1075 3420 relationes
1099 3357 1200 3436 atque
1223 3353 1298 3418 hinc
1321 3374 1393 3419 eam
1418 3353 1547 3420 ordinis
1574 3358 1702 3423 moralis

446 3459 591 3526 universi
603 3459 807 3544 provinciam
821 3461 1035 3538 constituunt,
1052 3482 1150 3542 quam
1165 3461 1318 3526 Ordinem
1331 3461 1508 3526 inridienm
1520 3465 1701 3548 appellant

534 3567 652 3648 Itaque
677 3568 812 3633 Ordinis
836 3569 972 3632 iuridici
994 3567 1167 3649 generales
1190 3567 1351 3643 notiones,
1376 3565 1615 3651 philosophice
1637 3571 1702 3636 fun·

447 3673 601 3738 demente
631 3676 666 3738 et
695 3673 915 3758 proprietates
943 3674 1121 3739 summario
1151 3676 1328 3757 conspectu
1351 3673 1562 3756 perlustrare
1589 3677 1625 3743 in
1650 3679 1702 3742 hoc

445 3778 528 3844 libro
547 3778 640 3843 nobis
656 3779 859 3862 propositum
876 3783 937 3858 est,
962 3780 1011 3845 ita
1025 3782 1147 3856 tamen,
1172 3783 1209 3846 ut
1226 3801 1267 3845 ex
1283 3779 1465 3846 abundanti
1480 3801 1600 3847 rerum
1618 3783 1702 3868 eopia

446 3905 486 3950 ea
509 3904 588 3968 prae
613 3884 731 3976 ceteris
755 3885 918 3951 elementa
941 3885 1129 3968 seligemus,
1158 3907 1243 3968 quae
1266 3887 1308 3952 ad
1331 3907 1413 3951 sana
1435 3885 1518 3951 iuris
1543 3889 1701 3974 principia

446 3992 656 4070 adstruenda,
686 3989 756 4056 eive
780 3991 957 4058 universim
981 3992 1052 4057 sive
1075 4014 1134 4077 pro
1158 3997 1317 4077 tempore,
1341 4013 1405 4074 quo
1428 3991 1589 4072 vivimus,
1614 4019 1701 4082 prae

447 4098 540 4182 cipue
563 4099 728 4183 pertinere
753 4099 915 4167 videntur.
948 4100 1022 4164 Huc
1038 4104 1149 4165 autem
1164 4100 1283 4165 merito
1299 4098 1473 4164 referenda
1488 4107 1590 4167 sunt:
1616 4109 1700 4169 reeta

446 4204 525 4270 iuris
550 4205 736 4286 ordinisque
759 4205 885 4270 iuridici
907 4209 993 4270 notin
1008 4243 1053 4252 —
1069 4205 1139 4270 eius
1161 4203 1391 4288 inseparabilis
1412 4227 1516 4270 nemos
1538 4230 1616 4273 cam
1631 4215 1700 4275 eni·

446 4333 534 4376 nerse
558 4312 669 4377 ordine
693 4315 808 4377 mercii
823 4349 866 4359 -
883 4313 967 4376 iuris
990 4334 1061 4377 nere
1083 4314 1245 4377 naturalis
1270 4313 1453 4377 exsistentia
1468 4315 1504 4376 et
1519 4314 1644 4381 relatio
1661 4316 1696 4380 ad

447 4423 498 4484 ius
510 4422 678 4505 positivum
697 4419 872 4484 humanum
886 4455 925 4463 -
943 4419 1078 4500 eiusque
1094 4419 1310 4502 cognoscendi
1323 4442 1480 4484 snnnnmm
1491 4423 1694 4506 principium.

982 4580 1105 4692 Oaput
1132 4581 1161 4667 1.

632 4736 801 4810 Genuina
828 4736 921 4808 iuris
949 4735 1053 4808 notio
1081 4734 1269 4830 analytice
1297 4734 1519 4808 adstruitur.

448 4884 513 4957 431.
604 4885 655 4952 Ab
678 4886 866 4969 indaganda
889 4907 969 4951 vera
991 4885 1072 4950 iuris
1094 4885 1227 4950 notione
1250 4885 1356 4950 omnis
1374 4883 1415 4949 de
1429 4883 1503 4950 iure
1519 4886 1685 4971 disputatio

448 4993 566 5060 merito
590 4992 749 5078 proficisci
773 4993 886 5070 debet;
910 4991 997 5074 quod
1013 4990 1143 5073 quidem
1159 4991 1213 5055 vel
1228 4989 1302 5055 ideo
1318 4989 1461 5054 maxime
1477 4993 1683 5058 necessarium
