<?xml version="1.0" encoding="UTF-8"?>
<!DOCTYPE html PUBLIC "-//W3C//DTD XHTML 1.0 Transitional//EN"
    "http://www.w3.org/TR/xhtml1/DTD/xhtml1-transitional.dtd">
<html xmlns="http://www.w3.org/1999/xhtml" xml:lang="en" lang="en">
 <head>
  <title>
</title>
<meta http-equiv="Content-Type" content="text/html;charset=utf-8" />
  <meta name='ocr-system' content='tesseract 3.04.00' />
  <meta name='ocr-capabilities' content='ocr_page ocr_carea ocr_par ocr_line ocrx_word'/>
</head>
<body>
  <div class='ocr_page' id='page_1' title='image "./institutionesiu00meyegoog_0017.png"; bbox 0 0 3909 5842; ppageno 0'>
   <div class='ocr_carea' id='block_1_1' title="bbox 803 668 1088 738">
    <p class='ocr_par' dir='ltr' id='par_1_1' title="bbox 803 668 1088 738">
     <span class='ocr_line' id='line_1_1' title="bbox 803 668 1088 738; baseline 0.004 -16"><span class='ocrx_word' id='word_1_1' title='bbox 803 668 971 738; x_wconf 81' lang='lat' dir='ltr'><strong>Conspectus</strong></span> <span class='ocrx_word' id='word_1_2' title='bbox 990 686 1088 723; x_wconf 86' lang='lat' dir='ltr'><strong>rernm.</strong></span> 
     </span>
    </p>
   </div>
   <div class='ocr_carea' id='block_1_2' title="bbox 354 844 1574 3901">
    <p class='ocr_par' dir='ltr' id='par_1_2' title="bbox 354 844 1574 3901">
     <span class='ocr_line' id='line_1_2' title="bbox 553 844 1445 916; baseline 0.002 -17"><span class='ocrx_word' id='word_1_3' title='bbox 553 846 579 900; x_wconf 80' lang='lat'><strong>2.</strong></span> <span class='ocrx_word' id='word_1_4' title='bbox 598 844 737 916; x_wconf 84' lang='lat' dir='ltr'><strong>Principia</strong></span> <span class='ocrx_word' id='word_1_5' title='bbox 755 844 1099 915; x_wconf 68' lang='lat' dir='ltr'><strong>deontologicouationalin</strong></span> <span class='ocrx_word' id='word_1_6' title='bbox 1117 846 1258 901; x_wconf 87' lang='lat' dir='ltr'><strong>moderata</strong></span> <span class='ocrx_word' id='word_1_7' title='bbox 1278 889 1284 899; x_wconf 88' lang='lat'><strong>.</strong></span> <span class='ocrx_word' id='word_1_8' title='bbox 1359 888 1365 899; x_wconf 93' lang='lat'><strong>.</strong></span> <span class='ocrx_word' id='word_1_9' title='bbox 1439 889 1445 900; x_wconf 93' lang='lat'><strong>.</strong></span> 
     </span>
     <span class='ocr_line' id='line_1_3' title="bbox 590 932 1445 1003; baseline 0 -16"><span class='ocrx_word' id='word_1_10' title='bbox 590 934 618 1000; x_wconf 87' lang='lat' dir='ltr'><strong>a)</strong></span> <span class='ocrx_word' id='word_1_11' title='bbox 638 932 807 1003; x_wconf 84' lang='lat' dir='ltr'><strong>Principium</strong></span> <span class='ocrx_word' id='word_1_12' title='bbox 826 932 997 988; x_wconf 83' lang='lat' dir='ltr'><strong>Platonicum</strong></span> <span class='ocrx_word' id='word_1_13' title='bbox 1035 975 1445 991; x_wconf 87' lang='grc'><strong>......</strong></span> 
     </span>
     <span class='ocr_line' id='line_1_4' title="bbox 589 1020 1445 1091; baseline 0 -16"><span class='ocrx_word' id='word_1_14' title='bbox 589 1021 619 1087; x_wconf 87' lang='lat' dir='ltr'><strong>b)</strong></span> <span class='ocrx_word' id='word_1_15' title='bbox 636 1020 803 1091; x_wconf 86' lang='lat' dir='ltr'><strong>Principium</strong></span> <span class='ocrx_word' id='word_1_16' title='bbox 821 1020 1022 1076; x_wconf 89' lang='lat' dir='ltr'><strong>theonomioum</strong></span> <span class='ocrx_word' id='word_1_17' title='bbox 1037 1064 1445 1077; x_wconf 92' lang='grc'>......</span> 
     </span>
     <span class='ocr_line' id='line_1_5' title="bbox 589 1108 1445 1177; baseline 0.001 -15"><span class='ocrx_word' id='word_1_18' title='bbox 589 1108 617 1177; x_wconf 85' lang='lat' dir='ltr'><strong>c)</strong></span> <span class='ocrx_word' id='word_1_19' title='bbox 637 1108 746 1175; x_wconf 77' lang='lat' dir='ltr'><strong>clerks,</strong></span> <span class='ocrx_word' id='word_1_20' title='bbox 765 1109 920 1165; x_wconf 84' lang='lat' dir='ltr'><strong>Wollaatou</strong></span> <span class='ocrx_word' id='word_1_21' title='bbox 955 1152 1445 1165; x_wconf 91' lang='grc'>.......</span> 
     </span>
     <span class='ocr_line' id='line_1_6' title="bbox 554 1196 1447 1268; baseline 0.002 -17"><span class='ocrx_word' id='word_1_22' title='bbox 554 1198 579 1251; x_wconf 83' lang='grc'><strong>3.</strong></span> <span class='ocrx_word' id='word_1_23' title='bbox 598 1197 737 1267; x_wconf 82' lang='lat' dir='ltr'><strong>Principia</strong></span> <span class='ocrx_word' id='word_1_24' title='bbox 762 1197 1140 1267; x_wconf 82' lang='lat' dir='ltr'><strong>pantheistice-‚ratioualia‘</strong></span> <span class='ocrx_word' id='word_1_25' title='bbox 1172 1197 1315 1268; x_wconf 81' lang='lat' dir='ltr'><strong>(Spinona,</strong></span> <span class='ocrx_word' id='word_1_26' title='bbox 1342 1196 1447 1264; x_wconf 84' lang='lat' dir='ltr'><strong>Fichte,</strong></span> 
     </span>
     <span class='ocr_line' id='line_1_7' title="bbox 597 1286 867 1354; baseline 0 -13"><span class='ocrx_word' id='word_1_27' title='bbox 597 1286 747 1354; x_wconf 78' lang='lat' dir='ltr'><strong>Sabelling,</strong></span> <span class='ocrx_word' id='word_1_28' title='bbox 767 1287 867 1354; x_wconf 73' lang='lat' dir='ltr'><strong>Hegel)</strong></span> 
     </span>
     <span class='ocr_line' id='line_1_8' title="bbox 483 1374 1445 1449; baseline 0.002 -20"><span class='ocrx_word' id='word_1_29' title='bbox 483 1376 514 1429; x_wconf 86' lang='lat' dir='ltr'><strong>B.</strong></span> <span class='ocrx_word' id='word_1_30' title='bbox 533 1374 673 1441; x_wconf 83' lang='lat' dir='ltr'><strong>Quaedam</strong></span> <span class='ocrx_word' id='word_1_31' title='bbox 691 1394 814 1430; x_wconf 89' lang='lat' dir='ltr'><strong>errorum</strong></span> <span class='ocrx_word' id='word_1_32' title='bbox 833 1377 924 1449; x_wconf 81' lang='lat' dir='ltr'><strong>capita</strong></span> <span class='ocrx_word' id='word_1_33' title='bbox 942 1377 1038 1431; x_wconf 88' lang='lat' dir='ltr'><strong>critice</strong></span> <span class='ocrx_word' id='word_1_34' title='bbox 1057 1377 1240 1433; x_wconf 86' lang='lat' dir='ltr'><strong>excluduntur</strong></span> <span class='ocrx_word' id='word_1_35' title='bbox 1278 1419 1284 1431; x_wconf 92' lang='lat'><strong>.</strong></span> <span class='ocrx_word' id='word_1_36' title='bbox 1358 1420 1363 1431; x_wconf 94' lang='lat'><strong>.</strong></span> <span class='ocrx_word' id='word_1_37' title='bbox 1439 1420 1445 1431; x_wconf 95' lang='lat'><strong>.</strong></span> 
     </span>
     <span class='ocr_line' id='line_1_9' title="bbox 354 1472 1447 1547; baseline 0.001 -19"><span class='ocrx_word' id='word_1_38' title='bbox 354 1474 460 1529; x_wconf 78' lang='lat' dir='ltr'><strong>&#39;I&#39;llcals</strong></span> <span class='ocrx_word' id='word_1_39' title='bbox 478 1474 559 1531; x_wconf 76' lang='lat' dir='ltr'><strong>xvl.</strong></span> <span class='ocrx_word' id='word_1_40' title='bbox 587 1472 687 1529; x_wconf 81' lang='lat' dir='ltr'><strong>Nullus</strong></span> <span class='ocrx_word' id='word_1_41' title='bbox 705 1479 848 1545; x_wconf 86' lang='lat' dir='ltr'><strong>respectus</strong></span> <span class='ocrx_word' id='word_1_42' title='bbox 866 1475 995 1529; x_wconf 72' lang='lat' dir='ltr'><strong>utilitatis</strong></span> <span class='ocrx_word' id='word_1_43' title='bbox 1007 1477 1067 1529; x_wconf 89' lang='lat' dir='ltr'><strong>sive</strong></span> <span class='ocrx_word' id='word_1_44' title='bbox 1086 1476 1211 1547; x_wconf 86' lang='lat' dir='ltr'><strong>propriae</strong></span> <span class='ocrx_word' id='word_1_45' title='bbox 1224 1476 1284 1530; x_wconf 86' lang='lat' dir='ltr'><strong>eive</strong></span> <span class='ocrx_word' id='word_1_46' title='bbox 1296 1476 1447 1531; x_wconf 89' lang='lat' dir='ltr'><strong>communis</strong></span> 
     </span>
     <span class='ocr_line' id='line_1_10' title="bbox 429 1562 1446 1633; baseline 0.001 -17"><span class='ocrx_word' id='word_1_47' title='bbox 429 1579 479 1616; x_wconf 87' lang='lat' dir='ltr'><strong>seu</strong></span> <span class='ocrx_word' id='word_1_48' title='bbox 497 1562 608 1617; x_wconf 83' lang='lat' dir='ltr'><strong>ecclelia</strong></span> <span class='ocrx_word' id='word_1_49' title='bbox 626 1580 676 1633; x_wconf 84' lang='lat' dir='ltr'><strong>per</strong></span> <span class='ocrx_word' id='word_1_50' title='bbox 694 1580 724 1617; x_wconf 88' lang='lat' dir='ltr'><strong>se</strong></span> <span class='ocrx_word' id='word_1_51' title='bbox 743 1562 831 1617; x_wconf 92' lang='lat' dir='ltr'><strong>solum</strong></span> <span class='ocrx_word' id='word_1_52' title='bbox 851 1563 1015 1617; x_wconf 79' lang='lat' dir='ltr'><strong>obiectivarn</strong></span> <span class='ocrx_word' id='word_1_53' title='bbox 1034 1564 1166 1618; x_wconf 87' lang='lat' dir='ltr'><strong>bonitatis</strong></span> <span class='ocrx_word' id='word_1_54' title='bbox 1184 1563 1295 1617; x_wconf 88' lang='lat' dir='ltr'><strong>moralis</strong></span> <span class='ocrx_word' id='word_1_55' title='bbox 1313 1564 1446 1618; x_wconf 87' lang='lat' dir='ltr'><strong>rationem</strong></span> 
     </span>
     <span class='ocr_line' id='line_1_11' title="bbox 427 1651 1447 1722; baseline 0.001 -18"><span class='ocrx_word' id='word_1_56' title='bbox 427 1653 584 1717; x_wconf 75' lang='lat' dir='ltr'><strong><em>formaliter</em></strong></span> <span class='ocrx_word' id='word_1_57' title='bbox 593 1651 718 1714; x_wconf 79' lang='lat' dir='ltr'><strong>exhibat;</strong></span> <span class='ocrx_word' id='word_1_58' title='bbox 731 1653 910 1706; x_wconf 80' lang='lat' dir='ltr'><strong>materialiter</strong></span> <span class='ocrx_word' id='word_1_59' title='bbox 918 1655 1011 1706; x_wconf 90' lang='lat' dir='ltr'><strong>tamen</strong></span> <span class='ocrx_word' id='word_1_60' title='bbox 1021 1670 1082 1707; x_wconf 90' lang='lat' dir='ltr'><strong>cum</strong></span> <span class='ocrx_word' id='word_1_61' title='bbox 1092 1652 1186 1707; x_wconf 83' lang='lat' dir='ltr'><strong>eadem</strong></span> <span class='ocrx_word' id='word_1_62' title='bbox 1197 1669 1346 1720; x_wconf 78' lang='lat' dir='ltr'><strong>congruere</strong></span> <span class='ocrx_word' id='word_1_63' title='bbox 1355 1654 1447 1722; x_wconf 86' lang='lat' dir='ltr'><strong>potest</strong></span> 
     </span>
     <span class='ocr_line' id='line_1_12' title="bbox 467 1740 1447 1795; baseline 0 -2"><span class='ocrx_word' id='word_1_64' title='bbox 467 1740 623 1793; x_wconf 63' lang='lat' dir='ltr'><strong>Caralim</strong></span> <span class='ocrx_word' id='word_1_65' title='bbox 636 1780 1447 1795; x_wconf 89' lang='grc'><strong>...........</strong></span> 
     </span>
     <span class='ocr_line' id='line_1_13' title="bbox 358 1837 1447 1909; baseline 0.002 -18"><span class='ocrx_word' id='word_1_66' title='bbox 358 1837 461 1892; x_wconf 80' lang='lat' dir='ltr'><strong>Tiresia</strong></span> <span class='ocrx_word' id='word_1_67' title='bbox 478 1838 575 1893; x_wconf 78' lang='lat' dir='ltr'><strong>xvii.</strong></span> <span class='ocrx_word' id='word_1_68' title='bbox 606 1838 650 1892; x_wconf 83' lang='lat' dir='ltr'><strong>Ex</strong></span> <span class='ocrx_word' id='word_1_69' title='bbox 668 1838 784 1892; x_wconf 79' lang='lat' dir='ltr'><strong>adverso</strong></span> <span class='ocrx_word' id='word_1_70' title='bbox 801 1837 930 1893; x_wconf 81' lang='lat' dir='ltr'><strong>similiter</strong></span> <span class='ocrx_word' id='word_1_71' title='bbox 946 1839 1133 1909; x_wconf 87' lang='lat' dir='ltr'><strong>reprobandus</strong></span> <span class='ocrx_word' id='word_1_72' title='bbox 1152 1841 1195 1893; x_wconf 87' lang='lat' dir='ltr'><strong>est</strong></span> <span class='ocrx_word' id='word_1_73' title='bbox 1213 1838 1324 1893; x_wconf 86' lang='lat' dir='ltr'><strong>moralis</strong></span> <span class='ocrx_word' id='word_1_74' title='bbox 1342 1838 1447 1893; x_wconf 89' lang='lat' dir='ltr'><strong>stoicis-</strong></span> 
     </span>
     <span class='ocr_line' id='line_1_14' title="bbox 430 1926 1446 1989; baseline 0.002 -10"><span class='ocrx_word' id='word_1_75' title='bbox 430 1944 492 1981; x_wconf 89' lang='lat' dir='ltr'><strong>mus</strong></span> <span class='ocrx_word' id='word_1_76' title='bbox 510 1944 527 1980; x_wconf 89' lang='lat' dir='ltr'><strong>a</strong></span> <span class='ocrx_word' id='word_1_77' title='bbox 545 1926 646 1981; x_wconf 87' lang='lat' dir='ltr'><strong>Kantio</strong></span> <span class='ocrx_word' id='word_1_78' title='bbox 664 1926 846 1981; x_wconf 85' lang='lat' dir='ltr'><strong>resuscitatus</strong></span> <span class='ocrx_word' id='word_1_79' title='bbox 877 1968 884 1980; x_wconf 93' lang='lat'><strong>.</strong></span> <span class='ocrx_word' id='word_1_80' title='bbox 957 1969 964 1981; x_wconf 91' lang='lat'><strong>.</strong></span> <span class='ocrx_word' id='word_1_81' title='bbox 1026 1982 1030 1989; x_wconf 78' lang='grc'>,</span> <span class='ocrx_word' id='word_1_82' title='bbox 1038 1968 1446 1983; x_wconf 93' lang='grc'>......</span> 
     </span>
     <span class='ocr_line' id='line_1_15' title="bbox 485 2014 1445 2087; baseline 0.001 -18"><span class='ocrx_word' id='word_1_83' title='bbox 485 2014 513 2069; x_wconf 85' lang='lat' dir='ltr'><strong>C.</strong></span> <span class='ocrx_word' id='word_1_84' title='bbox 533 2015 658 2070; x_wconf 87' lang='lat' dir='ltr'><strong>Positiva</strong></span> <span class='ocrx_word' id='word_1_85' title='bbox 676 2016 710 2069; x_wconf 90' lang='lat' dir='ltr'><strong>de</strong></span> <span class='ocrx_word' id='word_1_86' title='bbox 729 2033 795 2070; x_wconf 83' lang='lat' dir='ltr'><strong>vero</strong></span> <span class='ocrx_word' id='word_1_87' title='bbox 813 2016 948 2087; x_wconf 85' lang='lat' dir='ltr'><strong>principio</strong></span> <span class='ocrx_word' id='word_1_88' title='bbox 966 2016 1131 2071; x_wconf 87' lang='lat' dir='ltr'><strong>moralitatis</strong></span> <span class='ocrx_word' id='word_1_89' title='bbox 1150 2015 1286 2071; x_wconf 88' lang='lat' dir='ltr'><strong>conclusio</strong></span> <span class='ocrx_word' id='word_1_90' title='bbox 1359 2057 1365 2070; x_wconf 95' lang='lat'><strong>.</strong></span> <span class='ocrx_word' id='word_1_91' title='bbox 1440 2059 1445 2070; x_wconf 95' lang='lat'><strong>.</strong></span> 
     </span>
     <span class='ocr_line' id='line_1_16' title="bbox 358 2112 1447 2182; baseline 0 -14"><span class='ocrx_word' id='word_1_92' title='bbox 358 2112 461 2169; x_wconf 80' lang='lat' dir='ltr'><strong>Thasie</strong></span> <span class='ocrx_word' id='word_1_93' title='bbox 478 2114 589 2170; x_wconf 75' lang='lat' dir='ltr'><strong>XIIII.</strong></span> <span class='ocrx_word' id='word_1_94' title='bbox 615 2112 805 2182; x_wconf 76' lang='lat' dir='ltr'><strong>Ontologicum</strong></span> <span class='ocrx_word' id='word_1_95' title='bbox 824 2114 970 2169; x_wconf 78' lang='lat' dir='ltr'><strong>discrimen</strong></span> <span class='ocrx_word' id='word_1_96' title='bbox 989 2116 1060 2169; x_wconf 90' lang='lat' dir='ltr'><strong>inter</strong></span> <span class='ocrx_word' id='word_1_97' title='bbox 1072 2115 1216 2171; x_wconf 86' lang='lat' dir='ltr'><strong>honestum</strong></span> <span class='ocrx_word' id='word_1_98' title='bbox 1234 2117 1262 2169; x_wconf 86' lang='lat' dir='ltr'><strong>et</strong></span> <span class='ocrx_word' id='word_1_99' title='bbox 1274 2115 1447 2169; x_wconf 76' lang='lat' dir='ltr'><strong>Inhonestum</strong></span> 
     </span>
     <span class='ocr_line' id='line_1_17' title="bbox 430 2202 1446 2270; baseline 0 -14"><span class='ocrx_word' id='word_1_100' title='bbox 430 2202 581 2256; x_wconf 80' lang='lat' dir='ltr'><strong>formaliter</strong></span> <span class='ocrx_word' id='word_1_101' title='bbox 608 2207 649 2270; x_wconf 34' lang='lat' dir='ltr'><strong>et!</strong></span> <span class='ocrx_word' id='word_1_102' title='bbox 660 2202 785 2257; x_wconf 85' lang='lat' dir='ltr'><strong>absolute</strong></span> <span class='ocrx_word' id='word_1_103' title='bbox 811 2203 839 2255; x_wconf 92' lang='lat' dir='ltr'><strong>iu</strong></span> <span class='ocrx_word' id='word_1_104' title='bbox 858 2203 1049 2257; x_wconf 72' lang='lat' dir='ltr'><strong>conformitate</strong></span> <span class='ocrx_word' id='word_1_105' title='bbox 1067 2206 1115 2257; x_wconf 90' lang='lat' dir='ltr'><strong>aut</strong></span> <span class='ocrx_word' id='word_1_106' title='bbox 1134 2202 1309 2257; x_wconf 81' lang='lat' dir='ltr'><strong>difformitate</strong></span> <span class='ocrx_word' id='word_1_107' title='bbox 1328 2220 1389 2257; x_wconf 86' lang='lat' dir='ltr'><strong>cum</strong></span> <span class='ocrx_word' id='word_1_108' title='bbox 1408 2204 1446 2256; x_wconf 90' lang='lat' dir='ltr'><strong>di-</strong></span> 
     </span>
     <span class='ocr_line' id='line_1_18' title="bbox 430 2290 1445 2346; baseline 0.002 -3"><span class='ocrx_word' id='word_1_109' title='bbox 430 2291 496 2343; x_wconf 87' lang='lat' dir='ltr'><strong>vina</strong></span> <span class='ocrx_word' id='word_1_110' title='bbox 513 2291 620 2344; x_wconf 90' lang='lat' dir='ltr'><strong>ratione</strong></span> <span class='ocrx_word' id='word_1_111' title='bbox 638 2290 766 2345; x_wconf 74' lang='lat' dir='ltr'><strong>consistit</strong></span> <span class='ocrx_word' id='word_1_112' title='bbox 796 2330 1445 2346; x_wconf 92' lang='grc'><strong>.........</strong></span> 
     </span>
     <span class='ocr_line' id='line_1_19' title="bbox 358 2388 1448 2460; baseline 0 -17"><span class='ocrx_word' id='word_1_113' title='bbox 358 2388 463 2445; x_wconf 75' lang='lat' dir='ltr'><strong>Thasia</strong></span> <span class='ocrx_word' id='word_1_114' title='bbox 478 2390 567 2444; x_wconf 88' lang='lat' dir='ltr'><strong>XIX.</strong></span> <span class='ocrx_word' id='word_1_115' title='bbox 603 2388 732 2443; x_wconf 87' lang='lat' dir='ltr'><strong>Proxime</strong></span> <span class='ocrx_word' id='word_1_116' title='bbox 757 2389 786 2442; x_wconf 89' lang='lat' dir='ltr'><strong>in</strong></span> <span class='ocrx_word' id='word_1_117' title='bbox 803 2389 865 2459; x_wconf 88' lang='lat' dir='ltr'><strong>ipsa</strong></span> <span class='ocrx_word' id='word_1_118' title='bbox 882 2390 988 2445; x_wconf 86' lang='lat' dir='ltr'><strong>ratione</strong></span> <span class='ocrx_word' id='word_1_119' title='bbox 1007 2390 1125 2444; x_wconf 89' lang='lat' dir='ltr'><strong>humana</strong></span> <span class='ocrx_word' id='word_1_120' title='bbox 1150 2390 1287 2460; x_wconf 87' lang='lat' dir='ltr'><strong>practica,</strong></span> <span class='ocrx_word' id='word_1_121' title='bbox 1313 2393 1448 2459; x_wconf 87' lang='lat' dir='ltr'><strong>quatenus</strong></span> 
     </span>
     <span class='ocr_line' id='line_1_20' title="bbox 431 2477 1448 2545; baseline -0.001 -12"><span class='ocrx_word' id='word_1_122' title='bbox 431 2478 499 2533; x_wconf 87' lang='lat' dir='ltr'><strong>haec</strong></span> <span class='ocrx_word' id='word_1_123' title='bbox 517 2477 691 2532; x_wconf 88' lang='lat' dir='ltr'><strong>essentialem</strong></span> <span class='ocrx_word' id='word_1_124' title='bbox 705 2481 820 2533; x_wconf 89' lang='lat' dir='ltr'><strong>naturae</strong></span> <span class='ocrx_word' id='word_1_125' title='bbox 831 2479 974 2534; x_wconf 89' lang='lat' dir='ltr'><strong>rationalis</strong></span> <span class='ocrx_word' id='word_1_126' title='bbox 986 2479 1162 2534; x_wconf 87' lang='lat' dir='ltr'><strong>directionem</strong></span> <span class='ocrx_word' id='word_1_127' title='bbox 1176 2478 1295 2545; x_wconf 83' lang='lat' dir='ltr'><strong>exhibet,</strong></span> <span class='ocrx_word' id='word_1_128' title='bbox 1312 2480 1448 2535; x_wconf 87' lang='lat' dir='ltr'><strong>obiectiva</strong></span> 
     </span>
     <span class='ocr_line' id='line_1_21' title="bbox 432 2568 1447 2632; baseline 0.002 -11"><span class='ocrx_word' id='word_1_129' title='bbox 432 2568 595 2623; x_wconf 85' lang='lat' dir='ltr'><strong>moralitatis</strong></span> <span class='ocrx_word' id='word_1_130' title='bbox 612 2585 708 2621; x_wconf 89' lang='lat' dir='ltr'><strong>norma</strong></span> <span class='ocrx_word' id='word_1_131' title='bbox 726 2572 834 2632; x_wconf 85' lang='lat' dir='ltr'><strong>exstat,</strong></span> <span class='ocrx_word' id='word_1_132' title='bbox 857 2586 953 2623; x_wconf 84' lang='lat' dir='ltr'><strong>verum</strong></span> <span class='ocrx_word' id='word_1_133' title='bbox 971 2568 1133 2623; x_wconf 86' lang='lat' dir='ltr'><strong>secundaria</strong></span> <span class='ocrx_word' id='word_1_134' title='bbox 1157 2573 1265 2623; x_wconf 88' lang='lat' dir='ltr'><strong>tantum</strong></span> <span class='ocrx_word' id='word_1_135' title='bbox 1284 2572 1312 2623; x_wconf 88' lang='lat' dir='ltr'><strong>et</strong></span> <span class='ocrx_word' id='word_1_136' title='bbox 1330 2569 1447 2623; x_wconf 88' lang='lat' dir='ltr'><strong>relativa</strong></span> 
     </span>
     <span class='ocr_line' id='line_1_22' title="bbox 469 2659 1445 2713; baseline 0.001 -3"><span class='ocrx_word' id='word_1_137' title='bbox 469 2659 622 2711; x_wconf 72' lang='lat' dir='ltr'><strong>Corollaria</strong></span> <span class='ocrx_word' id='word_1_138' title='bbox 636 2697 1445 2713; x_wconf 89' lang='grc'>...........</span> 
     </span>
     <span class='ocr_line' id='line_1_23' title="bbox 466 2746 1572 2813; baseline 0.002 -14"><span class='ocrx_word' id='word_1_139' title='bbox 466 2746 596 2799; x_wconf 72' lang='lat' dir='ltr'><strong>n&#39;otooda</strong></span> <span class='ocrx_word' id='word_1_140' title='bbox 614 2748 651 2799; x_wconf 82' lang='lat' dir='ltr'><strong>od</strong></span> <span class='ocrx_word' id='word_1_141' title='bbox 668 2748 807 2799; x_wconf 77' lang='lat' dir='ltr'><strong>solvendae</strong></span> <span class='ocrx_word' id='word_1_142' title='bbox 825 2747 998 2813; x_wconf 74' lang='lat' dir='ltr'><strong>difficultates</strong></span> <span class='ocrx_word' id='word_1_143' title='bbox 1039 2787 1446 2801; x_wconf 86' lang='grc'>......</span> <span class='ocrx_word' id='word_1_144' title='bbox 1521 2748 1572 2801; x_wconf 98' lang='grc'><strong>164</strong></span> 
     </span>
     <span class='ocr_line' id='line_1_24' title="bbox 467 2834 1447 2905; baseline 0.002 -17"><span class='ocrx_word' id='word_1_145' title='bbox 467 2835 604 2888; x_wconf 78' lang='lat' dir='ltr'><strong>scholium</strong></span> <span class='ocrx_word' id='word_1_146' title='bbox 624 2840 655 2888; x_wconf 82' lang='grc'><strong>1.·</strong></span> <span class='ocrx_word' id='word_1_147' title='bbox 679 2834 774 2889; x_wconf 76' lang='lat' dir='ltr'><strong>Nonus</strong></span> <span class='ocrx_word' id='word_1_148' title='bbox 799 2834 872 2889; x_wconf 88' lang='lat' dir='ltr'><strong>iuter</strong></span> <span class='ocrx_word' id='word_1_149' title='bbox 895 2834 1058 2905; x_wconf 85' lang='lat' dir='ltr'><strong>principium</strong></span> <span class='ocrx_word' id='word_1_150' title='bbox 1083 2836 1248 2891; x_wconf 81' lang='lat' dir='ltr'><strong>moralitatis</strong></span> <span class='ocrx_word' id='word_1_151' title='bbox 1267 2840 1295 2890; x_wconf 91' lang='lat' dir='ltr'><strong>et</strong></span> <span class='ocrx_word' id='word_1_152' title='bbox 1313 2854 1447 2891; x_wconf 86' lang='lat' dir='ltr'><strong>summum</strong></span> 
     </span>
     <span class='ocr_line' id='line_1_25' title="bbox 502 2923 1572 2994; baseline 0.002 -16"><span class='ocrx_word' id='word_1_153' title='bbox 502 2924 666 2994; x_wconf 81' lang='lat' dir='ltr'><strong>principium</strong></span> <span class='ocrx_word' id='word_1_154' title='bbox 685 2923 860 2993; x_wconf 70' lang='lat' dir='ltr'><strong>obligationis</strong></span> <span class='ocrx_word' id='word_1_155' title='bbox 876 2966 1445 2979; x_wconf 90' lang='grc'><strong>........</strong></span> <span class='ocrx_word' id='word_1_156' title='bbox 1522 2926 1572 2980; x_wconf 90' lang='grc'><strong>165</strong></span> 
     </span>
     <span class='ocr_line' id='line_1_26' title="bbox 467 3012 1446 3082; baseline 0.001 -16"><span class='ocrx_word' id='word_1_157' title='bbox 467 3014 604 3067; x_wconf 78' lang='lat' dir='ltr'><strong>Sotiatium</strong></span> <span class='ocrx_word' id='word_1_158' title='bbox 617 3018 651 3067; x_wconf 85' lang='lat'><strong>2:</strong></span> <span class='ocrx_word' id='word_1_159' title='bbox 668 3012 775 3067; x_wconf 86' lang='lat' dir='ltr'><strong>Natura</strong></span> <span class='ocrx_word' id='word_1_160' title='bbox 787 3012 928 3067; x_wconf 85' lang='lat' dir='ltr'><strong>rationalis</strong></span> <span class='ocrx_word' id='word_1_161' title='bbox 940 3014 968 3067; x_wconf 95' lang='lat' dir='ltr'><strong>in</strong></span> <span class='ocrx_word' id='word_1_162' title='bbox 981 3030 1012 3067; x_wconf 89' lang='lat' dir='ltr'><strong>se</strong></span> <span class='ocrx_word' id='word_1_163' title='bbox 1024 3015 1147 3068; x_wconf 87' lang='lat' dir='ltr'><strong>continet</strong></span> <span class='ocrx_word' id='word_1_164' title='bbox 1158 3030 1280 3067; x_wconf 87' lang='lat' dir='ltr'><strong>normam</strong></span> <span class='ocrx_word' id='word_1_165' title='bbox 1294 3014 1446 3082; x_wconf 88' lang='lat' dir='ltr'><strong>proximam</strong></span> 
     </span>
     <span class='ocr_line' id='line_1_27' title="bbox 501 3102 1447 3172; baseline 0 -17"><span class='ocrx_word' id='word_1_166' title='bbox 501 3102 619 3172; x_wconf 87' lang='lat' dir='ltr'><strong>triplicis</strong></span> <span class='ocrx_word' id='word_1_167' title='bbox 637 3102 740 3156; x_wconf 87' lang='lat' dir='ltr'><strong>ordinis</strong></span> <span class='ocrx_word' id='word_1_168' title='bbox 752 3102 888 3166; x_wconf 86' lang='lat' dir='ltr'><strong>obiectivi,</strong></span> <span class='ocrx_word' id='word_1_169' title='bbox 907 3102 1010 3156; x_wconf 86' lang='lat' dir='ltr'><strong>ordinis</strong></span> <span class='ocrx_word' id='word_1_170' title='bbox 1025 3104 1181 3171; x_wconf 76' lang='lat' dir='ltr'><strong>epecrolatici</strong></span> <span class='ocrx_word' id='word_1_171' title='bbox 1193 3102 1326 3167; x_wconf 71' lang='lat' dir='ltr'><strong>vanitatis,</strong></span> <span class='ocrx_word' id='word_1_172' title='bbox 1346 3102 1447 3155; x_wconf 84' lang='lat' dir='ltr'><strong>ordinis</strong></span> 
     </span>
     <span class='ocr_line' id='line_1_28' title="bbox 498 3190 1572 3261; baseline 0.002 -18"><span class='ocrx_word' id='word_1_173' title='bbox 498 3192 617 3258; x_wconf 54' lang='lat' dir='ltr'><strong>praetia</strong></span> <span class='ocrx_word' id='word_1_174' title='bbox 635 3190 812 3261; x_wconf 83' lang='lat' dir='ltr'><strong>operabilium</strong></span> <span class='ocrx_word' id='word_1_175' title='bbox 832 3194 861 3244; x_wconf 92' lang='lat' dir='ltr'><strong>et</strong></span> <span class='ocrx_word' id='word_1_176' title='bbox 878 3191 981 3245; x_wconf 90' lang='lat' dir='ltr'><strong>ordinis</strong></span> <span class='ocrx_word' id='word_1_177' title='bbox 1000 3192 1134 3245; x_wconf 73' lang='lat' dir='ltr'><strong>cesthae&#39;ri</strong></span> <span class='ocrx_word' id='word_1_178' title='bbox 1200 3234 1206 3245; x_wconf 93' lang='lat'><strong>.</strong></span> <span class='ocrx_word' id='word_1_179' title='bbox 1281 3232 1288 3244; x_wconf 92' lang='lat'><strong>.</strong></span> <span class='ocrx_word' id='word_1_180' title='bbox 1361 3233 1367 3245; x_wconf 93' lang='lat'><strong>.</strong></span> <span class='ocrx_word' id='word_1_181' title='bbox 1442 3233 1448 3245; x_wconf 94' lang='lat'><strong>.</strong></span> <span class='ocrx_word' id='word_1_182' title='bbox 1522 3192 1572 3245; x_wconf 91' lang='grc'><strong>165</strong></span> 
     </span>
     <span class='ocr_line' id='line_1_29' title="bbox 396 3286 1572 3359; baseline 0.003 -18"><span class='ocrx_word' id='word_1_183' title='bbox 396 3286 589 3341; x_wconf 88' lang='lat' dir='ltr'><strong>Articulus</strong></span> <span class='ocrx_word' id='word_1_184' title='bbox 607 3288 632 3342; x_wconf 79' lang='lat'><strong>2.</strong></span> <span class='ocrx_word' id='word_1_185' title='bbox 664 3288 705 3341; x_wconf 91' lang='lat' dir='ltr'><strong>De</strong></span> <span class='ocrx_word' id='word_1_186' title='bbox 723 3288 879 3342; x_wconf 87' lang='lat' dir='ltr'><strong>moralitate</strong></span> <span class='ocrx_word' id='word_1_187' title='bbox 898 3290 926 3342; x_wconf 93' lang='lat' dir='ltr'><strong>in</strong></span> <span class='ocrx_word' id='word_1_188' title='bbox 944 3288 1036 3359; x_wconf 86' lang='lat' dir='ltr'><strong>specie</strong></span> <span class='ocrx_word' id='word_1_189' title='bbox 1522 3290 1572 3345; x_wconf 89' lang='grc'><strong>165</strong></span> 
     </span>
     <span class='ocr_line' id='line_1_30' title="bbox 431 3376 1573 3448; baseline 0.004 -17"><span class='ocrx_word' id='word_1_190' title='bbox 431 3377 492 3442; x_wconf 64' lang='lat'><strong>51.</strong></span> <span class='ocrx_word' id='word_1_191' title='bbox 523 3376 564 3429; x_wconf 91' lang='lat' dir='ltr'><strong>De</strong></span> <span class='ocrx_word' id='word_1_192' title='bbox 582 3376 703 3431; x_wconf 87' lang='lat' dir='ltr'><strong>fontibus</strong></span> <span class='ocrx_word' id='word_1_193' title='bbox 720 3378 885 3431; x_wconf 86' lang='lat' dir='ltr'><strong>moralitatis</strong></span> <span class='ocrx_word' id='word_1_194' title='bbox 903 3378 931 3431; x_wconf 92' lang='lat' dir='ltr'><strong>in</strong></span> <span class='ocrx_word' id='word_1_195' title='bbox 950 3379 1042 3448; x_wconf 87' lang='lat' dir='ltr'><strong>specie</strong></span> <span class='ocrx_word' id='word_1_196' title='bbox 1522 3381 1573 3435; x_wconf 91' lang='grc'><strong>166</strong></span> 
     </span>
     <span class='ocr_line' id='line_1_31' title="bbox 357 3476 1446 3546; baseline 0.001 -15"><span class='ocrx_word' id='word_1_197' title='bbox 357 3476 462 3531; x_wconf 81' lang='lat' dir='ltr'><strong>&#39;l&#39;lucsls</strong></span> <span class='ocrx_word' id='word_1_198' title='bbox 479 3476 552 3531; x_wconf 87' lang='lat' dir='ltr'><strong>XX.</strong></span> <span class='ocrx_word' id='word_1_199' title='bbox 589 3476 732 3546; x_wconf 79' lang='lat' dir='ltr'><strong>Iltriplici</strong></span> <span class='ocrx_word' id='word_1_200' title='bbox 758 3478 874 3531; x_wconf 90' lang='lat' dir='ltr'><strong>actionis</strong></span> <span class='ocrx_word' id='word_1_201' title='bbox 898 3480 1034 3532; x_wconf 88' lang='lat' dir='ltr'><strong>momento</strong></span> <span class='ocrx_word' id='word_1_202' title='bbox 1060 3480 1119 3533; x_wconf 88' lang='lat' dir='ltr'><strong>eius</strong></span> <span class='ocrx_word' id='word_1_203' title='bbox 1138 3479 1314 3533; x_wconf 80' lang='lat' dir='ltr'><strong>conformitas</strong></span> <span class='ocrx_word' id='word_1_204' title='bbox 1333 3478 1378 3532; x_wconf 81' lang='lat' dir='ltr'><strong>vel</strong></span> <span class='ocrx_word' id='word_1_205' title='bbox 1397 3479 1446 3532; x_wconf 86' lang='lat' dir='ltr'><strong>dif-</strong></span> 
     </span>
     <span class='ocr_line' id='line_1_32' title="bbox 430 3567 1447 3633; baseline 0.002 -13"><span class='ocrx_word' id='word_1_206' title='bbox 430 3567 556 3621; x_wconf 82' lang='lat' dir='ltr'><strong>formitas</strong></span> <span class='ocrx_word' id='word_1_207' title='bbox 568 3584 629 3620; x_wconf 91' lang='lat' dir='ltr'><strong>cum</strong></span> <span class='ocrx_word' id='word_1_208' title='bbox 642 3584 737 3621; x_wconf 87' lang='lat' dir='ltr'><strong>norma</strong></span> <span class='ocrx_word' id='word_1_209' title='bbox 749 3568 860 3622; x_wconf 91' lang='lat' dir='ltr'><strong>moralis</strong></span> <span class='ocrx_word' id='word_1_210' title='bbox 872 3568 1045 3623; x_wconf 87' lang='lat' dir='ltr'><strong>rectitudinis</strong></span> <span class='ocrx_word' id='word_1_211' title='bbox 1058 3570 1181 3623; x_wconf 89' lang='lat' dir='ltr'><strong>emanat:</strong></span> <span class='ocrx_word' id='word_1_212' title='bbox 1200 3586 1235 3622; x_wconf 88' lang='lat' dir='ltr'><strong>ex</strong></span> <span class='ocrx_word' id='word_1_213' title='bbox 1252 3568 1366 3632; x_wconf 85' lang='lat' dir='ltr'><strong>obiecto,</strong></span> <span class='ocrx_word' id='word_1_214' title='bbox 1384 3568 1447 3633; x_wconf 87' lang='lat' dir='ltr'><strong>line,</strong></span> 
     </span>
     <span class='ocr_line' id='line_1_33' title="bbox 432 3655 1574 3713; baseline 0.002 -4"><span class='ocrx_word' id='word_1_215' title='bbox 432 3655 646 3710; x_wconf 84' lang='lat' dir='ltr'><strong>circumstantiis</strong></span> <span class='ocrx_word' id='word_1_216' title='bbox 1523 3658 1574 3713; x_wconf 91' lang='grc'><strong>166</strong></span> 
     </span>
     <span class='ocr_line' id='line_1_34' title="bbox 1522 3746 1573 3801; baseline 0 0"><span class='ocrx_word' id='word_1_217' title='bbox 1522 3746 1573 3801; x_wconf 89' lang='grc'><strong>168</strong></span> 
     </span>
     <span class='ocr_line' id='line_1_35' title="bbox 431 3832 1572 3901; baseline 0.002 -13"><span class='ocrx_word' id='word_1_218' title='bbox 431 3834 492 3901; x_wconf 60' lang='lat'><strong>52.</strong></span> <span class='ocrx_word' id='word_1_219' title='bbox 522 3832 564 3887; x_wconf 89' lang='lat' dir='ltr'><strong>De</strong></span> <span class='ocrx_word' id='word_1_220' title='bbox 581 3834 678 3888; x_wconf 88' lang='lat' dir='ltr'><strong>morali</strong></span> <span class='ocrx_word' id='word_1_221' title='bbox 697 3839 808 3889; x_wconf 84' lang='lat' dir='ltr'><strong>actuum</strong></span> <span class='ocrx_word' id='word_1_222' title='bbox 826 3835 1005 3889; x_wconf 86' lang='lat' dir='ltr'><strong>humanorum</strong></span> <span class='ocrx_word' id='word_1_223' title='bbox 1025 3836 1206 3890; x_wconf 82' lang='lat' dir='ltr'><strong>indifferentia</strong></span> <span class='ocrx_word' id='word_1_224' title='bbox 1279 3878 1285 3889; x_wconf 94' lang='lat'><strong>.</strong></span> <span class='ocrx_word' id='word_1_225' title='bbox 1360 3879 1365 3889; x_wconf 95' lang='lat'><strong>.</strong></span> <span class='ocrx_word' id='word_1_226' title='bbox 1440 3878 1445 3889; x_wconf 93' lang='lat'><strong>.</strong></span> <span class='ocrx_word' id='word_1_227' title='bbox 1521 3837 1572 3890; x_wconf 88' lang='grc'><strong>169</strong></span> 
     </span>
    </p>
   </div>
   <div class='ocr_carea' id='block_1_3' title="bbox 358 3940 1571 4275">
    <p class='ocr_par' dir='ltr' id='par_1_3' title="bbox 358 3940 1447 4009">
     <span class='ocr_line' id='line_1_36' title="bbox 358 3940 1447 4009; baseline 0.002 -15"><span class='ocrx_word' id='word_1_228' title='bbox 358 3940 462 3996; x_wconf 76' lang='lat' dir='ltr'><strong>Ibcsls</strong></span> <span class='ocrx_word' id='word_1_229' title='bbox 479 3941 566 3995; x_wconf 85' lang='lat' dir='ltr'><strong>XXI.</strong></span> <span class='ocrx_word' id='word_1_230' title='bbox 603 3940 774 4009; x_wconf 80' lang='lat' dir='ltr'><strong>Quamquam</strong></span> <span class='ocrx_word' id='word_1_231' title='bbox 796 3941 957 3997; x_wconf 87' lang='lat' dir='ltr'><strong>admittendi</strong></span> <span class='ocrx_word' id='word_1_232' title='bbox 985 3944 1050 3995; x_wconf 90' lang='lat' dir='ltr'><strong>sunt</strong></span> <span class='ocrx_word' id='word_1_233' title='bbox 1075 3946 1154 3997; x_wconf 87' lang='lat' dir='ltr'><strong>actua</strong></span> <span class='ocrx_word' id='word_1_234' title='bbox 1179 3942 1290 3997; x_wconf 89' lang='lat' dir='ltr'><strong>humani</strong></span> <span class='ocrx_word' id='word_1_235' title='bbox 1309 3942 1447 3996; x_wconf 82' lang='lat' dir='ltr'><strong>moraliter</strong></span> 
     </span>
    </p>

    <p class='ocr_par' dir='ltr' id='par_1_4' title="bbox 430 4030 1571 4275">
     <span class='ocr_line' id='line_1_37' title="bbox 430 4030 1445 4097; baseline 0 -12"><span class='ocrx_word' id='word_1_236' title='bbox 430 4030 625 4094; x_wconf 81' lang='lat' dir='ltr'><strong>indifferentes,</strong></span> <span class='ocrx_word' id='word_1_237' title='bbox 643 4030 667 4085; x_wconf 91' lang='lat' dir='ltr'><strong>si</strong></span> <span class='ocrx_word' id='word_1_238' title='bbox 686 4031 714 4083; x_wconf 89' lang='lat' dir='ltr'><strong>in</strong></span> <span class='ocrx_word' id='word_1_239' title='bbox 732 4030 872 4085; x_wconf 88' lang='lat' dir='ltr'><strong>abstracto</strong></span> <span class='ocrx_word' id='word_1_240' title='bbox 890 4030 1104 4097; x_wconf 86' lang='lat' dir='ltr'><strong>considerantur,</strong></span> <span class='ocrx_word' id='word_1_241' title='bbox 1124 4032 1216 4086; x_wconf 90' lang='lat' dir='ltr'><strong>nullus</strong></span> <span class='ocrx_word' id='word_1_242' title='bbox 1229 4036 1319 4085; x_wconf 86' lang='lat' dir='ltr'><strong>tamen</strong></span> <span class='ocrx_word' id='word_1_243' title='bbox 1339 4033 1365 4085; x_wconf 91' lang='lat' dir='ltr'><strong>in</strong></span> <span class='ocrx_word' id='word_1_244' title='bbox 1385 4049 1445 4085; x_wconf 89' lang='lat' dir='ltr'><strong>con-</strong></span> 
     </span>
     <span class='ocr_line' id='line_1_38' title="bbox 431 4119 1571 4189; baseline 0 -16"><span class='ocrx_word' id='word_1_245' title='bbox 431 4122 506 4173; x_wconf 91' lang='lat' dir='ltr'><strong>creto</strong></span> <span class='ocrx_word' id='word_1_246' title='bbox 519 4120 653 4173; x_wconf 81' lang='lat' dir='ltr'><strong>exsistere</strong></span> <span class='ocrx_word' id='word_1_247' title='bbox 665 4123 764 4189; x_wconf 86' lang='lat' dir='ltr'><strong>potest,</strong></span> <span class='ocrx_word' id='word_1_248' title='bbox 777 4120 823 4188; x_wconf 87' lang='lat' dir='ltr'><strong>qui</strong></span> <span class='ocrx_word' id='word_1_249' title='bbox 836 4138 890 4173; x_wconf 92' lang='lat' dir='ltr'><strong>non</strong></span> <span class='ocrx_word' id='word_1_250' title='bbox 902 4122 939 4174; x_wconf 86' lang='lat' dir='ltr'><strong>alt</strong></span> <span class='ocrx_word' id='word_1_251' title='bbox 952 4120 1125 4189; x_wconf 87' lang='lat' dir='ltr'><strong>aliquatenus</strong></span> <span class='ocrx_word' id='word_1_252' title='bbox 1138 4124 1187 4175; x_wconf 88' lang='lat' dir='ltr'><strong>aut</strong></span> <span class='ocrx_word' id='word_1_253' title='bbox 1198 4120 1285 4175; x_wconf 85' lang='lat' dir='ltr'><strong>bonus</strong></span> <span class='ocrx_word' id='word_1_254' title='bbox 1298 4123 1346 4173; x_wconf 89' lang='lat' dir='ltr'><strong>aut</strong></span> <span class='ocrx_word' id='word_1_255' title='bbox 1358 4119 1446 4174; x_wconf 83' lang='lat' dir='ltr'><strong>malus</strong></span> <span class='ocrx_word' id='word_1_256' title='bbox 1521 4120 1571 4174; x_wconf 86' lang='grc'><strong>169</strong></span> 
     </span>
     <span class='ocr_line' id='line_1_39' title="bbox 467 4210 1571 4275; baseline 0.001 -13"><span class='ocrx_word' id='word_1_257' title='bbox 467 4210 596 4262; x_wconf 82' lang='lat' dir='ltr'><strong>Notanda</strong></span> <span class='ocrx_word' id='word_1_258' title='bbox 614 4210 652 4261; x_wconf 85' lang='lat' dir='ltr'><strong>ad</strong></span> <span class='ocrx_word' id='word_1_259' title='bbox 669 4210 808 4261; x_wconf 75' lang='lat' dir='ltr'><strong>solvendae</strong></span> <span class='ocrx_word' id='word_1_260' title='bbox 826 4210 1001 4275; x_wconf 71' lang='lat' dir='ltr'><strong>difficultates</strong></span> <span class='ocrx_word' id='word_1_261' title='bbox 1037 4250 1446 4263; x_wconf 89' lang='grc'><strong>......</strong></span> <span class='ocrx_word' id='word_1_262' title='bbox 1520 4210 1571 4263; x_wconf 79' lang='grc'><strong>172</strong></span> 
     </span>
    </p>
   </div>
   <div class='ocr_carea' id='block_1_4' title="bbox 358 4348 1571 4891">
    <p class='ocr_par' dir='ltr' id='par_1_5' title="bbox 358 4348 1571 4891">
     <span class='ocr_line' id='line_1_40' title="bbox 385 4348 1509 4418; baseline -0.003 -14"><span class='ocrx_word' id='word_1_263' title='bbox 385 4348 480 4418; x_wconf 73' lang='lat' dir='ltr'><strong>Caput</strong></span> <span class='ocrx_word' id='word_1_264' title='bbox 497 4349 538 4403; x_wconf 96' lang='lat' dir='ltr'><strong>lI.</strong></span> <span class='ocrx_word' id='word_1_265' title='bbox 576 4348 616 4401; x_wconf 88' lang='lat' dir='ltr'><strong>Ile</strong></span> <span class='ocrx_word' id='word_1_266' title='bbox 635 4348 775 4403; x_wconf 82' lang='lat' dir='ltr'><strong>attributis</strong></span> <span class='ocrx_word' id='word_1_267' title='bbox 793 4349 942 4403; x_wconf 89' lang='lat' dir='ltr'><strong>moralibus</strong></span> <span class='ocrx_word' id='word_1_268' title='bbox 960 4349 1141 4403; x_wconf 85' lang='lat' dir='ltr'><strong>moralitatem</strong></span> <span class='ocrx_word' id='word_1_269' title='bbox 1162 4352 1240 4402; x_wconf 85' lang='lat' dir='ltr'><strong>actus</strong></span> <span class='ocrx_word' id='word_1_270' title='bbox 1258 4348 1509 4403; x_wconf 88' lang='lat' dir='ltr'><strong>concomitantibus.</strong></span> 
     </span>
     <span class='ocr_line' id='line_1_41' title="bbox 397 4446 1570 4517; baseline 0.002 -18"><span class='ocrx_word' id='word_1_271' title='bbox 397 4446 590 4501; x_wconf 77' lang='lat' dir='ltr'><strong>Atticulae</strong></span> <span class='ocrx_word' id='word_1_272' title='bbox 611 4448 634 4499; x_wconf 95' lang='lat' dir='ltr'><strong>l.</strong></span> <span class='ocrx_word' id='word_1_273' title='bbox 672 4446 712 4500; x_wconf 85' lang='lat' dir='ltr'><strong>De</strong></span> <span class='ocrx_word' id='word_1_274' title='bbox 730 4447 943 4517; x_wconf 77' lang='lat' dir='ltr'><strong>imputribilitate</strong></span> <span class='ocrx_word' id='word_1_275' title='bbox 957 4488 1444 4501; x_wconf 89' lang='grc'><strong>.......</strong></span> <span class='ocrx_word' id='word_1_276' title='bbox 1520 4448 1570 4501; x_wconf 83' lang='grc'><strong>173</strong></span> 
     </span>
     <span class='ocr_line' id='line_1_42' title="bbox 432 4536 1569 4608; baseline 0 -17"><span class='ocrx_word' id='word_1_277' title='bbox 432 4537 493 4603; x_wconf 67' lang='lat' dir='ltr'><strong>§L</strong></span> <span class='ocrx_word' id='word_1_278' title='bbox 524 4536 565 4590; x_wconf 89' lang='lat' dir='ltr'><strong>De</strong></span> <span class='ocrx_word' id='word_1_279' title='bbox 583 4540 682 4591; x_wconf 87' lang='lat' dir='ltr'><strong>natura</strong></span> <span class='ocrx_word' id='word_1_280' title='bbox 700 4537 920 4608; x_wconf 69' lang='lat' dir='ltr'><strong>importabilitatis</strong></span> <span class='ocrx_word' id='word_1_281' title='bbox 957 4578 1445 4591; x_wconf 89' lang='grc'><strong>.......</strong></span> <span class='ocrx_word' id='word_1_282' title='bbox 1520 4536 1569 4591; x_wconf 87' lang='grc'><strong>173</strong></span> 
     </span>
     <span class='ocr_line' id='line_1_43' title="bbox 358 4639 1570 4713; baseline -0.001 -16"><span class='ocrx_word' id='word_1_283' title='bbox 358 4642 462 4699; x_wconf 78' lang='lat' dir='ltr'><strong>&#39;l&#39;licels</strong></span> <span class='ocrx_word' id='word_1_284' title='bbox 473 4644 575 4699; x_wconf 82' lang='lat' dir='ltr'><strong>XXII.</strong></span> <span class='ocrx_word' id='word_1_285' title='bbox 601 4642 735 4697; x_wconf 84' lang='lat' dir='ltr'><strong>Formalis</strong></span> <span class='ocrx_word' id='word_1_286' title='bbox 747 4643 817 4697; x_wconf 85' lang='lat' dir='ltr'><strong>ratio</strong></span> <span class='ocrx_word' id='word_1_287' title='bbox 829 4641 1050 4713; x_wconf 82' lang='lat' dir='ltr'><strong>imputabilitatis</strong></span> <span class='ocrx_word' id='word_1_288' title='bbox 1064 4646 1106 4696; x_wconf 89' lang='lat' dir='ltr'><strong>est</strong></span> <span class='ocrx_word' id='word_1_289' title='bbox 1120 4644 1179 4713; x_wconf 87' lang='lat' dir='ltr'><strong>ipsa</strong></span> <span class='ocrx_word' id='word_1_290' title='bbox 1197 4641 1313 4695; x_wconf 87' lang='lat' dir='ltr'><strong>actionis</strong></span> <span class='ocrx_word' id='word_1_291' title='bbox 1331 4639 1445 4695; x_wconf 89' lang='lat' dir='ltr'><strong>libertas</strong></span> <span class='ocrx_word' id='word_1_292' title='bbox 1519 4644 1570 4697; x_wconf 90' lang='grc'><strong>174</strong></span> 
     </span>
     <span class='ocr_line' id='line_1_44' title="bbox 469 4732 1571 4787; baseline 0 -1"><span class='ocrx_word' id='word_1_293' title='bbox 469 4732 624 4787; x_wconf 57' lang='lat' dir='ltr'><strong>wallaria</strong></span> <span class='ocrx_word' id='word_1_294' title='bbox 637 4772 1444 4787; x_wconf 92' lang='grc'><strong>...........</strong></span> <span class='ocrx_word' id='word_1_295' title='bbox 1519 4733 1571 4787; x_wconf 93' lang='grc'><strong>174</strong></span> 
     </span>
     <span class='ocr_line' id='line_1_45' title="bbox 433 4819 1570 4891; baseline 0.003 -19"><span class='ocrx_word' id='word_1_296' title='bbox 433 4820 495 4887; x_wconf 59' lang='lat'><strong>§2-</strong></span> <span class='ocrx_word' id='word_1_297' title='bbox 524 4819 565 4874; x_wconf 92' lang='lat' dir='ltr'><strong>De</strong></span> <span class='ocrx_word' id='word_1_298' title='bbox 578 4820 790 4891; x_wconf 84' lang='lat' dir='ltr'><strong>imputabilitate</strong></span> <span class='ocrx_word' id='word_1_299' title='bbox 802 4822 955 4887; x_wconf 81' lang='lat' dir='ltr'><strong>effectuum,</strong></span> <span class='ocrx_word' id='word_1_300' title='bbox 975 4821 1021 4890; x_wconf 89' lang='lat' dir='ltr'><strong>qui</strong></span> <span class='ocrx_word' id='word_1_301' title='bbox 1041 4838 1102 4875; x_wconf 86' lang='lat' dir='ltr'><strong>curn</strong></span> <span class='ocrx_word' id='word_1_302' title='bbox 1123 4820 1229 4875; x_wconf 88' lang='lat' dir='ltr'><strong>actione</strong></span> <span class='ocrx_word' id='word_1_303' title='bbox 1248 4823 1446 4875; x_wconf 88' lang='lat' dir='ltr'><strong>connectuntur</strong></span> <span class='ocrx_word' id='word_1_304' title='bbox 1520 4821 1570 4875; x_wconf 88' lang='grc'><strong>175</strong></span> 
     </span>
    </p>
   </div>
   <div class='ocr_carea' id='block_1_5' title="bbox 360 4925 1446 5085">
    <p class='ocr_par' dir='ltr' id='par_1_6' title="bbox 360 4925 1446 5085">
     <span class='ocr_line' id='line_1_46' title="bbox 360 4925 1445 4997; baseline 0.001 -17"><span class='ocrx_word' id='word_1_305' title='bbox 360 4925 463 4981; x_wconf 82' lang='lat' dir='ltr'><strong>Thasie</strong></span> <span class='ocrx_word' id='word_1_306' title='bbox 480 4926 597 4982; x_wconf 90' lang='lat' dir='ltr'><strong>XXlll.</strong></span> <span class='ocrx_word' id='word_1_307' title='bbox 635 4926 756 4983; x_wconf 81' lang='lat' dir='ltr'><strong>Effectus</strong></span> <span class='ocrx_word' id='word_1_308' title='bbox 774 4928 871 4990; x_wconf 88' lang='lat' dir='ltr'><strong>malus,</strong></span> <span class='ocrx_word' id='word_1_309' title='bbox 890 4945 971 4997; x_wconf 89' lang='lat' dir='ltr'><strong>quem</strong></span> <span class='ocrx_word' id='word_1_310' title='bbox 991 4931 1099 4997; x_wconf 88' lang='lat' dir='ltr'><strong>praeter</strong></span> <span class='ocrx_word' id='word_1_311' title='bbox 1117 4944 1194 4981; x_wconf 86' lang='lat' dir='ltr'><strong>suam</strong></span> <span class='ocrx_word' id='word_1_312' title='bbox 1214 4927 1390 4981; x_wconf 90' lang='lat' dir='ltr'><strong>intentionem</strong></span> <span class='ocrx_word' id='word_1_313' title='bbox 1411 4942 1445 4981; x_wconf 83' lang='lat' dir='ltr'><strong>ex</strong></span> 
     </span>
     <span class='ocr_line' id='line_1_47' title="bbox 432 5014 1446 5085; baseline 0.001 -17"><span class='ocrx_word' id='word_1_314' title='bbox 432 5014 538 5069; x_wconf 87' lang='lat' dir='ltr'><strong>actione</strong></span> <span class='ocrx_word' id='word_1_315' title='bbox 555 5018 713 5070; x_wconf 88' lang='lat' dir='ltr'><strong>secuturam</strong></span> <span class='ocrx_word' id='word_1_316' title='bbox 731 5034 818 5084; x_wconf 85' lang='lat' dir='ltr'><strong>agens</strong></span> <span class='ocrx_word' id='word_1_317' title='bbox 829 5016 979 5085; x_wconf 83' lang='lat' dir='ltr'><strong>praevidet,</strong></span> <span class='ocrx_word' id='word_1_318' title='bbox 999 5015 1061 5069; x_wconf 88' lang='lat' dir='ltr'><strong>huic</strong></span> <span class='ocrx_word' id='word_1_319' title='bbox 1074 5014 1203 5085; x_wconf 86' lang='lat' dir='ltr'><strong>imputari</strong></span> <span class='ocrx_word' id='word_1_320' title='bbox 1215 5016 1318 5084; x_wconf 89' lang='lat' dir='ltr'><strong>nequit,</strong></span> <span class='ocrx_word' id='word_1_321' title='bbox 1338 5016 1446 5085; x_wconf 86' lang='lat' dir='ltr'><strong>quoties</strong></span> 
     </span>
    </p>
   </div>
   <div class='ocr_carea' id='block_1_6' title="bbox 0 0 1960 5842">
    <p class='ocr_par' dir='ltr' id='par_1_7' title="bbox 0 0 1960 5842">
     <span class='ocr_line' id='line_1_48' title="bbox 0 0 1960 5842; baseline 0 1"><span class='ocrx_word' id='word_1_322' title='bbox 0 0 1960 5842; x_wconf 95' lang='lat' dir='ltr'><strong> </strong></span> 
     </span>
    </p>
   </div>
  </div>
 </body>
</html>
