3909 5842
436 642 477 705 74
660 638 749 693 Sectio
768 638 789 693 Ι.
826 637 907 693 Liber
924 639 945 693 Ι.
984 638 1073 709 Caput
1091 638 1139 693 ΙΙΙ.
1176 638 1316 694 Articulns
1335 638 1360 693 2.
1397 639 1458 707 52.

433 837 533 881 sensu
562 820 597 881 et
619 815 653 883 S.
677 815 820 881 Thomas
848 815 966 882 merito
998 815 1093 883 dicit:
1128 814 1293 894 ,Necesse
1316 821 1378 895 est,
1409 816 1496 900 quod
1520 816 1621 882 bomo
1643 814 1682 880 sit

433 923 528 989 liberi
551 922 679 989 arbitrii
702 943 745 988 ex
767 922 829 988 boc
851 922 934 1006 ipso,
959 921 1046 1005 quod
1069 921 1241 989 rationalis
1265 924 1372 992 est.“¹

523 1031 618 1115 Rccp.
642 1032 674 1097 2.
706 1028 781 1095 Non
804 1028 918 1094 eadem
942 1027 1048 1095 illatio
1071 1029 1164 1095 velet
1186 1029 1294 1111 quoad
1310 1029 1498 1096 libertatem
1515 1031 1681 1095 actualem.

434 1136 546 1203 Posito
574 1136 659 1202 enirn
682 1135 801 1202 iudicio
825 1135 964 1202 rationis
987 1134 1203 1215 indifferente‚
1235 1136 1305 1201 fieri
1329 1136 1539 1202 nibilominus
1562 1140 1681 1219 potest.

433 1247 471 1310 ut
500 1243 631 1309 aliunde
661 1241 843 1309 voluntatis
866 1241 1004 1307 libertas
1027 1241 1060 1306 in
1084 1245 1161 1307 actu
1185 1242 1394 1317 considerata
1417 1242 1559 1309 deficiat.
1609 1241 1684 1317 Quis

432 1347 519 1413 enim
549 1348 676 1415 dubitet
705 1370 803 1432 posse
832 1348 1007 1414 humanam
1039 1348 1255 1427 voluntatem,
1287 1348 1529 1415 nonobstante
1554 1348 1683 1413 illaiu·

433 1454 506 1519 dicii
530 1454 760 1537 indifferentia,
791 1476 849 1539 per
873 1456 977 1520 Deum
1002 1456 1050 1521 ita
1073 1455 1114 1519 ad
1140 1458 1250 1521 actum
1274 1456 1410 1536 moveri,
1434 1454 1585 1521 utillum
1613 1474 1682 1519 cnm

432 1560 632 1627 necessitate
659 1563 806 1645 ponatt2
851 1560 899 1627 Ut
927 1560 1031 1644 igitur
1060 1569 1150 1627 actae
1180 1560 1360 1628 voluntatis
1384 1582 1426 1627 ex
1449 1560 1562 1626 radice
1584 1560 1684 1625 liber-

432 1667 513 1732 tatis
536 1667 717 1750 procedens
740 1688 819 1733 vere
842 1667 926 1732 liber
949 1667 1013 1732 dici
1027 1666 1143 1750 possit,
1168 1686 1303 1731 necesse
1319 1671 1380 1745 est,
1405 1670 1443 1733 ut
1457 1666 1593 1753 insuper
1611 1689 1683 1751 sup

432 1775 577 1856 ponatur
591 1772 651 1838 Dei
676 1773 866 1856 cooperatio
889 1773 939 1839 ita
960 1771 1201 1839 indifferentiae
1226 1792 1381 1855 congrua,
1406 1777 1444 1840 ut
1466 1795 1488 1839 a
1510 1774 1684 1839 voluntate

433 1898 562 1959 quoque
584 1882 680 1944 actus
702 1880 800 1945 libere
822 1878 900 1962 poni
923 1878 1029 1961 possit
1039 1879 1061 1945 ³.

698 2069 716 2152 ἕ
740 2074 770 2136 2.
817 2071 873 2136 De
897 2070 1155 2136 definitione
1178 2070 1414 2137 libertatis,

432 2200 498 2272 104.
588 2202 754 2286 Siquidem
781 2224 843 2281 ,ex
865 2202 927 2268 hoc
949 2201 1043 2267 liberi
1067 2201 1194 2267 arbitrii
1217 2222 1290 2267 esse
1313 2200 1468 2281 dicimur,
1499 2202 1587 2285 quod
1608 2223 1684 2285 pos-

432 2330 544 2374 sumus
559 2331 657 2375 unum
673 2309 819 2394 recipere
835 2309 899 2375 alio
916 2312 1085 2376 recusato“
1099 2311 1122 2387 4,
1146 2308 1229 2375 satis
1245 2330 1304 2392 per
1319 2330 1355 2374 se
1371 2309 1526 2391 consequi
1540 2308 1683 2385 videtur,

431 2415 568 2481 liberem
592 2417 797 2482 voluntatem
821 2417 947 2482 censeri
969 2438 1035 2482 non
1059 2436 1166 2499 posse,
1191 2415 1253 2480 nisi
1277 2419 1440 2497 quatenus
1463 2415 1618 2481 immunis
1642 2416 1682 2479 sit

432 2542 453 2586 a
481 2543 684 2605 quecumque
713 2522 914 2589 necessitate
937 2522 1163 2601 antecedente,
1187 2521 1207 2588 i.
1233 2542 1261 2587 e.
1286 2541 1370 2604 quae
1393 2521 1617 2606 independens
1641 2522 1683 2587 sit

432 2647 453 2690 a
475 2628 647 2694 voluntate
671 2649 808 2712 eamque
832 2628 874 2693 ad
897 2650 997 2693 unum
1018 2627 1224 2694 determinet.
1256 2626 1333 2692 Ideo
1351 2628 1489 2693 libertas
1504 2650 1525 2694 a
1540 2629 1683 2693 necessi·

432 2736 505 2800 tate
528 2734 627 2800 etiam
651 2735 789 2801 libertas
816 2734 1092 2813 ,indifferentiae“
1120 2737 1269 2800 vocatur.
1316 2734 1540 2800 Indifferentiu
1564 2736 1683 2819 quippe

434 2840 610 2924 opponitur
637 2841 903 2908 determinationi
927 2841 967 2906 ed
993 2862 1102 2907 unum.
1149 2840 1266 2923 Itaque
1290 2840 1474 2922 generatim
1497 2840 1682 2907 indifferen-

433 2945 514 3011 tiam
542 2947 686 3030 aliquam
708 2948 890 3015 voluntatis
914 2948 954 3012 de
977 2947 1106 3013 ratione
1129 2946 1223 3011 liberi
1247 2946 1374 3013 arbitrii
1399 2968 1472 3012 esse
1496 2968 1609 3013 omnes
1632 2947 1682 3013 fa·

434 3051 496 3117 cile
529 3054 748 3121 consentiunt,
802 3054 910 3132 Quare
943 3055 986 3119 ad
1018 3053 1227 3119 statuendam
1264 3052 1484 3119 definitionem
1520 3053 1683 3119 libertatis

434 3163 512 3226 ante
535 3161 644 3226 omnia
667 3161 793 3227 sciatur
815 3164 957 3245 oportet,
983 3163 1088 3246 quotis
1110 3159 1333 3243 indifferentia
1356 3160 1552 3242 requiratur,
1579 3164 1615 3225 ut
1638 3158 1681 3223 ad

434 3266 617 3333 formaliter
633 3268 896 3333 constituendum
912 3267 1050 3332 liberum
1067 3265 1238 3331 arbitrium
1250 3266 1417 3331 sufficiens
1429 3266 1555 3331 censeri
1567 3266 1680 3349 possit.

522 3374 748 3457 Iadifferentio
768 3374 920 3439 nimirum
937 3373 1048 3439 varios
1063 3372 1177 3438 modos
1193 3392 1232 3437 ec
1248 3373 1371 3455 gradus
1387 3373 1543 3441 admittit.
1575 3374 1681 3440 Gene-

433 3479 532 3544 ratim
562 3480 624 3545 hoc
653 3480 783 3545 nornine
809 3479 1016 3561 intellegitur
1039 3478 1175 3561 quaevis
1198 3478 1367 3561 capacitas
1390 3480 1527 3545 duorum
1550 3486 1680 3547 conba-

434 3585 646 3651 dictoriorum
669 3588 724 3652 vel
747 3586 986 3653 contrariorum
1010 3586 1064 3651 vel
1083 3585 1201 3652 saltem
1219 3584 1431 3653 diversorum.
1465 3586 1679 3671 simpectas

434 3696 486 3758 est
509 3692 614 3757 solum
638 3692 681 3757 ad
704 3692 970 3768 contradictoria,
996 3692 1124 3758 scilicet
1147 3694 1187 3758 ad
1212 3692 1351 3759 formam
1374 3693 1428 3758 vel
1451 3713 1515 3757 non
1531 3693 1678 3771 formum,

434 3800 476 3865 ud
500 3802 611 3864 actum
634 3800 686 3864 vel
704 3799 774 3864 eius
790 3798 1008 3876 omissionem,
1034 3803 1173 3864 vocatur
1188 3800 1407 3883 indifferartic
1423 3800 1679 3865 contradictionis

433 3902 628 3985 (exercitii);
653 3904 681 3970 si
704 3904 747 3970 ad
770 3904 946 3985 contraria,
970 3910 1052 3989 puta
1068 3905 1111 3971 ad
1126 3905 1250 3971 formas
1266 3907 1319 3970 vel
1336 3906 1483 3971 actiones
1499 3903 1677 3971 contrarias

434 4014 493 4077 aut
516 4010 675 4089 diversas,
700 4032 731 4077 v,
755 4033 787 4094 g.
813 4011 854 4077 ad
878 4012 980 4077 bonas
1005 4016 1039 4079 et
1062 4012 1177 4089 malas,
1203 4012 1424 4095 indifferentia
1447 4012 1677 4077 contrarietatis

433 4116 714 4201 (specificationis)
738 4118 837 4200 vulgo
862 4117 1013 4185 diciturt.

527 4358 534 4387 ¹
556 4357 583 4410 S.
607 4356 706 4424 Tleom,
726 4354 753 4409 S.
772 4354 855 4408 theol.
877 4356 900 4419 l,
920 4373 946 4423 q.
966 4354 1009 4418 83,
1029 4372 1053 4407 a.
1076 4356 1098 4407 1.

525 4444 584 4498 ’Id
605 4445 692 4514 ipsum
710 4446 804 4514 aperte
824 4443 903 4497 docet
921 4444 950 4497 S.
973 4444 1074 4509 Tkoou,
1094 4442 1134 4497 De
1153 4443 1232 4497 verit.
1253 4461 1278 4512 q.
1299 4442 1342 4505 22,
1362 4460 1386 4496 a.
1406 4444 1423 4496 8
1443 4445 1471 4495 ct
1488 4442 1513 4496 9.

523 4536 534 4566 ⁸
553 4531 595 4586 cf.
615 4536 735 4601 Situm,
761 4530 869 4599 Proleg.
888 4532 902 4584 I
920 4530 954 4585 ad
973 4535 1055 4585 treet.
1076 4532 1109 4585 de
1128 4534 1198 4599 gret.
1219 4548 1242 4585 c.
1262 4532 1280 4585 4
1299 4534 1326 4585 et
1345 4532 1370 4586 5.
1407 4530 1528 4600 Metapb.
1546 4526 1608 4597 disp.
1627 4524 1669 4587 19,

434 4624 500 4675 sect.
520 4622 546 4675 3.

523 4711 534 4741 ⁴
554 4710 576 4763 S
596 4710 697 4775 raom,
716 4708 742 4762 S.
762 4708 845 4762 theol.
867 4709 890 4773 l,
909 4726 935 4777 q.
955 4708 998 4773 83,
1019 4726 1043 4763 e.
1064 4708 1079 4763 3
1099 4709 1125 4763 in
1146 4726 1218 4779 corp.

523 4799 534 4830 ⁵
555 4840 577 4864 ,.
589 4840 595 4852 .
607 4839 613 4852 .
624 4797 762 4851 Posterior
774 4800 866 4850 eutem
878 4797 1030 4852 necessitas
1044 4797 1095 4866 (sc.
1109 4798 1143 4851 eb
1157 4796 1323 4865 extrinseco)
1338 4814 1391 4851 nou
1404 4798 1538 4867 repugnat
1550 4788 1665 4847 facultati

434 4885 551 4950 liberae,
577 4889 775 4956 ...repugnet
799 4889 891 4939 eutem
913 4886 986 4940 actui
1006 4884 1106 4951 libero,
1130 4886 1208 4955 quie,
1234 4890 1265 4940 ut
1283 4884 1347 4939 talis
1365 4885 1416 4951 sit,
1442 4884 1546 4954 oportet
1565 4882 1593 4933 ut
1607 4892 1662 4947 pro·

438 4973 518 5028 cedat
535 4992 551 5027 a
570 4974 692 5043 potentia
710 4975 741 5026 ut
758 4972 858 5035 libera,
883 4973 928 5026 vel
948 4976 1037 5041 quoad
1054 4975 1289 5043 specifice-tionem,
1314 4973 1357 5026 vel
1382 4973 1480 5027 saltem
1499 4970 1582 5041 quood
1598 4980 1664 5019 ecer-
