3909 5842
416 611 480 674 224
666 605 756 662 Sentio
775 607 795 661 l.
833 605 914 661 Liber
931 607 979 661 Ill.
1017 606 1107 678 (lapnt
1125 608 1160 662 II.
1199 607 1339 663 Articulus
1358 608 1383 663 3.
1420 607 1481 676 Η.

414 787 537 852 Verum
569 806 664 851 nemo
696 805 848 867 umquam
879 783 1011 868 impune
1041 805 1114 850 curn
1144 784 1230 850 falso
1260 784 1420 870 principio
1451 786 1558 870 logice
1588 807 1670 854 con·

413 892 540 957 sociare
563 891 738 958 veritatem
763 911 939 974 aggressus
962 895 1024 958 est.
1063 890 1100 955 Id
1123 889 1273 974 prolecto
1296 891 1402 958 nostri
1423 894 1584 977 temporis
1607 916 1667 960 ex·

413 998 576 1083 parientia
604 997 669 1063 iam
699 997 741 1062 ad
772 997 900 1063 oculum
933 997 1148 1064 demonstrat.
1194 997 1282 1063 Nam
1306 999 1476 1066 societatis
1499 999 1608 1065 civilis
1631 1007 1666 1067 et

413 1105 503 1172 vitae
533 1105 682 1190 publicae
712 1103 928 1188 emancipatio
959 1124 979 1168 a
1009 1103 1168 1186 religione
1198 1108 1232 1170 et
1259 1105 1334 1187 lege
1357 1105 1479 1184 divina,
1509 1106 1666 1189 quidest

413 1211 500 1277 aliud
531 1210 593 1276 nisi
623 1211 894 1295 complementum
926 1209 1034 1291 logice
1064 1209 1286 1274 necessarium
1315 1209 1465 1295 principii
1499 1212 1663 1288 kantiam,

413 1339 476 1401 quo
511 1317 628 1402 singuli
665 1317 812 1383 homines
843 1337 863 1382 a
893 1315 1051 1399 religione
1081 1320 1117 1382 et
1143 1316 1217 1398 lege
1247 1315 1359 1382 divina
1389 1319 1663 1402 emancipentur?

412 1425 589 1492 Modernus
612 1425 713 1509 igitur
736 1423 970 1490 naturalismns
995 1423 1137 1502 socialis,
1162 1424 1262 1506 vulgo
1291 1423 1560 1503 ,liberalismus‘,
1583 1426 1662 1491 dnm

411 1533 491 1600 illud
508 1533 595 1598 omni
611 1533 718 1598 studio
734 1531 877 1608 molitur,
902 1531 1048 1614 practice
1063 1530 1095 1595 id
1111 1530 1218 1614 ipsum
1235 1531 1436 1613 exsequitur,
1453 1531 1540 1614 quod
1555 1531 1662 1616 philo-

411 1639 543 1724 sophice
566 1638 765 1705 delineatum
789 1641 901 1704 exstat
924 1637 955 1700 in
985 1637 1193 1715 ,autonomia
1215 1636 1355 1703 rationis
1378 1637 1576 1722 practicae“.

474 1831 547 1913 §2
593 1831 746 1896 Eadem
770 1829 968 1896 doctrina
991 1827 1175 1894 examini
1198 1829 1353 1895 critico
1376 1829 1598 1896 subicitur.

411 1961 480 2034 too.
568 1950 723 2034 Thcsls
751 1949 961 2034 XXVIII.
1002 1975 1212 2039 Aaronom
1237 1976 1384 2040 reninis
1412 1996 1435 2042 a
1454 1979 1579 2042 nanuo
1605 1980 1659 2042 m·

409 2077 508 2138 reeta
528 2087 634 2135 sanae
655 2071 886 2149 philosophiae
906 2077 1089 2152 repugnat.

498 2203 666 2278 Probatur.
706 2208 756 2274 lla
786 2208 935 2275 doctrina
964 2207 1078 2292 procul
1109 2208 1206 2273 dubio
1236 2229 1308 2274 cnm
1340 2231 1422 2276 sana
1450 2211 1658 2296 philosophia

410 2314 558 2399 componi
590 2314 713 2396 nequit,
746 2333 829 2396 quae
861 2315 889 2378 l.
914 2333 994 2379 vero
1025 2317 1186 2400 conceptui
1215 2323 1244 2381 et
1274 2321 1434 2384 essentiali
1460 2319 1522 2402 fini
1550 2319 1658 2383 omnia
1766 2362 1767 2367 κ

409 2419 618 2502 obligationis
648 2419 781 2485 moralis
805 2423 985 2503 repugnat,
1018 2423 1048 2486 2.
1074 2440 1158 2502 quae
1188 2420 1305 2487 nititur
1326 2422 1411 2504 salso
1432 2423 1656 2506 fundamento,

409 2530 438 2594 3.
464 2547 547 2610 quae
577 2529 710 2610 apertas
740 2527 1006 2592 contradictiones
1034 2525 1175 2592 involvit
1203 2531 1238 2594 et
1260 2529 1291 2594 4.
1317 2548 1401 2610 quae
1430 2528 1535 2612 logice
1566 2530 1655 2597 ducit

409 2637 467 2701 aut
497 2634 538 2698 ad
566 2633 766 2716 fatalisrnnrn
789 2637 847 2698 aut
871 2633 912 2698 ad
931 2633 1178 2717 pontheiammn.
1225 2635 1325 2720 Atqui
1347 2634 1429 2701 haec
1451 2635 1561 2701 omnia
1583 2637 1654 2702 inre

408 2741 525 2805 merito
549 2741 790 2823 exprobrantur
817 2738 1044 2816 ,autonomiae
1067 2739 1237 2806 rationis“.
1285 2741 1372 2825 Erpa
1395 2746 1458 2808 etc.

497 2845 612 2912 Prob.
641 2845 772 2910 minor
802 2867 874 2929 per
903 2850 1058 2928 partes.

499 2955 526 3018 1.
552 2953 720 3038 Repnpnat
742 2973 813 3016 uero
837 2953 998 3036 conceptui
1021 2959 1048 3016 et
1070 2954 1232 3018 essentiali
1245 2953 1306 3036 sirii
1327 2956 1431 3019 ornnie
1453 2955 1654 3041 oblipationis

406 3061 545 3126 moralia.
572 3093 615 3102 —-
646 3057 810 3140 Obligatio
841 3057 991 3136 moralis,
1024 3057 1076 3122 oui
1109 3062 1262 3122 creatura
1294 3059 1464 3125 rationalis
1494 3061 1655 3129 subicitur

406 3165 482 3248 (nisi
506 3167 657 3231 effectum
681 3167 827 3230 creatum
851 3163 921 3228 sine
946 3163 1033 3228 omni
1056 3184 1157 3228 causa
1179 3165 1269 3230 finali
1292 3165 1469 3232 admittere
1489 3167 1651 3248 velimus),

406 3271 531 3356 concipi
555 3271 741 3337 necessario
765 3271 863 3337 debet
885 3275 922 3336 nt
945 3273 1093 3354 lipom,
1118 3275 1209 3337 cuine
1227 3273 1304 3355 finis
1321 3275 1496 3338 arseniotis
1510 3276 1551 3338 ait
1567 3283 1650 3340 reeta

405 3380 567 3444 ordinatio
583 3386 750 3442 creaturae
765 3379 935 3442 rationalis
951 3376 997 3460 (n.
1017 3374 1106 3458 152),
1122 3377 1155 3442 id
1172 3377 1257 3459 quod
1273 3377 1415 3443 Kantius
1430 3377 1569 3462 ipsemet
1590 3401 1649 3464 pro

404 3484 471 3550 suis
495 3483 662 3568 principiis
685 3503 807 3566 negare
831 3504 895 3548 non
920 3487 977 3566 pot
1015 3487 1040 3548 t.
1072 3485 1172 3568 Atqui
1191 3487 1282 3550 recte
1298 3483 1449 3550 ordinare
1465 3489 1647 3552 creaturam

404 3588 598 3655 rationalem
621 3589 796 3656 ultimatim
821 3593 872 3655 est
891 3589 1029 3654 rationis
1045 3593 1080 3654 et
1097 3589 1277 3656 voluntatis
1291 3592 1462 3674 increatae,
1486 3591 1507 3660 i.
1523 3612 1551 3658 e.
1568 3592 1647 3668 eius,

404 3715 488 3777 quae
512 3717 576 3760 non
598 3695 740 3779 ipsamet
762 3695 888 3779 indiget
911 3695 1064 3775 ordinari,
1089 3696 1146 3761 sed
1169 3717 1263 3780 quae,
1287 3696 1374 3764 sicut
1396 3697 1534 3780 singulis
1557 3719 1647 3764 crea·

403 3800 486 3868 turis
507 3800 597 3868 dedit
612 3802 849 3880 exsistentiam,
874 3802 922 3867 ita
945 3801 1083 3884 singulis
1106 3803 1203 3866 finem
1226 3803 1390 3886 praefigat
1412 3807 1448 3868 et
1470 3803 1643 3868 secundnm

402 3907 486 3973 huno
516 3907 647 3992 singula
676 3909 828 3993 disponat
858 3913 892 3975 et
915 3908 1044 3974 ordinet
1067 3929 1202 3973 necesse
1225 3911 1286 3974 est.
1325 3909 1413 3995 Erpa
1440 3910 1644 3988 ,autonomia

401 4013 570 4093 rationie“,
595 4035 678 4097 quae
702 4035 723 4080 a
745 4015 944 4097 legislatrice
967 4015 1095 4081 ratione
1119 4035 1247 4080 omnem
1271 4021 1457 4098 respectum
1479 4015 1522 4082 ad
1540 4015 1642 4081 Deum

401 4121 555 4200 excludit,
581 4121 713 4186 moralis
737 4121 945 4203 obligationis
969 4121 1141 4205 conceptui
1164 4125 1199 4187 et
1218 4121 1386 4187 essentiali
1401 4121 1458 4186 fini
1472 4127 1641 4206 repugnat.

490 4231 518 4293 2.
537 4229 662 4294 Nititur
671 4229 756 4311 falso
768 4229 988 4311 fundamento.
1021 4227 1162 4294 Kantius
1174 4248 1255 4294 snae
1267 4228 1437 4294 doctrinae
1452 4229 1555 4294 veluti
1570 4228 1640 4294 firn-

400 4334 587 4401 damenlum
606 4335 758 4420 praefigit
769 4335 830 4400 hoo
844 4334 1054 4420 principium:
1075 4335 1174 4401 Homo
1187 4357 1250 4421 qna
1266 4357 1322 4401 ens
1338 4337 1495 4401 rationale
1510 4337 1638 4401 liberum

400 4450 443 4506 cst
466 4441 528 4506 sibi
553 4445 614 4528 ipsi
635 4444 711 4526 finis
734 4465 788 4507 cen
810 4443 885 4526 finis
904 4445 937 4507 in
955 4465 988 4508 se
1005 4439 1255 4524 (Selbstzweck)
1267 4443 1287 4508 ¹.
1305 4478 1349 4485 —
1365 4443 1464 4528 Atqui
1478 4441 1539 4507 hoc
1553 4441 1638 4525 prin·

399 4546 516 4630 cipium
540 4549 706 4614 indefinite
723 4554 898 4632 sumptum,
925 4553 1021 4631 prout
1037 4569 1058 4613 a
1073 4548 1196 4614 Kantio
1219 4547 1421 4632 proponitur,
1445 4546 1564 4618 falsum
1591 4551 1636 4612 est

399 4655 433 4718 et
455 4653 520 4718 iam
544 4655 723 4721 refutatum
747 4656 779 4720 in
804 4659 952 4721 tractatu
976 4655 1017 4720 de
1040 4655 1155 4720 ultimo
1172 4656 1236 4720 fine
1251 4653 1400 4721 hominis.
1417 4691 1461 4702 —
1477 4653 1572 4720 Dico:
1591 4657 1637 4720 in·

399 4759 524 4844 definite
553 4765 727 4846 sumptum,
760 4763 836 4844 quia
866 4783 963 4828 sensu
989 4763 1098 4844 aliquo
1122 4762 1276 4829 restricto
1299 4782 1414 4826 verum
1437 4761 1566 4842 quidem
1590 4766 1636 4826 eet

490 4955 497 4986 ¹
517 4953 663 5022 Grundleg.
684 4971 731 5008 zur
749 4955 868 5024 Metapb.
890 4955 938 5008 der
957 4954 1053 5020 Sitten,
1073 4955 1099 5009 2.
1119 4956 1239 5010 Abachn.
