<?xml version="1.0" encoding="UTF-8"?>
<!DOCTYPE html PUBLIC "-//W3C//DTD XHTML 1.0 Transitional//EN"
    "http://www.w3.org/TR/xhtml1/DTD/xhtml1-transitional.dtd">
<html xmlns="http://www.w3.org/1999/xhtml" xml:lang="en" lang="en">
 <head>
  <title>
</title>
<meta http-equiv="Content-Type" content="text/html;charset=utf-8" />
  <meta name='ocr-system' content='tesseract 3.04.00' />
  <meta name='ocr-capabilities' content='ocr_page ocr_carea ocr_par ocr_line ocrx_word'/>
</head>
<body>
  <div class='ocr_page' id='page_1' title='image "./institutionesiu00meyegoog_0244.png"; bbox 0 0 3909 5842; ppageno 0'>
   <div class='ocr_carea' id='block_1_1' title="bbox 405 637 1425 709">
    <p class='ocr_par' dir='ltr' id='par_1_1' title="bbox 405 637 1425 709">
     <span class='ocr_line' id='line_1_1' title="bbox 405 637 1425 709; baseline 0.001 -16"><span class='ocrx_word' id='word_1_1' title='bbox 405 641 467 705; x_wconf 84' lang='lat'>192</span> <span class='ocrx_word' id='word_1_2' title='bbox 628 637 716 692; x_wconf 86' lang='lat' dir='ltr'>Sectio</span> <span class='ocrx_word' id='word_1_3' title='bbox 736 638 756 692; x_wconf 94' lang='lat' dir='ltr'>l.</span> <span class='ocrx_word' id='word_1_4' title='bbox 794 637 873 692; x_wconf 87' lang='lat' dir='ltr'>Liber</span> <span class='ocrx_word' id='word_1_5' title='bbox 891 639 925 694; x_wconf 93' lang='lat' dir='ltr'>ll.</span> <span class='ocrx_word' id='word_1_6' title='bbox 963 639 1054 709; x_wconf 82' lang='lat' dir='ltr'>Caput</span> <span class='ocrx_word' id='word_1_7' title='bbox 1071 639 1105 693; x_wconf 91' lang='lat' dir='ltr'>ll.</span> <span class='ocrx_word' id='word_1_8' title='bbox 1143 639 1283 694; x_wconf 79' lang='lat' dir='ltr'>Articulue</span> <span class='ocrx_word' id='word_1_9' title='bbox 1302 639 1328 694; x_wconf 87' lang='grc'>2,</span> <span class='ocrx_word' id='word_1_10' title='bbox 1364 639 1425 707; x_wconf 61' lang='lat'>54.</span> 
     </span>
    </p>
   </div>
   <div class='ocr_carea' id='block_1_2' title="bbox 394 813 1660 5045">
    <p class='ocr_par' dir='ltr' id='par_1_2' title="bbox 399 813 1660 1644">
     <span class='ocr_line' id='line_1_2' title="bbox 491 813 1660 899; baseline 0.003 -21"><span class='ocrx_word' id='word_1_11' title='bbox 491 813 605 881; x_wconf 92' lang='lat' dir='ltr'>Prob.</span> <span class='ocrx_word' id='word_1_12' title='bbox 631 814 770 883; x_wconf 90' lang='lat' dir='ltr'>minor.</span> <span class='ocrx_word' id='word_1_13' title='bbox 809 814 994 881; x_wconf 78' lang='lat' dir='ltr'><strong>Praemium</strong></span> <span class='ocrx_word' id='word_1_14' title='bbox 1018 818 1053 881; x_wconf 91' lang='lat' dir='ltr'>et</span> <span class='ocrx_word' id='word_1_15' title='bbox 1075 835 1190 899; x_wconf 87' lang='lat' dir='ltr'>poena,</span> <span class='ocrx_word' id='word_1_16' title='bbox 1215 814 1243 890; x_wconf 78' lang='lat' dir='ltr'>si</span> <span class='ocrx_word' id='word_1_17' title='bbox 1266 837 1325 899; x_wconf 91' lang='lat' dir='ltr'>pro</span> <span class='ocrx_word' id='word_1_18' title='bbox 1349 835 1411 881; x_wconf 87' lang='lat' dir='ltr'>sua</span> <span class='ocrx_word' id='word_1_19' title='bbox 1433 815 1660 882; x_wconf 87' lang='lat' dir='ltr'>correlatione</span> 
     </span>
     <span class='ocr_line' id='line_1_3' title="bbox 401 919 1656 1005; baseline 0.001 -20"><span class='ocrx_word' id='word_1_20' title='bbox 401 919 441 985; x_wconf 91' lang='lat' dir='ltr'>ad</span> <span class='ocrx_word' id='word_1_21' title='bbox 473 919 626 985; x_wconf 89' lang='lat' dir='ltr'>meritum</span> <span class='ocrx_word' id='word_1_22' title='bbox 657 922 691 985; x_wconf 87' lang='lat' dir='ltr'>et</span> <span class='ocrx_word' id='word_1_23' title='bbox 722 919 915 987; x_wconf 86' lang='lat' dir='ltr'>demeritum</span> <span class='ocrx_word' id='word_1_24' title='bbox 938 921 1064 987; x_wconf 89' lang='lat' dir='ltr'>morale</span> <span class='ocrx_word' id='word_1_25' title='bbox 1087 919 1345 1000; x_wconf 88' lang='lat' dir='ltr'>considerantur,</span> <span class='ocrx_word' id='word_1_26' title='bbox 1376 927 1453 989; x_wconf 88' lang='lat' dir='ltr'>sunt</span> <span class='ocrx_word' id='word_1_27' title='bbox 1475 921 1509 986; x_wconf 93' lang='lat' dir='ltr'>id</span> <span class='ocrx_word' id='word_1_28' title='bbox 1531 921 1656 1005; x_wconf 84' lang='lat' dir='ltr'>ipsum,</span> 
     </span>
     <span class='ocr_line' id='line_1_4' title="bbox 400 1025 1658 1111; baseline 0.005 -21"><span class='ocrx_word' id='word_1_29' title='bbox 400 1047 460 1110; x_wconf 88' lang='lat' dir='ltr'>per</span> <span class='ocrx_word' id='word_1_30' title='bbox 490 1026 576 1108; x_wconf 92' lang='lat' dir='ltr'>quod</span> <span class='ocrx_word' id='word_1_31' title='bbox 600 1025 735 1092; x_wconf 76' lang='lat' dir='ltr'>realiter</span> <span class='ocrx_word' id='word_1_32' title='bbox 757 1027 880 1092; x_wconf 87' lang='lat' dir='ltr'>satisfit</span> <span class='ocrx_word' id='word_1_33' title='bbox 902 1026 1001 1092; x_wconf 81' lang='lat' dir='ltr'>ideali</span> <span class='ocrx_word' id='word_1_34' title='bbox 1024 1027 1221 1111; x_wconf 78' lang='lat' dir='ltr'>exigentiae,</span> <span class='ocrx_word' id='word_1_35' title='bbox 1253 1049 1351 1111; x_wconf 86' lang='lat' dir='ltr'>quam</span> <span class='ocrx_word' id='word_1_36' title='bbox 1374 1027 1460 1095; x_wconf 91' lang='lat' dir='ltr'>ratio</span> <span class='ocrx_word' id='word_1_37' title='bbox 1483 1028 1593 1096; x_wconf 87' lang='lat' dir='ltr'>meriti</span> <span class='ocrx_word' id='word_1_38' title='bbox 1617 1034 1658 1096; x_wconf 84' lang='lat' dir='ltr'>et</span> 
     </span>
     <span class='ocr_line' id='line_1_5' title="bbox 401 1132 1656 1224; baseline 0.002 -26"><span class='ocrx_word' id='word_1_39' title='bbox 401 1132 552 1198; x_wconf 88' lang='lat' dir='ltr'>demeriti</span> <span class='ocrx_word' id='word_1_40' title='bbox 576 1153 594 1198; x_wconf 93' lang='lat' dir='ltr'>e</span> <span class='ocrx_word' id='word_1_41' title='bbox 617 1153 676 1198; x_wconf 87' lang='lat' dir='ltr'>suo</span> <span class='ocrx_word' id='word_1_42' title='bbox 701 1139 860 1224; x_wconf 79' lang='lat' dir='ltr'>conceptu</span> <span class='ocrx_word' id='word_1_43' title='bbox 884 1133 1031 1200; x_wconf 86' lang='lat' dir='ltr'>denotat.</span> <span class='ocrx_word' id='word_1_44' title='bbox 1077 1137 1178 1220; x_wconf 84' lang='lat' dir='ltr'>Atqui</span> <span class='ocrx_word' id='word_1_45' title='bbox 1200 1134 1282 1200; x_wconf 85' lang='lat' dir='ltr'>haec</span> <span class='ocrx_word' id='word_1_46' title='bbox 1305 1135 1474 1217; x_wconf 78' lang='lat' dir='ltr'>exigentia</span> <span class='ocrx_word' id='word_1_47' title='bbox 1496 1157 1555 1219; x_wconf 89' lang='lat' dir='ltr'>pro</span> <span class='ocrx_word' id='word_1_48' title='bbox 1576 1136 1656 1218; x_wconf 52' lang='lat' dir='ltr'>for*</span> 
     </span>
     <span class='ocr_line' id='line_1_6' title="bbox 400 1239 1654 1326; baseline 0.002 -22"><span class='ocrx_word' id='word_1_49' title='bbox 400 1242 479 1306; x_wconf 84' lang='lat' dir='ltr'>mali</span> <span class='ocrx_word' id='word_1_50' title='bbox 509 1239 636 1306; x_wconf 89' lang='lat' dir='ltr'>obiecto</span> <span class='ocrx_word' id='word_1_51' title='bbox 667 1239 768 1306; x_wconf 89' lang='lat' dir='ltr'>babet</span> <span class='ocrx_word' id='word_1_52' title='bbox 798 1243 1009 1326; x_wconf 68' lang='lat' dir='ltr'>integritatem</span> <span class='ocrx_word' id='word_1_53' title='bbox 1033 1242 1160 1306; x_wconf 81' lang='lat' dir='ltr'>ordinis</span> <span class='ocrx_word' id='word_1_54' title='bbox 1183 1244 1325 1307; x_wconf 83' lang='lat' dir='ltr'>institiae</span> <span class='ocrx_word' id='word_1_55' title='bbox 1348 1261 1407 1306; x_wconf 89' lang='lat' dir='ltr'>seu</span> <span class='ocrx_word' id='word_1_56' title='bbox 1428 1241 1654 1326; x_wconf 84' lang='lat' dir='ltr'>proportionis</span> 
     </span>
     <span class='ocr_line' id='line_1_7' title="bbox 400 1345 1656 1432; baseline 0.003 -23"><span class='ocrx_word' id='word_1_57' title='bbox 400 1345 642 1428; x_wconf 86' lang='lat' dir='ltr'>quantitativae</span> <span class='ocrx_word' id='word_1_58' title='bbox 665 1346 698 1411; x_wconf 90' lang='lat' dir='ltr'>in</span> <span class='ocrx_word' id='word_1_59' title='bbox 721 1347 841 1412; x_wconf 90' lang='lat' dir='ltr'>mundo</span> <span class='ocrx_word' id='word_1_60' title='bbox 865 1346 993 1426; x_wconf 90' lang='lat' dir='ltr'>morali,</span> <span class='ocrx_word' id='word_1_61' title='bbox 1017 1367 1102 1429; x_wconf 87' lang='lat' dir='ltr'>quse</span> <span class='ocrx_word' id='word_1_62' title='bbox 1125 1346 1255 1430; x_wconf 90' lang='lat' dir='ltr'>quidem</span> <span class='ocrx_word' id='word_1_63' title='bbox 1277 1346 1453 1430; x_wconf 82' lang='lat' dir='ltr'>integritas</span> <span class='ocrx_word' id='word_1_64' title='bbox 1468 1348 1656 1432; x_wconf 90' lang='lat' dir='ltr'>completur</span> 
     </span>
     <span class='ocr_line' id='line_1_8' title="bbox 399 1451 1653 1537; baseline 0.002 -21"><span class='ocrx_word' id='word_1_65' title='bbox 399 1451 617 1518; x_wconf 89' lang='lat' dir='ltr'>retributione</span> <span class='ocrx_word' id='word_1_66' title='bbox 646 1453 722 1518; x_wconf 89' lang='lat' dir='ltr'>boni</span> <span class='ocrx_word' id='word_1_67' title='bbox 753 1474 812 1537; x_wconf 90' lang='lat' dir='ltr'>pro</span> <span class='ocrx_word' id='word_1_68' title='bbox 842 1453 938 1530; x_wconf 88' lang='lat' dir='ltr'>bono,</span> <span class='ocrx_word' id='word_1_69' title='bbox 969 1452 1158 1519; x_wconf 89' lang='lat' dir='ltr'>restituitur</span> <span class='ocrx_word' id='word_1_70' title='bbox 1187 1457 1299 1520; x_wconf 86' lang='lat' dir='ltr'>autem</span> <span class='ocrx_word' id='word_1_71' title='bbox 1326 1453 1541 1520; x_wconf 88' lang='lat' dir='ltr'>retributione</span> <span class='ocrx_word' id='word_1_72' title='bbox 1569 1455 1653 1520; x_wconf 88' lang='lat' dir='ltr'>mali</span> 
     </span>
     <span class='ocr_line' id='line_1_9' title="bbox 399 1557 1062 1644; baseline 0.006 -22"><span class='ocrx_word' id='word_1_73' title='bbox 399 1578 458 1641; x_wconf 91' lang='lat' dir='ltr'>pro</span> <span class='ocrx_word' id='word_1_74' title='bbox 482 1560 568 1624; x_wconf 89' lang='lat' dir='ltr'>malo</span> <span class='ocrx_word' id='word_1_75' title='bbox 592 1557 636 1640; x_wconf 86' lang='lat' dir='ltr'>(n.</span> <span class='ocrx_word' id='word_1_76' title='bbox 663 1561 727 1625; x_wconf 86' lang='lat'>203</span> <span class='ocrx_word' id='word_1_77' title='bbox 753 1559 842 1640; x_wconf 75' lang='lat'><strong>204).</strong></span> <span class='ocrx_word' id='word_1_78' title='bbox 888 1560 976 1644; x_wconf 77' lang='lat' dir='ltr'>Erpa</span> <span class='ocrx_word' id='word_1_79' title='bbox 1000 1563 1062 1626; x_wconf 90' lang='lat' dir='ltr'>etc.</span> 
     </span>
    </p>

    <p class='ocr_par' dir='ltr' id='par_1_3' title="bbox 398 1667 1652 2706">
     <span class='ocr_line' id='line_1_10' title="bbox 488 1667 1652 1752; baseline 0.001 -22"><span class='ocrx_word' id='word_1_80' title='bbox 488 1667 622 1750; x_wconf 67' lang='lat' dir='ltr'>Annam.</span> <span class='ocrx_word' id='word_1_81' title='bbox 646 1667 693 1745; x_wconf 84' lang='grc' dir='ltr'>ΙΙ,</span> <span class='ocrx_word' id='word_1_82' title='bbox 718 1689 757 1732; x_wconf 83' lang='lat' dir='ltr'>ea</span> <span class='ocrx_word' id='word_1_83' title='bbox 786 1669 945 1733; x_wconf 72' lang='lat' dir='ltr'>ommuni</span> <span class='ocrx_word' id='word_1_84' title='bbox 975 1675 1004 1733; x_wconf 87' lang='lat' dir='ltr'>et</span> <span class='ocrx_word' id='word_1_85' title='bbox 1026 1669 1145 1732; x_wconf 82' lang='lat' dir='ltr'>invicta</span> <span class='ocrx_word' id='word_1_86' title='bbox 1166 1668 1330 1733; x_wconf 76' lang='lat' dir='ltr'>booninnm</span> <span class='ocrx_word' id='word_1_87' title='bbox 1348 1670 1567 1752; x_wconf 75' lang='lat' dir='ltr'>pnenaaione.</span> <span class='ocrx_word' id='word_1_88' title='bbox 1614 1667 1652 1732; x_wconf 89' lang='lat' dir='ltr'>Is</span> 
     </span>
     <span class='ocr_line' id='line_1_11' title="bbox 399 1771 1651 1853; baseline 0.002 -18"><span class='ocrx_word' id='word_1_89' title='bbox 399 1773 451 1836; x_wconf 86' lang='lat' dir='ltr'>est</span> <span class='ocrx_word' id='word_1_90' title='bbox 474 1771 616 1838; x_wconf 89' lang='lat' dir='ltr'>omnium</span> <span class='ocrx_word' id='word_1_91' title='bbox 640 1771 806 1838; x_wconf 92' lang='lat' dir='ltr'>hominum</span> <span class='ocrx_word' id='word_1_92' title='bbox 829 1774 958 1839; x_wconf 89' lang='lat' dir='ltr'>ratione</span> <span class='ocrx_word' id='word_1_93' title='bbox 982 1774 1144 1840; x_wconf 88' lang='lat' dir='ltr'>utentium</span> <span class='ocrx_word' id='word_1_94' title='bbox 1171 1795 1305 1853; x_wconf 84' lang='lat' dir='ltr'>„sensus</span> <span class='ocrx_word' id='word_1_95' title='bbox 1319 1773 1498 1851; x_wconf 83' lang='lat' dir='ltr'>iustitiae‘‚</span> <span class='ocrx_word' id='word_1_96' title='bbox 1522 1778 1559 1840; x_wconf 89' lang='lat' dir='ltr'>ut</span> <span class='ocrx_word' id='word_1_97' title='bbox 1574 1795 1651 1838; x_wconf 91' lang='lat' dir='ltr'>cnm</span> 
     </span>
     <span class='ocr_line' id='line_1_12' title="bbox 400 1876 1651 1962; baseline 0.002 -21"><span class='ocrx_word' id='word_1_98' title='bbox 400 1876 515 1942; x_wconf 86' lang='lat' dir='ltr'>eadem</span> <span class='ocrx_word' id='word_1_99' title='bbox 538 1877 664 1945; x_wconf 86' lang='lat' dir='ltr'>directa</span> <span class='ocrx_word' id='word_1_100' title='bbox 687 1879 863 1959; x_wconf 86' lang='lat' dir='ltr'>evidentia,</span> <span class='ocrx_word' id='word_1_101' title='bbox 888 1900 953 1962; x_wconf 91' lang='lat' dir='ltr'>qua</span> <span class='ocrx_word' id='word_1_102' title='bbox 977 1880 1087 1945; x_wconf 91' lang='lat' dir='ltr'>cuncti</span> <span class='ocrx_word' id='word_1_103' title='bbox 1109 1880 1217 1946; x_wconf 89' lang='lat' dir='ltr'>ideam</span> <span class='ocrx_word' id='word_1_104' title='bbox 1233 1879 1342 1946; x_wconf 89' lang='lat' dir='ltr'>meriti</span> <span class='ocrx_word' id='word_1_105' title='bbox 1357 1883 1393 1946; x_wconf 89' lang='lat' dir='ltr'>et</span> <span class='ocrx_word' id='word_1_106' title='bbox 1408 1879 1557 1945; x_wconf 88' lang='lat' dir='ltr'>demeriti</span> <span class='ocrx_word' id='word_1_107' title='bbox 1572 1900 1651 1962; x_wconf 90' lang='lat' dir='ltr'>per-</span> 
     </span>
     <span class='ocr_line' id='line_1_13' title="bbox 399 1984 1651 2069; baseline 0.002 -22"><span class='ocrx_word' id='word_1_108' title='bbox 399 1987 547 2066; x_wconf 84' lang='lat' dir='ltr'>spectam</span> <span class='ocrx_word' id='word_1_109' title='bbox 570 1984 703 2061; x_wconf 87' lang='lat' dir='ltr'>habent,</span> <span class='ocrx_word' id='word_1_110' title='bbox 728 1985 879 2052; x_wconf 86' lang='lat' dir='ltr'>similiter</span> <span class='ocrx_word' id='word_1_111' title='bbox 901 1987 1100 2053; x_wconf 90' lang='lat' dir='ltr'>correlatum</span> <span class='ocrx_word' id='word_1_112' title='bbox 1123 1987 1253 2069; x_wconf 85' lang='lat' dir='ltr'>utrique</span> <span class='ocrx_word' id='word_1_113' title='bbox 1275 1986 1350 2051; x_wconf 87' lang='lat' dir='ltr'>huic</span> <span class='ocrx_word' id='word_1_114' title='bbox 1364 1985 1481 2052; x_wconf 89' lang='lat' dir='ltr'>morali</span> <span class='ocrx_word' id='word_1_115' title='bbox 1495 1985 1651 2055; x_wconf 83' lang='lat' dir='ltr'>relationi</span> 
     </span>
     <span class='ocr_line' id='line_1_14' title="bbox 398 2090 1649 2177; baseline 0.002 -23"><span class='ocrx_word' id='word_1_116' title='bbox 398 2090 584 2169; x_wconf 88' lang='lat' dir='ltr'>terminum,</span> <span class='ocrx_word' id='word_1_117' title='bbox 608 2092 858 2158; x_wconf 84' lang='lat' dir='ltr'>retributionem</span> <span class='ocrx_word' id='word_1_118' title='bbox 881 2093 1008 2160; x_wconf 89' lang='lat' dir='ltr'>scilicet</span> <span class='ocrx_word' id='word_1_119' title='bbox 1031 2093 1105 2158; x_wconf 90' lang='lat' dir='ltr'>boni</span> <span class='ocrx_word' id='word_1_120' title='bbox 1129 2114 1189 2177; x_wconf 90' lang='lat' dir='ltr'>pro</span> <span class='ocrx_word' id='word_1_121' title='bbox 1212 2093 1329 2158; x_wconf 87' lang='lat' dir='ltr'>merito</span> <span class='ocrx_word' id='word_1_122' title='bbox 1348 2095 1384 2157; x_wconf 87' lang='lat' dir='ltr'>et</span> <span class='ocrx_word' id='word_1_123' title='bbox 1398 2091 1649 2158; x_wconf 88' lang='lat' dir='ltr'>retributionem</span> 
     </span>
     <span class='ocr_line' id='line_1_15' title="bbox 400 2193 1649 2283; baseline 0.002 -24"><span class='ocrx_word' id='word_1_124' title='bbox 400 2193 634 2264; x_wconf 89' lang='lat' dir='ltr'>vindicativam</span> <span class='ocrx_word' id='word_1_125' title='bbox 664 2199 743 2264; x_wconf 89' lang='lat' dir='ltr'>mali</span> <span class='ocrx_word' id='word_1_126' title='bbox 765 2219 825 2282; x_wconf 93' lang='lat' dir='ltr'>pro</span> <span class='ocrx_word' id='word_1_127' title='bbox 849 2199 1018 2277; x_wconf 86' lang='lat' dir='ltr'>demerito,</span> <span class='ocrx_word' id='word_1_128' title='bbox 1050 2202 1219 2282; x_wconf 86' lang='lat' dir='ltr'>tamquam</span> <span class='ocrx_word' id='word_1_129' title='bbox 1243 2200 1433 2264; x_wconf 78' lang='lat' dir='ltr'>rationalem</span> <span class='ocrx_word' id='word_1_130' title='bbox 1455 2201 1649 2283; x_wconf 74' lang='lat' dir='ltr'>exigentiam</span> 
     </span>
     <span class='ocr_line' id='line_1_16' title="bbox 400 2304 1649 2388; baseline 0 -20"><span class='ocrx_word' id='word_1_131' title='bbox 400 2308 591 2384; x_wconf 84' lang='lat' dir='ltr'>agnoscant,</span> <span class='ocrx_word' id='word_1_132' title='bbox 623 2304 720 2387; x_wconf 89' lang='lat' dir='ltr'>idque</span> <span class='ocrx_word' id='word_1_133' title='bbox 750 2308 875 2372; x_wconf 88' lang='lat' dir='ltr'>ratione</span> <span class='ocrx_word' id='word_1_134' title='bbox 904 2309 956 2372; x_wconf 84' lang='lat' dir='ltr'>eui</span> <span class='ocrx_word' id='word_1_135' title='bbox 985 2305 1055 2371; x_wconf 85' lang='lat' dir='ltr'>eine</span> <span class='ocrx_word' id='word_1_136' title='bbox 1084 2306 1171 2371; x_wconf 92' lang='lat' dir='ltr'>omni</span> <span class='ocrx_word' id='word_1_137' title='bbox 1194 2304 1470 2372; x_wconf 86' lang='lat' dir='ltr'>eudaemonistico</span> <span class='ocrx_word' id='word_1_138' title='bbox 1493 2307 1649 2388; x_wconf 88' lang='lat' dir='ltr'>respectu</span> 
     </span>
     <span class='ocr_line' id='line_1_17' title="bbox 401 2409 1647 2496; baseline 0.001 -21"><span class='ocrx_word' id='word_1_139' title='bbox 401 2409 442 2474; x_wconf 88' lang='lat' dir='ltr'>ad</span> <span class='ocrx_word' id='word_1_140' title='bbox 475 2411 563 2476; x_wconf 90' lang='lat' dir='ltr'>aliud</span> <span class='ocrx_word' id='word_1_141' title='bbox 596 2411 715 2477; x_wconf 90' lang='lat' dir='ltr'>bonum</span> <span class='ocrx_word' id='word_1_142' title='bbox 746 2413 800 2478; x_wconf 87' lang='lat' dir='ltr'>vel</span> <span class='ocrx_word' id='word_1_143' title='bbox 830 2413 1085 2478; x_wconf 88' lang='lat' dir='ltr'>emolumentum</span> <span class='ocrx_word' id='word_1_144' title='bbox 1113 2413 1184 2478; x_wconf 86' lang='lat' dir='ltr'>sive</span> <span class='ocrx_word' id='word_1_145' title='bbox 1215 2413 1381 2496; x_wconf 85' lang='lat' dir='ltr'>privatum</span> <span class='ocrx_word' id='word_1_146' title='bbox 1411 2412 1481 2478; x_wconf 90' lang='lat' dir='ltr'>sive</span> <span class='ocrx_word' id='word_1_147' title='bbox 1513 2411 1647 2477; x_wconf 86' lang='lat' dir='ltr'>sociale.</span> 
     </span>
     <span class='ocr_line' id='line_1_18' title="bbox 401 2515 1649 2602; baseline 0.002 -22"><span class='ocrx_word' id='word_1_148' title='bbox 401 2515 487 2601; x_wconf 75' lang='lat' dir='ltr'>Erpa</span> <span class='ocrx_word' id='word_1_149' title='bbox 510 2537 644 2583; x_wconf 85' lang='lat' dir='ltr'>necesse</span> <span class='ocrx_word' id='word_1_150' title='bbox 668 2521 729 2596; x_wconf 90' lang='lat' dir='ltr'>est,</span> <span class='ocrx_word' id='word_1_151' title='bbox 756 2522 791 2584; x_wconf 89' lang='lat' dir='ltr'>ut</span> <span class='ocrx_word' id='word_1_152' title='bbox 815 2518 889 2584; x_wconf 91' lang='lat' dir='ltr'>huic</span> <span class='ocrx_word' id='word_1_153' title='bbox 905 2518 1060 2585; x_wconf 89' lang='lat' dir='ltr'>rationali</span> <span class='ocrx_word' id='word_1_154' title='bbox 1075 2517 1279 2602; x_wconf 78' lang='lat' dir='ltr'>persuasioni</span> <span class='ocrx_word' id='word_1_155' title='bbox 1295 2517 1458 2583; x_wconf 91' lang='lat' dir='ltr'>obiectiva</span> <span class='ocrx_word' id='word_1_156' title='bbox 1473 2516 1649 2584; x_wconf 88' lang='lat' dir='ltr'>rationalis</span> 
     </span>
     <span class='ocr_line' id='line_1_19' title="bbox 400 2621 754 2706; baseline 0.017 -23"><span class='ocrx_word' id='word_1_157' title='bbox 400 2621 523 2688; x_wconf 88' lang='lat' dir='ltr'>veritas</span> <span class='ocrx_word' id='word_1_158' title='bbox 545 2622 754 2706; x_wconf 89' lang='lat' dir='ltr'>respondeat.</span> 
     </span>
    </p>

    <p class='ocr_par' dir='ltr' id='par_1_4' title="bbox 394 2727 1648 5045">
     <span class='ocr_line' id='line_1_20' title="bbox 489 2727 1648 2816; baseline 0.003 -24"><span class='ocrx_word' id='word_1_159' title='bbox 489 2727 612 2796; x_wconf 89' lang='lat' dir='ltr'>Prob.</span> <span class='ocrx_word' id='word_1_160' title='bbox 656 2732 799 2795; x_wconf 85' lang='lat' dir='ltr'>antec.</span> <span class='ocrx_word' id='word_1_161' title='bbox 853 2731 908 2795; x_wconf 83' lang='lat' dir='ltr'>Ad</span> <span class='ocrx_word' id='word_1_162' title='bbox 946 2735 965 2798; x_wconf 89' lang='lat'><strong><em>1</em></strong></span> <span class='ocrx_word' id='word_1_163' title='bbox 1005 2730 1141 2810; x_wconf 76' lang='lat' dir='ltr'>(irztaita</span> <span class='ocrx_word' id='word_1_164' title='bbox 1175 2730 1341 2816; x_wconf 82' lang='lat' dir='ltr'>proemii).</span> <span class='ocrx_word' id='word_1_165' title='bbox 1393 2729 1432 2794; x_wconf 95' lang='lat' dir='ltr'>Id</span> <span class='ocrx_word' id='word_1_166' title='bbox 1469 2729 1648 2796; x_wconf 85' lang='lat' dir='ltr'>manifeste</span> 
     </span>
     <span class='ocr_line' id='line_1_21' title="bbox 400 2833 1647 2921; baseline 0.003 -24"><span class='ocrx_word' id='word_1_167' title='bbox 400 2833 558 2900; x_wconf 80' lang='lat' dir='ltr'>ostendit:</span> <span class='ocrx_word' id='word_1_168' title='bbox 596 2835 629 2914; x_wconf 90' lang='lat' dir='ltr'>a)</span> <span class='ocrx_word' id='word_1_169' title='bbox 660 2835 802 2900; x_wconf 82' lang='lat' dir='ltr'>officium</span> <span class='ocrx_word' id='word_1_170' title='bbox 835 2836 986 2902; x_wconf 86' lang='lat' dir='ltr'>naturale</span> <span class='ocrx_word' id='word_1_171' title='bbox 1019 2840 1225 2901; x_wconf 80' lang='lat' dir='ltr'>communiter</span> <span class='ocrx_word' id='word_1_172' title='bbox 1256 2838 1414 2921; x_wconf 68' lang='lat' dir='ltr'>agnitam,</span> <span class='ocrx_word' id='word_1_173' title='bbox 1448 2856 1512 2918; x_wconf 93' lang='lat' dir='ltr'>quo</span> <span class='ocrx_word' id='word_1_174' title='bbox 1544 2856 1647 2902; x_wconf 89' lang='lat' dir='ltr'>unus·</span> 
     </span>
     <span class='ocr_line' id='line_1_22' title="bbox 400 2939 1647 3026; baseline 0.004 -23"><span class='ocrx_word' id='word_1_175' title='bbox 400 2939 536 3022; x_wconf 88' lang='lat' dir='ltr'>quisque</span> <span class='ocrx_word' id='word_1_176' title='bbox 570 2963 630 3025; x_wconf 90' lang='lat' dir='ltr'>pra</span> <span class='ocrx_word' id='word_1_177' title='bbox 669 2962 768 3025; x_wconf 89' lang='lat' dir='ltr'>opere</span> <span class='ocrx_word' id='word_1_178' title='bbox 806 2941 978 3008; x_wconf 84' lang='lat' dir='ltr'>charitatis</span> <span class='ocrx_word' id='word_1_179' title='bbox 1013 2943 1075 3007; x_wconf 91' lang='lat' dir='ltr'>sibi</span> <span class='ocrx_word' id='word_1_180' title='bbox 1109 2941 1290 3009; x_wconf 83' lang='lat' dir='ltr'>liberaliter</span> <span class='ocrx_word' id='word_1_181' title='bbox 1326 2941 1487 3026; x_wconf 87' lang='lat' dir='ltr'>praestito</span> <span class='ocrx_word' id='word_1_182' title='bbox 1525 2943 1647 3009; x_wconf 87' lang='lat' dir='ltr'>saltem</span> 
     </span>
     <span class='ocr_line' id='line_1_23' title="bbox 397 3049 1647 3134; baseline 0.002 -22"><span class='ocrx_word' id='word_1_183' title='bbox 397 3050 485 3132; x_wconf 70' lang='lat' dir='ltr'>prati</span> <span class='ocrx_word' id='word_1_184' title='bbox 515 3051 618 3113; x_wconf 85' lang='lat' dir='ltr'>animi</span> <span class='ocrx_word' id='word_1_185' title='bbox 647 3051 893 3132; x_wconf 79' lang='lat' dir='ltr'>testificationem</span> <span class='ocrx_word' id='word_1_186' title='bbox 928 3069 987 3114; x_wconf 90' lang='lat' dir='ltr'>suo</span> <span class='ocrx_word' id='word_1_187' title='bbox 1023 3049 1227 3116; x_wconf 84' lang='lat' dir='ltr'>benefactori</span> <span class='ocrx_word' id='word_1_188' title='bbox 1267 3050 1394 3134; x_wconf 81' lang='lat' dir='ltr'>debere,</span> <span class='ocrx_word' id='word_1_189' title='bbox 1431 3053 1465 3116; x_wconf 88' lang='lat' dir='ltr'>et</span> <span class='ocrx_word' id='word_1_190' title='bbox 1495 3069 1559 3131; x_wconf 89' lang='lat' dir='ltr'>quo</span> <span class='ocrx_word' id='word_1_191' title='bbox 1589 3070 1647 3114; x_wconf 87' lang='lat' dir='ltr'>ne·</span> 
     </span>
     <span class='ocr_line' id='line_1_24' title="bbox 398 3153 1645 3241; baseline 0.003 -23"><span class='ocrx_word' id='word_1_192' title='bbox 398 3153 507 3236; x_wconf 89' lang='lat' dir='ltr'>glecto</span> <span class='ocrx_word' id='word_1_193' title='bbox 539 3155 699 3220; x_wconf 90' lang='lat' dir='ltr'>communi</span> <span class='ocrx_word' id='word_1_194' title='bbox 736 3156 879 3222; x_wconf 89' lang='lat' dir='ltr'>omnium</span> <span class='ocrx_word' id='word_1_195' title='bbox 914 3177 1075 3222; x_wconf 87' lang='lat' dir='ltr'>consensu</span> <span class='ocrx_word' id='word_1_196' title='bbox 1104 3155 1269 3241; x_wconf 85' lang='lat' dir='ltr'>vituperio</span> <span class='ocrx_word' id='word_1_197' title='bbox 1309 3156 1427 3238; x_wconf 85' lang='lat' dir='ltr'>dignus</span> <span class='ocrx_word' id='word_1_198' title='bbox 1462 3155 1645 3232; x_wconf 64' lang='lat' dir='ltr'>iudicatum</span> 
     </span>
     <span class='ocr_line' id='line_1_25' title="bbox 397 3259 1647 3345; baseline 0.002 -20"><span class='ocrx_word' id='word_1_199' title='bbox 397 3259 431 3342; x_wconf 87' lang='lat' dir='ltr'>b)</span> <span class='ocrx_word' id='word_1_200' title='bbox 470 3263 599 3327; x_wconf 73' lang='lat' dir='ltr'>bononis</span> <span class='ocrx_word' id='word_1_201' title='bbox 639 3270 666 3328; x_wconf 88' lang='lat' dir='ltr'>et</span> <span class='ocrx_word' id='word_1_202' title='bbox 704 3264 811 3329; x_wconf 79' lang='lat' dir='ltr'>tondis</span> <span class='ocrx_word' id='word_1_203' title='bbox 854 3264 1026 3345; x_wconf 81' lang='lat' dir='ltr'>tributam,</span> <span class='ocrx_word' id='word_1_204' title='bbox 1072 3263 1158 3345; x_wconf 87' lang='lat' dir='ltr'>quod</span> <span class='ocrx_word' id='word_1_205' title='bbox 1198 3262 1318 3329; x_wconf 82' lang='lat' dir='ltr'>eximio</span> <span class='ocrx_word' id='word_1_206' title='bbox 1356 3262 1474 3330; x_wconf 87' lang='lat' dir='ltr'>merito</span> <span class='ocrx_word' id='word_1_207' title='bbox 1509 3263 1647 3329; x_wconf 85' lang='lat' dir='ltr'>virtutis</span> 
     </span>
     <span class='ocr_line' id='line_1_26' title="bbox 397 3365 1646 3454; baseline 0.002 -22"><span class='ocrx_word' id='word_1_208' title='bbox 397 3365 604 3450; x_wconf 86' lang='lat' dir='ltr'>(praesertim</span> <span class='ocrx_word' id='word_1_209' title='bbox 630 3369 773 3452; x_wconf 88' lang='lat' dir='ltr'>socialis)</span> <span class='ocrx_word' id='word_1_210' title='bbox 804 3374 922 3454; x_wconf 83' lang='lat' dir='ltr'>sponte</span> <span class='ocrx_word' id='word_1_211' title='bbox 950 3369 1059 3435; x_wconf 88' lang='lat' dir='ltr'>offerri</span> <span class='ocrx_word' id='word_1_212' title='bbox 1082 3370 1124 3436; x_wconf 92' lang='lat' dir='ltr'>ab</span> <span class='ocrx_word' id='word_1_213' title='bbox 1147 3369 1297 3435; x_wconf 89' lang='lat' dir='ltr'>omuibus</span> <span class='ocrx_word' id='word_1_214' title='bbox 1323 3369 1418 3447; x_wconf 81' lang='lat' dir='ltr'>salet,</span> <span class='ocrx_word' id='word_1_215' title='bbox 1449 3368 1646 3452; x_wconf 87' lang='lat' dir='ltr'>quicumque</span> 
     </span>
     <span class='ocr_line' id='line_1_27' title="bbox 397 3475 1646 3558; baseline 0.001 -20"><span class='ocrx_word' id='word_1_216' title='bbox 397 3494 462 3538; x_wconf 92' lang='lat' dir='ltr'>non</span> <span class='ocrx_word' id='word_1_217' title='bbox 488 3475 631 3540; x_wconf 89' lang='lat' dir='ltr'>invidiae</span> <span class='ocrx_word' id='word_1_218' title='bbox 654 3477 708 3542; x_wconf 89' lang='lat' dir='ltr'>vel</span> <span class='ocrx_word' id='word_1_219' title='bbox 738 3477 802 3541; x_wconf 92' lang='lat' dir='ltr'>alio</span> <span class='ocrx_word' id='word_1_220' title='bbox 828 3476 961 3543; x_wconf 89' lang='lat' dir='ltr'>sinistro</span> <span class='ocrx_word' id='word_1_221' title='bbox 992 3477 1093 3542; x_wconf 90' lang='lat' dir='ltr'>animi</span> <span class='ocrx_word' id='word_1_222' title='bbox 1116 3477 1236 3542; x_wconf 86' lang='lat' dir='ltr'>affectu</span> <span class='ocrx_word' id='word_1_223' title='bbox 1266 3476 1371 3558; x_wconf 85' lang='lat' dir='ltr'>magis</span> <span class='ocrx_word' id='word_1_224' title='bbox 1394 3495 1491 3558; x_wconf 88' lang='lat' dir='ltr'>quam</span> <span class='ocrx_word' id='word_1_225' title='bbox 1514 3475 1646 3542; x_wconf 85' lang='lat' dir='ltr'>ratione</span> 
     </span>
     <span class='ocr_line' id='line_1_28' title="bbox 397 3579 1567 3647; baseline 0.014 -3"><span class='ocrx_word' id='word_1_226' title='bbox 397 3579 569 3647; x_wconf 80' lang='lat' dir='ltr'>ducuntur,</span> <span class='ocrx_word' id='word_1_227' title='bbox 1564 3623 1567 3638; x_wconf 90' lang='grc'><strong><em>·</em></strong></span> 
     </span>
     <span class='ocr_line' id='line_1_29' title="bbox 484 3686 1644 3776; baseline 0 -24"><span class='ocrx_word' id='word_1_228' title='bbox 484 3688 539 3752; x_wconf 85' lang='lat' dir='ltr'>Ad</span> <span class='ocrx_word' id='word_1_229' title='bbox 561 3691 583 3753; x_wconf 87' lang='lat'><em>2</em></span> <span class='ocrx_word' id='word_1_230' title='bbox 606 3689 741 3768; x_wconf 83' lang='lat' dir='ltr'>(intuita</span> <span class='ocrx_word' id='word_1_231' title='bbox 762 3690 909 3776; x_wconf 81' lang='lat' dir='ltr'>poenae).</span> <span class='ocrx_word' id='word_1_232' title='bbox 956 3688 1009 3755; x_wconf 82' lang='lat' dir='ltr'>Ad</span> <span class='ocrx_word' id='word_1_233' title='bbox 1039 3689 1101 3756; x_wconf 95' lang='lat' dir='ltr'>hoc</span> <span class='ocrx_word' id='word_1_234' title='bbox 1130 3688 1360 3754; x_wconf 86' lang='lat' dir='ltr'>illustrandum</span> <span class='ocrx_word' id='word_1_235' title='bbox 1390 3686 1485 3752; x_wconf 90' lang='lat' dir='ltr'>simul</span> <span class='ocrx_word' id='word_1_236' title='bbox 1509 3689 1544 3751; x_wconf 86' lang='lat' dir='ltr'>et</span> <span class='ocrx_word' id='word_1_237' title='bbox 1566 3708 1644 3770; x_wconf 90' lang='lat' dir='ltr'>pro-</span> 
     </span>
     <span class='ocr_line' id='line_1_30' title="bbox 395 3791 1644 3879; baseline 0.002 -24"><span class='ocrx_word' id='word_1_238' title='bbox 395 3791 536 3858; x_wconf 91' lang='lat' dir='ltr'>bandum</span> <span class='ocrx_word' id='word_1_239' title='bbox 567 3793 711 3876; x_wconf 88' lang='lat' dir='ltr'>pertinet</span> <span class='ocrx_word' id='word_1_240' title='bbox 735 3795 768 3877; x_wconf 84' lang='lat' dir='ltr'>a)</span> <span class='ocrx_word' id='word_1_241' title='bbox 791 3795 861 3879; x_wconf 87' lang='lat' dir='ltr'>ipse</span> <span class='ocrx_word' id='word_1_242' title='bbox 885 3797 1033 3861; x_wconf 79' lang='lat' dir='ltr'>stimulas</span> <span class='ocrx_word' id='word_1_243' title='bbox 1055 3795 1273 3861; x_wconf 81' lang='lat' dir='ltr'>vindicandae</span> <span class='ocrx_word' id='word_1_244' title='bbox 1296 3796 1438 3859; x_wconf 82' lang='lat' dir='ltr'>iniuriae</span> <span class='ocrx_word' id='word_1_245' title='bbox 1460 3792 1644 3858; x_wconf 90' lang='lat' dir='ltr'>hominibus</span> 
     </span>
     <span class='ocr_line' id='line_1_31' title="bbox 395 3897 1644 3976; baseline 0.002 -14"><span class='ocrx_word' id='word_1_246' title='bbox 395 3897 529 3976; x_wconf 78' lang='lat' dir='ltr'>insitus3</span> <span class='ocrx_word' id='word_1_247' title='bbox 561 3921 637 3964; x_wconf 92' lang='lat' dir='ltr'>nam</span> <span class='ocrx_word' id='word_1_248' title='bbox 661 3900 724 3966; x_wconf 85' lang='lat' dir='ltr'>etsi</span> <span class='ocrx_word' id='word_1_249' title='bbox 747 3900 775 3966; x_wconf 90' lang='lat' dir='ltr'>is</span> <span class='ocrx_word' id='word_1_250' title='bbox 798 3905 910 3967; x_wconf 89' lang='lat' dir='ltr'>rectae</span> <span class='ocrx_word' id='word_1_251' title='bbox 933 3900 1055 3966; x_wconf 89' lang='lat' dir='ltr'>rationi</span> <span class='ocrx_word' id='word_1_252' title='bbox 1078 3904 1216 3967; x_wconf 87' lang='lat' dir='ltr'>eatenus</span> <span class='ocrx_word' id='word_1_253' title='bbox 1239 3898 1464 3965; x_wconf 85' lang='lat' dir='ltr'>contradicere</span> <span class='ocrx_word' id='word_1_254' title='bbox 1487 3898 1644 3964; x_wconf 89' lang='lat' dir='ltr'>dicendus</span> 
     </span>
     <span class='ocr_line' id='line_1_32' title="bbox 395 4005 1641 4093; baseline 0 -23"><span class='ocrx_word' id='word_1_255' title='bbox 395 4008 456 4082; x_wconf 89' lang='lat' dir='ltr'>est,</span> <span class='ocrx_word' id='word_1_256' title='bbox 470 4009 631 4088; x_wconf 85' lang='lat' dir='ltr'>quatenus</span> <span class='ocrx_word' id='word_1_257' title='bbox 643 4007 685 4072; x_wconf 89' lang='lat' dir='ltr'>ad</span> <span class='ocrx_word' id='word_1_258' title='bbox 694 4010 857 4093; x_wconf 83' lang='lat' dir='ltr'>privatam</span> <span class='ocrx_word' id='word_1_259' title='bbox 874 4007 1054 4073; x_wconf 88' lang='lat' dir='ltr'>vindictam</span> <span class='ocrx_word' id='word_1_260' title='bbox 1066 4007 1248 4073; x_wconf 90' lang='lat' dir='ltr'>subiectiva</span> <span class='ocrx_word' id='word_1_261' title='bbox 1260 4005 1440 4089; x_wconf 86' lang='lat' dir='ltr'>cupiditate</span> <span class='ocrx_word' id='word_1_262' title='bbox 1451 4005 1641 4072; x_wconf 83' lang='lat' dir='ltr'>sumendam</span> 
     </span>
     <span class='ocr_line' id='line_1_33' title="bbox 394 4109 1642 4194; baseline 0.001 -19"><span class='ocrx_word' id='word_1_263' title='bbox 394 4109 543 4194; x_wconf 86' lang='lat' dir='ltr'>impellit,</span> <span class='ocrx_word' id='word_1_264' title='bbox 577 4133 648 4178; x_wconf 92' lang='lat' dir='ltr'>cum</span> <span class='ocrx_word' id='word_1_265' title='bbox 682 4113 778 4178; x_wconf 91' lang='lat' dir='ltr'>huius</span> <span class='ocrx_word' id='word_1_266' title='bbox 810 4113 956 4178; x_wconf 84' lang='lat' dir='ltr'>iustitiae</span> <span class='ocrx_word' id='word_1_267' title='bbox 988 4134 1105 4177; x_wconf 88' lang='lat' dir='ltr'>munus</span> <span class='ocrx_word' id='word_1_268' title='bbox 1135 4112 1312 4177; x_wconf 88' lang='lat' dir='ltr'>secundum</span> <span class='ocrx_word' id='word_1_269' title='bbox 1343 4115 1482 4178; x_wconf 88' lang='lat' dir='ltr'>naturae</span> <span class='ocrx_word' id='word_1_270' title='bbox 1510 4111 1642 4177; x_wconf 87' lang='lat' dir='ltr'>socialis</span> 
     </span>
     <span class='ocr_line' id='line_1_34' title="bbox 395 4217 1641 4296; baseline 0 -14"><span class='ocrx_word' id='word_1_271' title='bbox 395 4217 541 4284; x_wconf 89' lang='lat' dir='ltr'>ordinem</span> <span class='ocrx_word' id='word_1_272' title='bbox 566 4222 750 4286; x_wconf 74' lang='lat' dir='ltr'>auctoritati</span> <span class='ocrx_word' id='word_1_273' title='bbox 773 4222 885 4285; x_wconf 80' lang='lat' dir='ltr'>sociali</span> <span class='ocrx_word' id='word_1_274' title='bbox 907 4222 1115 4296; x_wconf 89' lang='lat' dir='ltr'>reservatur,</span> <span class='ocrx_word' id='word_1_275' title='bbox 1147 4223 1200 4285; x_wconf 89' lang='lat' dir='ltr'>est</span> <span class='ocrx_word' id='word_1_276' title='bbox 1222 4223 1334 4285; x_wconf 89' lang='lat' dir='ltr'>tamen</span> <span class='ocrx_word' id='word_1_277' title='bbox 1356 4217 1443 4284; x_wconf 91' lang='lat' dir='ltr'>idem</span> <span class='ocrx_word' id='word_1_278' title='bbox 1466 4218 1499 4284; x_wconf 90' lang='lat' dir='ltr'>in</span> <span class='ocrx_word' id='word_1_279' title='bbox 1522 4221 1641 4284; x_wconf 83' lang='lat' dir='ltr'>natura</span> 
     </span>
     <span class='ocr_line' id='line_1_35' title="bbox 394 4323 1641 4408; baseline 0.001 -20"><span class='ocrx_word' id='word_1_280' title='bbox 394 4323 548 4392; x_wconf 88' lang='lat' dir='ltr'>rationali</span> <span class='ocrx_word' id='word_1_281' title='bbox 564 4325 732 4404; x_wconf 82' lang='lat' dir='ltr'>fundatus,</span> <span class='ocrx_word' id='word_1_282' title='bbox 749 4329 911 4408; x_wconf 87' lang='lat' dir='ltr'>quatenus</span> <span class='ocrx_word' id='word_1_283' title='bbox 927 4327 1109 4391; x_wconf 73' lang='lat' dir='ltr'>abiectiorem</span> <span class='ocrx_word' id='word_1_284' title='bbox 1125 4324 1363 4392; x_wconf 79' lang='lat' dir='ltr'>satisfactionis</span> <span class='ocrx_word' id='word_1_285' title='bbox 1379 4325 1523 4392; x_wconf 84' lang='lat' dir='ltr'>debitum</span> <span class='ocrx_word' id='word_1_286' title='bbox 1539 4345 1641 4390; x_wconf 92' lang='lat' dir='ltr'>enun-</span> 
     </span>
     <span class='ocr_line' id='line_1_36' title="bbox 394 4429 1640 4517; baseline 0 -23"><span class='ocrx_word' id='word_1_287' title='bbox 394 4429 467 4506; x_wconf 88' lang='lat' dir='ltr'>tiat,</span> <span class='ocrx_word' id='word_1_288' title='bbox 493 4451 557 4513; x_wconf 87' lang='lat' dir='ltr'>qua</span> <span class='ocrx_word' id='word_1_289' title='bbox 580 4432 698 4498; x_wconf 91' lang='lat' dir='ltr'>iniuria</span> <span class='ocrx_word' id='word_1_290' title='bbox 721 4432 907 4516; x_wconf 89' lang='lat' dir='ltr'>reparanda</span> <span class='ocrx_word' id='word_1_291' title='bbox 930 4432 974 4498; x_wconf 88' lang='lat' dir='ltr'>sit</span> <span class='ocrx_word' id='word_1_292' title='bbox 998 4432 1069 4498; x_wconf 88' lang='lat' dir='ltr'>sive</span> <span class='ocrx_word' id='word_1_293' title='bbox 1092 4435 1209 4517; x_wconf 83' lang='lat' dir='ltr'>sponte</span> <span class='ocrx_word' id='word_1_294' title='bbox 1222 4431 1296 4512; x_wconf 81' lang='lat' dir='ltr'>sive</span> <span class='ocrx_word' id='word_1_295' title='bbox 1311 4453 1371 4516; x_wconf 90' lang='lat' dir='ltr'>per</span> <span class='ocrx_word' id='word_1_296' title='bbox 1384 4430 1640 4514; x_wconf 70' lang='lat' dir='ltr'>impositionem</span> 
     </span>
     <span class='ocr_line' id='line_1_37' title="bbox 395 4536 1639 4626; baseline 0.002 -26"><span class='ocrx_word' id='word_1_297' title='bbox 395 4536 428 4618; x_wconf 83' lang='lat' dir='ltr'>b)</span> <span class='ocrx_word' id='word_1_298' title='bbox 453 4539 631 4604; x_wconf 88' lang='lat' dir='ltr'>communis</span> <span class='ocrx_word' id='word_1_299' title='bbox 659 4539 831 4626; x_wconf 83' lang='lat' dir='ltr'>probaram</span> <span class='ocrx_word' id='word_1_300' title='bbox 862 4541 1002 4604; x_wconf 81' lang='lat' dir='ltr'>omnium</span> <span class='ocrx_word' id='word_1_301' title='bbox 1033 4547 1063 4605; x_wconf 89' lang='lat' dir='ltr'>et</span> <span class='ocrx_word' id='word_1_302' title='bbox 1089 4541 1237 4624; x_wconf 81' lang='lat' dir='ltr'>publicae</span> <span class='ocrx_word' id='word_1_303' title='bbox 1259 4539 1431 4603; x_wconf 74' lang='lat' dir='ltr'>honestatis</span> <span class='ocrx_word' id='word_1_304' title='bbox 1453 4537 1639 4620; x_wconf 68' lang='lat' dir='ltr'>satisfactio,</span> 
     </span>
     <span class='ocr_line' id='line_1_38' title="bbox 395 4644 1640 4728; baseline 0.002 -21"><span class='ocrx_word' id='word_1_305' title='bbox 395 4662 479 4724; x_wconf 89' lang='lat' dir='ltr'>quae</span> <span class='ocrx_word' id='word_1_306' title='bbox 509 4645 622 4710; x_wconf 89' lang='lat' dir='ltr'>sentiri</span> <span class='ocrx_word' id='word_1_307' title='bbox 654 4651 688 4711; x_wconf 89' lang='lat' dir='ltr'>et</span> <span class='ocrx_word' id='word_1_308' title='bbox 716 4644 922 4711; x_wconf 81' lang='lat' dir='ltr'>manifestari</span> <span class='ocrx_word' id='word_1_309' title='bbox 946 4645 1042 4723; x_wconf 84' lang='lat' dir='ltr'>solet,</span> <span class='ocrx_word' id='word_1_310' title='bbox 1073 4645 1201 4728; x_wconf 87' lang='lat' dir='ltr'>quoties</span> <span class='ocrx_word' id='word_1_311' title='bbox 1224 4644 1389 4710; x_wconf 90' lang='lat' dir='ltr'>atrociora</span> <span class='ocrx_word' id='word_1_312' title='bbox 1412 4644 1548 4709; x_wconf 89' lang='lat' dir='ltr'>crimina</span> <span class='ocrx_word' id='word_1_313' title='bbox 1570 4665 1640 4709; x_wconf 92' lang='lat' dir='ltr'>con·</span> 
     </span>
     <span class='ocr_line' id='line_1_39' title="bbox 397 4749 1639 4836; baseline 0.002 -24"><span class='ocrx_word' id='word_1_314' title='bbox 397 4749 503 4833; x_wconf 71' lang='lat' dir='ltr'>dignis</span> <span class='ocrx_word' id='word_1_315' title='bbox 534 4755 643 4836; x_wconf 82' lang='lat' dir='ltr'>poenis</span> <span class='ocrx_word' id='word_1_316' title='bbox 676 4751 867 4836; x_wconf 72' lang='lat' dir='ltr'>expiantum</span> <span class='ocrx_word' id='word_1_317' title='bbox 902 4757 936 4818; x_wconf 86' lang='lat' dir='ltr'>et</span> <span class='ocrx_word' id='word_1_318' title='bbox 968 4771 987 4816; x_wconf 91' lang='lat' dir='ltr'>e</span> <span class='ocrx_word' id='word_1_319' title='bbox 1021 4749 1185 4816; x_wconf 89' lang='lat' dir='ltr'>contrario</span> <span class='ocrx_word' id='word_1_320' title='bbox 1218 4773 1330 4816; x_wconf 75' lang='lat' dir='ltr'>sennaar</span> <span class='ocrx_word' id='word_1_321' title='bbox 1363 4751 1482 4816; x_wconf 85' lang='lat' dir='ltr'>datoris</span> <span class='ocrx_word' id='word_1_322' title='bbox 1513 4751 1560 4815; x_wconf 84' lang='lat' dir='ltr'>oei</span> <span class='ocrx_word' id='word_1_323' title='bbox 1590 4753 1639 4815; x_wconf 89' lang='lat' dir='ltr'>in·</span> 
     </span>
     <span class='ocr_line' id='line_1_40' title="bbox 396 4855 1638 4943; baseline 0.001 -24"><span class='ocrx_word' id='word_1_324' title='bbox 396 4855 602 4942; x_wconf 64' lang='lat' dir='ltr'>attentationis,</span> <span class='ocrx_word' id='word_1_325' title='bbox 626 4857 654 4922; x_wconf 87' lang='lat' dir='ltr'>si</span> <span class='ocrx_word' id='word_1_326' title='bbox 678 4857 806 4940; x_wconf 89' lang='lat' dir='ltr'>quando</span> <span class='ocrx_word' id='word_1_327' title='bbox 828 4856 985 4922; x_wconf 88' lang='lat' dir='ltr'>eiusmodi</span> <span class='ocrx_word' id='word_1_328' title='bbox 1001 4856 1138 4922; x_wconf 89' lang='lat' dir='ltr'>crimina</span> <span class='ocrx_word' id='word_1_329' title='bbox 1151 4859 1342 4943; x_wconf 83' lang='lat' dir='ltr'>promeritae</span> <span class='ocrx_word' id='word_1_330' title='bbox 1357 4877 1480 4941; x_wconf 86' lang='lat' dir='ltr'>poenas</span> <span class='ocrx_word' id='word_1_331' title='bbox 1496 4857 1638 4940; x_wconf 84' lang='lat' dir='ltr'>effugere</span> 
     </span>
     <span class='ocr_line' id='line_1_41' title="bbox 395 4962 565 5045; baseline 0.018 -19"><span class='ocrx_word' id='word_1_332' title='bbox 395 4962 565 5045; x_wconf 79' lang='lat' dir='ltr'>contingit.</span> 
     </span>
    </p>
   </div>
   <div class='ocr_carea' id='block_1_3' title="bbox 0 0 1960 5842">
    <p class='ocr_par' dir='ltr' id='par_1_5' title="bbox 0 0 1960 5842">
     <span class='ocr_line' id='line_1_42' title="bbox 0 0 1960 5842; baseline 0 5"><span class='ocrx_word' id='word_1_333' title='bbox 0 0 1960 5842; x_wconf 95' lang='lat' dir='ltr'> </span> 
     </span>
    </p>
   </div>
  </div>
 </body>
</html>
