3909 5842
487 658 629 713 Hominem
646 658 733 715 libero
752 660 865 715 arbitrio
882 661 1035 733 praeditum
1055 678 1116 717 esse
1134 662 1293 719 ostenditur.
1464 668 1506 733 89

260 838 311 905 his
327 838 439 905 verbis
462 838 669 906 enuntiatur:
691 840 834 924 Nililfit
849 843 918 907 siae
934 862 1034 907 caasa
1050 841 1236 925 sufficiente,
1260 840 1282 907 i.
1298 860 1326 907 e.
1342 861 1403 925 pro
1420 840 1508 906 omni

259 965 305 1023 re,
330 965 416 1027 quae
435 946 483 1023 fit,
507 944 618 1027 aliqua
633 964 735 1009 causa
749 944 837 1012 adsit
851 966 987 1013 necesse
1003 950 1063 1025 est,
1089 950 1123 1013 et
1141 946 1271 1029 quidem
1287 946 1362 1012 huic
1377 946 1508 1014 effectui

261 1050 470 1135 producendo
493 1051 668 1117 sufficiens.

351 1156 436 1235 Quid
467 1162 578 1224 autem
611 1158 792 1225 adversarii
823 1161 884 1225 sub
916 1160 1047 1225 nomine
1083 1158 1250 1244 „principii
1280 1159 1504 1226 causalitatis“

262 1264 483 1346 intellegunt?
506 1300 551 1309 -
573 1264 818 1349 Consequentur
840 1266 883 1331 ad
906 1286 1000 1331 suum
1025 1265 1228 1331 exclusivum
1259 1268 1509 1333 nataratismam

233 1413 236 1416 -
262 1375 295 1437 et
323 1352 564 1455 pbilosopbiam
594 1375 793 1437 monisticam
824 1370 905 1437 illud
936 1372 985 1439 ita
1016 1372 1288 1456 interpretantur,
1320 1375 1358 1438 ut
1381 1372 1508 1439 dicant:

263 1497 487 1559 quaecumque
510 1477 543 1542 in
569 1476 689 1543 mundo
712 1477 898 1543 successive
921 1477 1088 1556 eveniunt,
1112 1478 1184 1544 sive
1206 1478 1342 1561 physice
1364 1477 1435 1545 sive
1450 1479 1509 1545 ho·

261 1584 385 1649 minum
410 1583 554 1663 consilio,
579 1586 643 1669 leae
665 1587 860 1651 necessitatis
883 1585 1026 1663 evenire,
1052 1586 1160 1651 causis
1183 1585 1309 1653 scilicet
1331 1584 1510 1651 innumeris

263 1694 297 1757 et
318 1691 513 1775 plerumque
531 1690 565 1755 in
580 1690 773 1774 particulari
787 1691 911 1775 ignotis
926 1692 1058 1774 singula
1074 1692 1377 1760 determinantibus.
1408 1692 1510 1775 quue

263 1818 300 1862 eo
324 1797 433 1881 magis
456 1797 632 1865 tenendum
663 1798 865 1878 existimant,
899 1800 985 1883 quod
1015 1798 1206 1879 (secundum
1237 1820 1381 1865 errorem
1410 1820 1511 1883 supra

262 1904 327 1969 iam
358 1904 524 1986 notatum)
553 1902 596 1970 ab
622 1906 751 1971 actibus
785 1904 931 1982 ‚libens‘
953 1909 1126 1992 propriam
1149 1904 1376 1972 causalitatem
1401 1906 1510 1971 exclu-

263 2010 363 2088 dunt;
375 2031 478 2093 quare
490 2011 596 2077 ethos
608 2011 651 2076 ab
665 2011 724 2078 illa
739 2012 814 2094 lege
829 2011 972 2077 causalis
987 2011 1196 2079 necessitatis
1212 2012 1312 2077 eximi
1327 2032 1391 2077 non
1403 2032 1509 2096 posse.

353 2116 629 2200 consequentiam
652 2118 811 2183 moralem
835 2122 869 2183 et
891 2118 1047 2183 socialem
1063 2117 1159 2184 huius
1176 2118 1345 2184 doctrinae
1360 2117 1408 2185 ite
1423 2138 1511 2183 com·

263 2222 420 2307 plectitur
442 2224 483 2290 Ε.
506 2226 685 2291 Adickes¹z
713 2224 814 2303 „Jede
837 2224 1056 2290 mensohliche
1072 2224 1252 2305 Handlung
1274 2224 1318 2289 iet
1342 2224 1414 2290 eine
1436 2229 1511 2291 not-

264 2329 415 2412 wendige
438 2330 635 2397 Resultante
665 2351 725 2396 aus
755 2330 828 2396 dem
853 2330 996 2409 ‚Wesen‘
1028 2329 1085 2395 des
1108 2329 1326 2395 Handelnden
1355 2329 1420 2395 und
1451 2352 1511 2396 aus

264 2436 327 2501 den
351 2444 509 2503 ausseren
525 2436 742 2514 Umstdnden,
766 2436 801 2501 in
824 2436 929 2501 denen
950 2456 987 2501 er
1002 2435 1071 2501 sich
1087 2435 1240 2503 befindet.
1259 2488 1266 2501 .
1285 2488 1292 2501 .
1311 2488 1318 2501 .
1350 2436 1411 2501 Bet
1427 2438 1511 2502 dem·

265 2544 369 2609 alben
384 2544 495 2609 Wesen
511 2545 581 2608 aad
596 2551 691 2609 anter
707 2543 872 2609 desselben
886 2542 1083 2609 Umstdnden
1098 2544 1183 2609 ludite
1199 2545 1267 2608 also
1283 2543 1374 2607 keine
1392 2542 1513 2607 andere

264 2650 449 2736 Hcadlaaq
469 2651 638 2736 praebaltea
661 2651 787 2715 konnen
810 2652 859 2714 als
882 2651 945 2733 die,
970 2650 1081 2715 welche
1104 2650 1248 2715 aeraria
1270 2649 1438 2735 praebaltea
1461 2650 1511 2728 ist,

264 2754 410 2834 einerlei‚
434 2754 476 2821 ob
492 2776 528 2820 es
550 2755 620 2821 sich
643 2777 698 2821 um
721 2754 867 2821 sittliche
890 2755 970 2820 oder
992 2754 1182 2822 unsittliche
1205 2755 1286 2821 oder
1307 2754 1513 2821 indifferente

266 2861 486 2943 Handlungen
512 2916 519 2929 .
544 2914 552 2927 .
578 2914 585 2927 .
609 2861 756 2930 haudelt.
803 2862 870 2927 Der
891 2860 1029 2927 Mensch
1052 2864 1106 2927 tut
1128 2861 1162 2927 in
1183 2861 1291 2945 jedem
1306 2858 1513 2943 Augenblick

266 2967 448 3052 dasjenige,
480 2988 550 3033 was
572 2968 696 3033 seinem
720 2967 864 3047 ‚Wesen‘
894 2971 993 3033 unter
1016 2966 1078 3032 den
1106 2966 1334 3033 obwaltenden
1358 2972 1514 3031 busseren

265 3072 475 3140 Umstfandeu
499 3094 551 3139 am
575 3073 800 3156 genehmeten‚
825 3093 879 3137 am
902 3076 1194 3155 angemeasensten
1216 3072 1289 3139 ist.“
1325 3072 1370 3139 Et
1393 3072 1457 3138 alio
1480 3071 1513 3135 iu

265 3180 338 3246 loeo
363 3179 490 3247 subdit:
517 3179 679 3259 ¹‚Woraui
692 3202 728 3247 es
744 3180 817 3245 dem
833 3178 1108 3247 Determiniemus
1131 3179 1230 3243 allein
1249 3178 1430 3256 ankommt,
1454 3177 1514 3243 das

265 3286 327 3353 ist:
352 3288 603 3371 daretqelrende‚
628 3287 879 3369 allumfassende
902 3287 1225 3372 Gesctzmc'issiqlrcit.“

356 3394 612 3477 Respondanas:
641 3392 727 3458 Huic
757 3392 919 3457 desiderio
949 3393 1080 3457 omnino
1104 3392 1267 3458 satisfacit
1296 3394 1386 3456 recte
1416 3388 1514 3455 intel·

265 3500 389 3564 lectum
410 3497 622 3582 „principium
638 3497 874 3577 causalitatis“,
899 3496 991 3563 cuius
1006 3498 1256 3583 providentialis
1280 3495 1456 3581 applicatio
1481 3498 1514 3561 et

267 3605 437 3671 exsecutio
461 3604 602 3672 aliaest
627 3602 661 3669 in
684 3605 804 3671 mundo
821 3606 955 3691 physico
981 3608 1201 3690 cauteriati,
1233 3604 1299 3671 alia
1330 3602 1363 3669 in
1393 3600 1514 3668 mundo

268 3714 384 3779 rnorali
406 3719 435 3777 ct
457 3715 634 3797 spirituali,
663 3712 762 3794 idque
792 3712 969 3777 secundum
991 3732 1065 3805 ¹nou
1088 3711 1307 3795 interruptam
1330 3710 1414 3792 legis
1437 3729 1515 3773 con·

266 3817 437 3885 amdam.
468 3816 530 3883 Ille
551 3818 641 3883 solus
664 3822 798 3885 samaim
820 3820 898 3905 lepis
920 3821 1105 3883 necessitate
1127 3817 1169 3883 ad
1192 3838 1269 3883 suos
1285 3816 1420 3882 effeetus
1437 3836 1514 3881 cau·

267 3926 384 3992 saliter
406 3929 558 3991 movetur
580 3947 620 3992 sc
642 3926 804 4009 dirigitur,
828 3924 881 3991 hic
904 3928 1015 3991 autem
1038 3924 1244 4009 potissimum
1267 3926 1330 4009 teqe
1347 3924 1512 4003 libertatis,

268 4052 352 4113 qnae
383 4034 436 4097 est
462 4034 599 4118 propria
630 4034 812 4119 spirituum,
845 4052 911 4096 non
942 4030 1111 4097 coactione
1141 4030 1199 4095 sed
1227 4032 1364 4095 rationis
1387 4050 1447 4093 asu
1472 4027 1514 4093 ad

268 4160 345 4203 suos
374 4140 458 4203 fines
488 4138 701 4216 sollicitatum
732 4138 819 4203 unde
841 4138 997 4203 voluntas
1020 4137 1111 4203 facta
1135 4136 1370 4203 deliberatione
1394 4136 1515 4199 semet·

268 4244 375 4329 ipsum
393 4247 564 4311 causaliter
579 4244 787 4311 determinat.
804 4244 940 4309 —Ideo
959 4265 1040 4309 eane
1056 4242 1248 4327 deplorandi
1264 4245 1340 4307 sunt
1355 4240 1514 4321 homines,

269 4352 325 4433 qui
340 4372 421 4417 suae
436 4350 617 4435 spiritualis
633 4350 805 4433 dignitatis
820 4350 914 4416 obliti
924 4351 1053 4415 malunt
1065 4348 1249 4433 computari
1264 4352 1302 4415 ut
1313 4369 1391 4432 pars
1414 4347 1515 4413 solius

269 4458 383 4523 mundi
404 4460 581 4523 materialis
605 4478 703 4539 quam
721 4456 771 4523 uti
792 4456 966 4539 magnifico
982 4456 1154 4539 privilegio
1170 4458 1309 4521 naturae
1325 4452 1514 4538 spiritualis.

362 4566 391 4631 6.
421 4562 618 4629 Recentiore
646 4568 795 4647 tempore
824 4562 898 4647 ipsa
927 4565 1082 4629 actistica
1109 4564 1301 4628 moralitatis
1324 4560 1516 4642 frequenter

269 4673 439 4752 tamquam
472 4668 611 4736 obiectio
642 4672 758 4735 contra
788 4668 1016 4737 exsistentiam
1046 4668 1141 4734 liberi
1171 4667 1299 4733 arbitrii
1328 4668 1513 4749 usurpatur.

269 4774 475 4859 Ubicumque
503 4775 537 4840 iu
567 4769 753 4842 actionibus
779 4774 955 4853 hominum,
987 4796 1070 4857 qnae
1101 4772 1290 4856 ceteroquin
1320 4772 1421 4837 libere
1445 4770 1515 4836 fieri

362 4992 803 5077 mammoneamque
821 5006 876 5061 unu
894 5005 992 5077 puna.
1012 5005 1103 5061 uersi
1123 5005 1209 5061 cxvi
1228 5004 1271 5059 es.
