3909 5842
729 686 771 741 De
792 686 940 758 ¹‚principio
958 686 1147 742 moralitatis‘.
1495 693 1554 757 131

309 862 423 945 λόγον)
452 862 580 947 pariter
612 862 656 929 sit
688 863 845 929 activitas
876 863 1056 929 secundum
1085 864 1242 930 virtutem
1272 863 1392 953 (ψυχῆς
1414 865 1558 953 ἐνέργεια

309 965 380 1033 κατ’
404 970 552 1059 ἀρετήν),
576 991 737 1036 εωῃωιιω
761 969 863 1053 igitur
885 970 1026 1037 hominis
1049 971 1169 1037 bonum
1193 974 1228 1037 in
1253 974 1410 1039 calutate
1440 976 1560 1039 rotiooi

307 1098 367 1142 scu
388 1080 502 1143 virtuti
524 1086 705 1145 conmaotcr
727 1078 884 1161 conformi
905 1078 1005 1144 situm
1029 1099 1102 1145 esse
1125 1078 1251 1145 docet1.
1298 1078 1448 1147 Externa
1479 1101 1558 1163 quo·

308 1202 375 1264 que
398 1183 485 1250 bona
514 1184 563 1249 ait
589 1184 631 1249 ad
654 1184 745 1250 vitae
767 1182 1004 1250 beatitudinem
1027 1184 1215 1251 necessaria
1236 1204 1326 1263 eese3
1356 1206 1470 1251 verum
1494 1206 1559 1252 non

307 1288 440 1355 ratium
462 1290 523 1369 sui,
547 1289 606 1356 sed
628 1292 757 1356 tantum
782 1292 820 1355 ut
842 1290 1031 1366 necessaria
1054 1290 1251 1357 adminicula
1273 1292 1407 1358 virtutis
1425 1314 1464 1358 ac
1480 1292 1558 1359 hea-

297 1395 493 1464 'titudinis².
540 1397 753 1482 Voluptatem
777 1397 926 1481 denique,
957 1397 1021 1463 etsi
1051 1418 1090 1463 ea
1112 1418 1177 1464 non
1199 1399 1307 1483 ipsum
1330 1398 1491 1464 obiectum
1516 1398 1560 1464 sit

307 1501 475 1569 humanae
505 1503 687 1583 felicitatis,
717 1504 803 1570 hene
830 1508 944 1571 tamen
973 1504 1173 1571 naturaliter
1202 1508 1236 1570 et
1265 1505 1451 1571 necessario
1481 1525 1559 1571 con·

307 1611 499 1675 secuturam
529 1630 603 1677 esse
631 1610 812 1694 agnoscitl.
859 1610 969 1694 Atque
998 1610 1047 1677 ita
1076 1610 1206 1694 quidem
1230 1611 1466 1677 aristotelicum
1489 1632 1560 1677 mo-

307 1715 457 1782 ralitatis
485 1716 680 1800 principium
710 1718 848 1782 eatenus
876 1715 1189 1783 eudaemonisticum
1221 1719 1282 1795 eet,
1313 1719 1474 1799 quatenus
1504 1738 1559 1783 ra·

308 1822 437 1888 tionem
466 1827 501 1889 et
529 1843 717 1888 mensuram
743 1822 901 1889 bonitatis
923 1823 1059 1888 moralis
1081 1822 1115 1888 in
1138 1823 1321 1889 actionibus
1343 1822 1493 1889 humanis
1516 1842 1559 1888 ex

307 1928 385 2012 ipso
415 1950 528 1995 earum
557 1933 711 2014 respectu
733 1930 777 1996 ad
799 1928 982 2014 perfectam
1005 1928 1146 1995 hominis
1168 1928 1363 1995 felicitatem
1386 1929 1558 2013 depromit.

307 2067 379 2140 166.
472 2074 502 2137 2.
534 2071 825 2138 Eudaemonismus
847 2072 983 2138 socialia.
1030 2070 1122 2135 Haec
1154 2069 1269 2135 classis
1298 2068 1398 2135 latius
1421 2073 1559 2154 accepta

308 2196 353 2241 ea
388 2178 497 2243 omnia
531 2176 756 2262 philosophiae
790 2177 924 2242 moralis
958 2180 1142 2259 systemata
1173 2174 1436 2259 comprehendit,
1476 2196 1559 2257 quae

308 2284 510 2351 obiectivam
540 2285 739 2352 moralitatis
768 2284 928 2351 rationem
958 2285 991 2351 in
1025 2284 1133 2368 aliquo
1163 2284 1292 2350 interno
1321 2286 1473 2365 respectu
1503 2302 1558 2347 ac-

308 2390 439 2455 tionum
462 2389 504 2456 ad
526 2392 645 2458 bonum
670 2394 784 2458 sociolc
807 2394 842 2457 et
863 2412 1033 2456 commune
1051 2390 1194 2457 omnium
1210 2389 1264 2455 vel
1279 2390 1313 2455 in
1329 2388 1559 2455 conformitate

309 2516 387 2562 cum
418 2498 595 2580 exigentiis
625 2503 763 2565 naturae
790 2500 917 2563 socialis
939 2501 1111 2581 reponunt,
1143 2517 1200 2562 seu
1224 2516 1307 2578 quae
1331 2495 1559 2579 aliquomodo

308 2603 346 2668 in
385 2608 562 2693 „principio
596 2604 801 2673 suauitatis
835 2604 1010 2683 fundatur,
1046 2604 1109 2670 etsi
1143 2603 1263 2687 partim
1298 2602 1558 2684 deontologicam

310 2731 444 2793 quoque
466 2712 628 2779 rationem
652 2712 833 2778 admixtam
856 2709 1010 2778 habeant.
1057 2709 1225 2775 Eiusmodi
1247 2713 1342 2776 sunt:

309 2849 376 2921 161.
469 2853 503 2932 a)
529 2854 744 2939 Empicismuc
759 2855 900 2937 moralia,
925 2851 980 2934 qui
995 2850 1029 2916 in
1045 2850 1168 2933 Anglia
1181 2849 1385 2934 potissimum
1410 2850 1561 2915 excultus

309 2962 348 3025 et
363 2960 424 3024 sub
439 2960 566 3026 influxu
581 2960 807 3045 philosophiae
823 2960 998 3043 empiricos
1014 2958 1128 3023 Lockii
1143 2960 1346 3041 propagatus
1362 2955 1435 3022 fuit.
1470 2954 1561 3021 Inter

309 3065 437 3149 primos
459 3066 555 3132 huius
573 3065 765 3150 systematis
780 3068 933 3131 auctores
948 3062 1164 3127 nominandus
1180 3063 1231 3126 est
1248 3060 1394 3125 Richard
1411 3060 1560 3126 Cambor-

308 3175 416 3239 lund⁴
438 3174 707 3255 (lesa—1719),
740 3172 796 3254 qui
827 3190 954 3236 omnern
988 3168 1209 3233 moralitatem
1241 3166 1273 3230 in
1306 3170 1420 3231 mutua
1450 3166 1561 3231 sociali

309 3280 525 3347 benevolentia
548 3279 713 3346 hominum
736 3276 868 3344 mndari
889 3296 986 3360 posse
1009 3274 1194 3358 reputabat.
1226 3272 1425 3357 Praecipuus
1448 3277 1560 3337 tamen

308 3388 400 3454 illius
423 3388 574 3454 excultor
589 3386 719 3453 exstitit
735 3406 844 3451 cemes
861 3384 900 3448 de
914 3382 1148 3467 Sboflcshury⁵
1171 3378 1421 3461 (1671-1713)
1437 3378 1559 3443 Lockio

309 3495 459 3562 amicitia
479 3496 618 3561 iunctus
650 3493 724 3569 Hic,
749 3490 856 3559 asela
871 3487 1077 3573 experientia
1092 3485 1325 3571 psychologica
1340 3484 1558 3568 proficiscens,

309 3624 354 3669 ex
369 3606 491 3669 natura
506 3600 645 3667 hominis
662 3599 787 3665 discere
803 3598 923 3663 bouum
938 3600 973 3662 et
988 3595 1109 3661 malum
1126 3592 1278 3675 suscipit;
1303 3591 1423 3657 malum
1440 3592 1560 3675 quippe

308 3730 385 3775 esse
415 3707 569 3791 quidquid
600 3706 697 3772 hemo
726 3708 866 3771 naturae
896 3702 1008 3769 ductui
1031 3701 1231 3767 contrarium
1256 3701 1337 3781 agat
1365 3718 1558 3782 persuasum

309 3814 423 3880 habet.
455 3813 557 3878 Porro
579 3812 683 3897 ipsius
705 3814 844 3877 naturae
860 3809 1096 3894 propensiores
1119 3805 1242 3890 reperit
1258 3804 1395 3889 duplicis
1411 3805 1557 3887 generis:

308 3921 395 3987 alias
429 3919 683 4002 ,idiopathicas·
722 3916 926 4001 (egoistioas)
957 3934 1042 3997 qnae
1074 3914 1193 3979 bonum
1224 3911 1363 3977 hominis
1393 3910 1557 3995 privatum

309 4048 350 4093 ac
373 4027 552 4111 proprium,
576 4024 660 4090 alias
684 4021 938 4111 »εψηραέὶιὶοαεα
961 4020 1128 4104 (sociales)
1153 4040 1236 4103 quae
1252 4018 1370 4084 bonum
1388 4036 1558 4081 commune

308 4154 368 4198 sen
393 4132 515 4198 sociale
539 4152 598 4214 pro
622 4131 750 4197 obiecto
772 4129 905 4195 habent.
936 4127 1027 4204 Quae
1049 4148 1122 4193 cum
1138 4127 1204 4192 sint
1219 4125 1284 4191 illis
1300 4124 1557 4208 praestantiores

309 4242 344 4305 et
367 4238 517 4304 subiecto
540 4236 695 4304 rationali
709 4236 841 4321 proprie
857 4234 1036 4311 naturales,
1060 4233 1100 4299 iis
1116 4232 1292 4316 primatum
1308 4229 1427 4307 deberi,
1452 4248 1557 4310 neque

308 4348 424 4411 tamur
448 4346 576 4409 ceteras
599 4340 832 4424 neglegendae,
856 4339 971 4404 sedin
995 4337 1184 4403 harmonica
1206 4334 1471 4401 subordinatione
1496 4332 1556 4397 sub

403 4576 529 4633 ¹Ethica
547 4576 704 4632 Nicomach.
726 4578 750 4641 1,
769 4575 786 4630 6
793 4596 800 4639 ;
822 4575 864 4637 10,
883 4575 899 4628 7
908 4594 915 4639 ;
941 4572 976 4627 cf.
996 4570 1122 4643 superius
1140 4570 1214 4625 dicto
1232 4568 1265 4621 de
1285 4567 1377 4622 eodem
1397 4582 1500 4637 argum.
1520 4566 1555 4619 sd

308 4670 412 4725 'Phasin
431 4668 491 4732 VII,
508 4685 535 4721 u.
555 4668 598 4721 66.

399 4758 528 4812 'Ethica
545 4754 702 4811 Nicomach.
724 4756 747 4817 1,
768 4754 815 4816 11;
836 4752 878 4816 10,
898 4752 923 4806 8.
1034 4748 1160 4803 'Ethica
1178 4742 1334 4801 Nicomach.
1355 4744 1396 4809 10,
1414 4745 1439 4797 4.

399 4851 410 4880 ⁴
429 4846 470 4901 Dc
488 4844 597 4913 legibus
614 4846 729 4897 naturae
748 4840 901 4909 disquisitio
920 4838 1115 4910 philosophica.
1148 4836 1225 4891 1672.

398 4934 460 4989 ³In
479 4950 572 5004 opere:
593 4934 637 4986 An
655 4930 769 5001 lnquiry
787 4929 950 4997 concerning
968 4928 1065 4981 Virtus
1085 4927 1136 4981 and
1155 4923 1245 4987 Merit,
1266 4922 1349 4987 leee;
1369 4926 1411 4975 ct:
1437 4918 1552 4974 Charac-

307 5025 416 5080 teristie
434 5024 464 5077 of
480 5023 552 5088 Men,
571 5020 709 5085 Manncrs,
728 5018 867 5089 Opinione,
886 5016 985 5072 Times.
1025 5016 1101 5069 1711,
1310 5099 1345 5153 9*
