3909 5842
702 690 743 745 De
761 690 934 761 passionibus
952 690 981 745 in
999 708 1107 759 genere.
1487 696 1528 761 97

274 874 402 937 rationi
424 872 676 936 subordinantur
699 873 734 935 et
749 868 916 935 voluntati
930 868 973 933 ad
989 866 1250 952 prosequendum
1265 864 1436 935 honestum
1454 872 1530 936 sub·

275 978 430 1043 serviant
452 979 594 1061 oportet.
626 975 748 1053 Quodsi
777 975 811 1040 id
826 976 933 1059 ipsum
956 975 991 1039 in
1013 974 1181 1057 praesenti
1203 974 1294 1040 vitae
1317 979 1408 1041 statu
1431 998 1531 1061 saepe

273 1105 344 1149 non
374 1084 440 1149 nisi
467 1104 588 1165 magno
618 1082 765 1149 adhibito
796 1085 918 1147 conatu
941 1080 1028 1145 effici
1050 1082 1171 1164 potest,
1202 1083 1387 1147 esttamen
1411 1082 1444 1147 in
1469 1082 1530 1149 hac

275 1190 415 1256 assidrm
436 1188 596 1255 intestina
617 1210 738 1273 pugna,
763 1188 796 1252 in
821 1208 886 1271 qua
908 1189 1001 1253 certa
1024 1186 1158 1270 superni
1181 1187 1297 1253 auxilii
1319 1208 1378 1272 spe
1401 1192 1529 1254 susten-

273 1300 401 1373 tamur,
425 1316 492 1360 non
507 1296 671 1361 mediocre
694 1296 830 1371 luorum,
855 1298 937 1377 puta
959 1293 1002 1358 ad
1021 1294 1294 1377 praecavendum,
1318 1315 1362 1362 ne
1375 1296 1531 1363 voluntas

232 1418 235 1422 ’
275 1403 351 1485 ipso
382 1402 451 1468 otio
481 1405 581 1484 atque
610 1401 731 1467 inertia
760 1401 891 1466 diffluat
914 1402 949 1465 et
971 1398 1103 1465 defectu
1129 1400 1279 1467 exercitii
1300 1401 1404 1485 ipsam
1429 1424 1530 1488 prope

276 1508 515 1574 conscientiam
540 1508 591 1573 sui
613 1507 742 1592 imperii
766 1508 909 1585 amittat,
941 1510 1012 1571 ant·
1026 1506 1230 1572 demissionis
1254 1508 1356 1574 oblita
1379 1512 1414 1575 et
1436 1510 1530 1591 quasi

275 1615 343 1680 sibi
365 1615 429 1699 ipsi
451 1614 618 1681 sufficiens
641 1636 663 1679 a
685 1616 755 1680 Deo
779 1614 1026 1681 abstrahatur1.

371 1720 463 1797 Quod
485 1721 551 1787 iam
576 1721 748 1806 adipsum
771 1722 941 1804 inflexam,
966 1720 1006 1785 de
1030 1741 1094 1803 quo
1118 1720 1296 1803 quaeritur,
1324 1721 1454 1799 attinet,
1479 1720 1495 1786 f
1516 1755 1531 1767 -

276 1828 343 1892 cile
365 1846 427 1911 per
448 1847 485 1893 se
507 1827 621 1910 liquet,
652 1848 725 1893 eum
750 1827 793 1893 ad
815 1826 1067 1892 modificandum
1090 1828 1123 1891 in
1147 1826 1297 1891 humanis
1321 1826 1448 1893 actibus
1471 1848 1530 1892 vo·

276 1932 461 1999 lanterium
485 1938 519 1999 et
541 1935 680 1999 liberum
704 1954 726 1999 a
747 1934 888 1999 diversis
910 1934 1116 2017 passionibus
1139 1954 1199 1998 nec
1223 1934 1327 2017 gradu
1351 1955 1410 1999 nee
1433 1935 1530 2001 modo

276 2041 455 2123 aequalem
477 2041 621 2107 derivari
643 2061 749 2125 posse.
796 2041 899 2105 Immo
921 2061 1019 2117 vere,
1044 2040 1202 2123 siquidem
1235 2040 1276 2106 de
1308 2042 1432 2105 influxu
1464 2061 1529 2106 non

277 2146 512 2229 qualicumque
541 2152 668 2213 remoto
695 2148 753 2213 sed
782 2146 932 2231 proximo
956 2148 1144 2227 quaeratur,
1174 2144 1378 2229 intellegitur
1408 2146 1530 2212 adeas

277 2253 372 2319 solas
406 2253 576 2337 passiones
609 2254 695 2319 hano
729 2252 1022 2319 considerationem
1061 2252 1192 2335 proprie
1222 2253 1406 2336 pertinere,
1446 2272 1530 2335 quae

279 2361 404 2424 bonum
438 2363 497 2426 aut
528 2360 650 2425 malum
682 2380 747 2424 non
779 2359 845 2424 iam
877 2379 1035 2443 praesens
1069 2358 1127 2423 sed
1159 2359 1306 2441 fulcrum
1342 2359 1529 2442 respiciunt,

279 2485 344 2530 nec
374 2466 409 2530 in
438 2466 565 2549 quiete,
596 2466 653 2531 sed
684 2465 718 2530 in
747 2466 819 2549 ipso
848 2474 933 2530 motu
963 2467 1140 2530 versantur
1171 2464 1242 2529 sive
1273 2465 1455 2549 appetitivo
1488 2465 1529 2529 ad

279 2572 404 2637 bonum
434 2572 506 2637 sive
534 2570 676 2653 fugitivo
706 2592 727 2636 a
756 2571 853 2636 malo.
900 2570 1069 2635 Eiusmodi
1098 2570 1201 2652 igitur
1228 2574 1320 2649 sunt,
1355 2592 1439 2653 quae
1469 2572 1529 2637 ali-

279 2701 382 2761 quam
406 2679 567 2745 rationem
586 2681 645 2743 aut
667 2682 938 2763 concupiscentiae
961 2678 1045 2759 (eive
1068 2678 1230 2763 positivae
1254 2679 1323 2743 sive
1341 2674 1530 2759 negativae)

278 2789 342 2852 aut
371 2788 495 2851 timoris
524 2785 657 2852 habent.
703 2784 910 2870 Quapropter
939 2805 1023 2867 quae
1053 2784 1093 2849 de
1119 2785 1289 2867 utriusque
1311 2784 1406 2851 buius
1429 2784 1530 2850 fontis

278 2891 417 2975 proprio
446 2891 602 2956 induendi
629 2892 725 2957 modo
748 2891 782 2957 in
805 2892 915 2975 specie
939 2892 1198 2972 cognoverimus
1229 2890 1323 2973 quasi
1352 2912 1410 2973 pro
1441 2910 1529 2955 com·

277 2997 401 3080 pendio
418 3001 514 3063 erunt
530 3018 653 3071 eorum,
678 3017 762 3079 quae
781 2996 892 3079 aliqua
906 2997 1035 3063 ratione
1052 2997 1091 3062 de
1107 2997 1226 3063 ceteris
1241 2997 1330 3061 hisce
1346 2996 1530 3080 respective

278 3104 436 3186 cognatis
459 3104 674 3169 communiter
703 3104 826 3180 valent,
858 3106 916 3168 aut
941 3107 1031 3168 certe
1054 3102 1151 3169 facile
1174 3103 1351 3169 secundum
1374 3103 1530 3185 cuiusque

278 3209 500 3275 differentiam
525 3209 647 3275 eisdem
671 3208 828 3293 applicari
851 3211 999 3293 possunt.

752 3370 784 3425 B.
802 3368 838 3424 Ilo
855 3368 1061 3441 concupiscentia.

277 3477 346 3548 121.
437 3478 727 3563 Concupiscentiae
750 3499 869 3543 nomen
892 3480 1070 3545 secundum
1094 3499 1188 3543 usum
1210 3476 1363 3558 loquendi
1386 3476 1419 3541 in
1438 3476 1529 3543 theo·

276 3585 374 3668 logia
397 3586 566 3669 vulgarem
590 3584 694 3667 accipi
717 3586 803 3650 solet
825 3606 884 3668 pro
907 3586 981 3669 ipsa
995 3586 1116 3650 natura
1130 3584 1270 3649 hominis
1285 3604 1344 3667 per
1358 3588 1528 3667 peccatum

278 3693 444 3775 originale
466 3694 500 3757 in
524 3692 719 3758 deteriorem
743 3695 866 3758 statum
884 3693 1030 3759 redacta.
1063 3692 1134 3757 Hoc
1150 3712 1248 3756 sensu
1267 3690 1530 3774 concupiscentia

278 3800 423 3866 denotat
453 3799 675 3884 potentiarum
707 3797 847 3864 hominis
879 3798 1129 3884 propensionem
1162 3796 1204 3862 ad
1233 3797 1439 3862 inhonestum
1469 3798 1529 3862 sub

278 3906 394 3991 specie
416 3905 492 3971 boni
515 3905 729 3971 delectabilis.
749 3941 790 3950 -
808 3905 883 3970 Alio
908 3904 1133 3989 philosophiae
1155 3902 1261 3987 magis
1285 3904 1529 3970 accommodato

278 4034 384 4079 sensu
400 4015 538 4097 accepta
553 4012 816 4095 concupiscentia
832 4011 997 4095 significat
1013 4031 1237 4093 quemcunque
1252 4008 1529 4075 vehementiorem

278 4124 410 4185 motum
433 4118 601 4202 appetitus
624 4118 775 4185 sensitivi
798 4119 885 4184 circa
907 4120 1027 4184 bonum
1040 4116 1197 4183 sensibile
1214 4120 1248 4182 et
1264 4114 1389 4181 definiri
1404 4120 1528 4200 potest:

277 4228 447 4292 vehemens
469 4228 572 4290 animi
594 4228 641 4291 ad
664 4228 779 4292 bonnm
802 4228 933 4312 aliquod
949 4227 1096 4291 sensibile
1111 4224 1267 4289 tendentia
1284 4225 1451 4287 cocnmclio.
1486 4222 1530 4288 ut

275 4332 332 4397 ita
358 4330 486 4412 quidem
511 4330 776 4415 concupiscentia
799 4331 974 4415 specialem
998 4330 1184 4415 passionem
1209 4326 1352 4405 exhibet,
1377 4348 1448 4392 eam
1467 4328 1530 4393 sci-

278 4437 373 4513 licet,
397 4456 482 4518 quae
504 4436 591 4502 inter
613 4440 812 4524 oriqincrios
836 4436 1040 4521 („potentiae
1064 4426 1359 4518 concupiscibilis“)
1387 4434 1529 4499 secundo

277 4544 357 4608 loco
387 4546 587 4620 recensetur,
618 4546 734 4627 utpote
764 4562 849 4624 quae
879 4547 1035 4609 causatur
1065 4542 1106 4607 ab
1138 4542 1285 4618 „amore“
1313 4540 1474 4605 attendit
1497 4540 1528 4605 in

284 4648 592 4727 „delectationem“.
639 4648 812 4715 Obiectum
842 4670 902 4733 per
932 4669 967 4713 se
991 4651 1176 4732 spectatum
1200 4646 1248 4711 eis
1271 4644 1420 4711 omnibus
1443 4668 1529 4711 com·

280 4776 384 4820 mune
407 4758 468 4834 est,
498 4774 615 4837 nempe
639 4757 753 4820 bonam
777 4756 950 4820 secundnm
973 4778 1099 4821 aeneum
1124 4754 1302 4819 delectabile
1312 4774 1325 4833 ;
1354 4752 1411 4817 sed
1435 4752 1530 4818 huius

281 4882 350 4926 non
374 4860 488 4926 eadem
513 4863 566 4926 eet
580 4860 686 4927 relate
702 4862 743 4926 ad
759 4860 906 4943 singulas
927 4862 1030 4938 „ratio
1047 4859 1180 4927 virtutis
1195 4856 1372 4925 motivae“.
1405 4856 1531 4943 Quippe

379 5020 385 5051 ¹
406 5016 447 5070 Cf.
467 5018 496 5072 S.
518 5018 620 5086 unum„
639 5016 666 5071 S.
684 5015 767 5072 theol.
789 5018 857 5083 1„2‚
876 5034 903 5087 q.
922 5018 966 5073 24.

338 5112 445 5164 noyer,
459 5112 498 5154 rus
512 5112 623 5154 naturus.
644 5113 662 5154 a
682 5112 723 5155 aa
737 5112 757 5155 s.
1305 5102 1321 5155 7
