3909 5842
602 722 643 777 De
661 723 810 778 virtutibus
828 722 1012 778 cardinalibus
1030 723 1057 778 in
1076 726 1175 796 spacia.
1363 729 1367 736 '
1443 727 1508 797 305

262 920 341 966 suae
356 903 470 984 partes
485 904 577 967 recta
592 899 804 968 ordinandae.
837 901 923 967 Hinc
938 901 1057 969 iterum
1075 905 1108 968 S.
1131 903 1305 970 inomao:
1325 904 1507 985 ,Iustitia‘,

261 1005 379 1089 inquit,
406 1003 556 1084 ,ordinat
577 1003 742 1071 hominem
764 1005 798 1071 in
814 1007 1060 1091 comparatione
1077 1007 1119 1074 ad
1135 1007 1251 1082 alium;
1276 1009 1361 1091 quod
1378 1009 1507 1092 quidem

230 1141 236 1148 ·
261 1117 372 1198 potest
395 1133 468 1178 esse
483 1111 674 1196 dupliciterz
698 1111 773 1179 Uno
796 1113 892 1179 modo
915 1113 958 1180 ad
979 1113 1078 1179 alium
1095 1113 1308 1197 singulariter
1323 1116 1508 1183 considera·

261 1223 349 1296 tum;
373 1219 439 1285 alio
462 1219 558 1285 modo
582 1219 624 1285 ad
640 1219 741 1285 alium
757 1219 790 1284 in
806 1220 979 1299 communi,
1004 1220 1181 1286 secundum
1198 1219 1324 1288 scilicet
1339 1222 1426 1304 quod
1441 1222 1507 1302 ille,

261 1325 326 1408 qui,
341 1325 447 1392 servit
469 1325 567 1392 alicui
589 1325 828 1404 communitati,
852 1325 957 1393 servit
979 1326 1129 1392 omnibus
1152 1325 1345 1406 hominibus,
1370 1329 1424 1411 qui
1447 1330 1508 1395 sub

260 1431 497 1500 communitate
525 1431 585 1498 illa
613 1432 833 1500 continentur.
880 1433 933 1498 ad
955 1437 1131 1516 utrumque
1154 1453 1234 1515 ergo
1257 1453 1294 1499 se
1317 1437 1428 1518 potest
1450 1437 1507 1502 ba-

261 1539 340 1604 bere
361 1537 491 1605 iustitia
510 1536 690 1604 secundum
704 1539 871 1623 propriam
887 1537 1058 1604 rationem.
1090 1537 1302 1604 Manifestum
1319 1543 1371 1606 est
1386 1545 1507 1620 autem,

260 1645 348 1728 quod
372 1665 495 1724 omnes,
521 1645 576 1727 qui
599 1645 660 1710 snb
683 1644 918 1712 communitate
941 1645 1052 1728 aliqua
1071 1645 1290 1724 continentur,
1315 1665 1508 1730 comparan-

259 1757 316 1819 tur
338 1751 382 1817 ad
405 1751 672 1818 communitatem
696 1752 782 1817 sicut
803 1755 918 1835 partes
940 1751 983 1816 ad
998 1753 1116 1818 totum.
1147 1751 1230 1817 Pars
1246 1755 1357 1818 autom
1372 1752 1406 1819 id
1421 1753 1507 1836 quod

260 1863 313 1924 eat
327 1857 432 1925 totius
446 1861 515 1934 est;
539 1857 625 1923 unde
640 1861 675 1923 et
690 1857 859 1940 quodlibet
873 1858 993 1923 bonum
1009 1859 1114 1942 partis
1130 1863 1182 1924 eet
1198 1858 1378 1926 ordinabile
1399 1860 1434 1926 in
1449 1860 1506 1926 bo·

261 1985 338 2029 num
359 1963 472 2032 totius.
504 1962 688 2030 Secundum
703 1962 765 2029 hoc
780 1982 860 2046 ergo
876 1963 996 2029 bonum
1012 1963 1186 2030 cuiuslibet
1201 1963 1344 2044 virtutis,
1366 1965 1436 2032 sive
1453 1987 1507 2032 or·

260 2070 406 2138 dinantis
429 2069 571 2153 aliquem
593 2069 756 2136 hominem
780 2070 822 2137 ad
845 2069 1012 2154 seipsum,
1036 2069 1107 2136 sive
1131 2070 1312 2137 ordinantis
1335 2071 1440 2156 ipsum
1465 2073 1506 2140 ad

259 2177 389 2261 aliquas
412 2177 496 2244 alias
517 2197 676 2261 personas
699 2176 900 2260 singulares,
931 2181 985 2242 est
1014 2176 1180 2242 referibile
1209 2178 1251 2244 ad
1275 2178 1393 2244 bonum
1418 2199 1506 2244 com·

260 2305 368 2360 mune,
392 2283 432 2350 ad
457 2282 543 2367 quod
567 2283 698 2350 ordinat
719 2282 859 2352 iustitia
890 2282 937 2348 Et
958 2282 1136 2348 secundum
1160 2282 1222 2349 hoo
1245 2289 1339 2352 actua
1363 2283 1505 2350 omnium

260 2389 421 2458 virtutum
443 2394 582 2475 possunt
605 2389 647 2456 ad
670 2388 832 2456 iustitiam
855 2387 1039 2473 pertinere,
1063 2391 1242 2456 secundum
1266 2392 1352 2473 quod
1376 2392 1506 2460 ordinat

260 2497 422 2563 hominem
445 2497 488 2563 ad
510 2496 630 2562 bonum
654 2515 839 2562 commune:
865 2499 900 2562 et
923 2499 1081 2578 quantum
1104 2495 1147 2562 ad
1170 2496 1231 2561 hoc
1246 2495 1373 2564 iustitia
1388 2497 1507 2565 dicitur

260 2602 368 2670 virtus
389 2602 564 2686 generalis.
611 2603 657 2669 nt
685 2602 763 2686 quia
790 2603 831 2669 ad
855 2602 962 2685 legem
986 2601 1131 2686 pertinet
1154 2603 1306 2670 ordinare
1328 2603 1361 2670 in
1387 2605 1505 2670 bonum

259 2731 447 2789 commune,
471 2709 547 2775 hinc
571 2713 633 2787 est,
657 2709 743 2791 quod
766 2708 845 2776 talis
867 2708 996 2776 iustitia
1019 2708 1188 2794 praedicto
1211 2710 1307 2776 modo
1330 2711 1504 2794 generalis,

259 2816 382 2883 dicitur
403 2818 528 2882 iamdiu
551 2819 672 2902 tepolis,
697 2815 774 2898 quia
795 2814 844 2880 sic
866 2834 1015 2899 peream
1031 2813 1127 2880 homo
1144 2817 1402 2901 concordatlegi
1419 2818 1505 2884 ordi·

259 2923 353 2989 nanti
377 2926 471 2990 actua
495 2921 637 2988 omnium
660 2922 821 2989 virtutum
843 2922 877 2988 in
900 2922 1020 2988 bonum
1045 2927 1243 2990 commune.¹‘

344 3029 482 3096 Praeter
503 3027 664 3095 iustitiam
688 3030 818 3115 kpclern
840 3027 1054 3111 distinguitur
1076 3028 1205 3096 iustitia
1227 3033 1448 3097 commutatico
1472 3037 1506 3100 et

258 3135 475 3204 distributiva.
514 3136 743 3202 Commutatioc
765 3134 895 3213 dicitur,
920 3139 1082 3216 quatenus
1105 3135 1240 3220 respicit
1263 3136 1504 3204 arithmeticam

256 3241 503 3326 proportionem
526 3260 584 3306 seu
607 3240 759 3306 strictam
781 3240 1017 3324 aequalitatem
1041 3240 1193 3306 interius
1209 3241 1304 3306 unius
1320 3245 1505 3326 etrespon-

257 3348 341 3413 dens
364 3346 510 3412 debitum
533 3345 687 3421 alterium
712 3345 781 3411 eius
797 3345 935 3431 proinde
949 3346 1024 3411 tinia
1043 3352 1094 3413 est
1110 3355 1213 3414 rectus
1229 3349 1306 3413 ordo
1322 3350 1420 3414 caius
1432 3372 1504 3435 per-

255 3475 356 3520 sonae
380 3453 424 3518 ad
446 3455 592 3519 oderam.
638 3454 854 3520 Distributioc
876 3456 1026 3532 vocatur,
1051 3457 1213 3536 quatenus
1235 3453 1269 3518 in
1292 3454 1447 3538 praemiis
1471 3460 1505 3522 et

256 3558 373 3643 poenis
395 3579 455 3642 pre
478 3558 596 3623 merito
619 3557 801 3624 dividendis
824 3558 1005 3626 autetiam
1029 3558 1063 3624 ln
1087 3558 1239 3624 oneribus
1262 3559 1437 3625 socialibus
1455 3560 1505 3625 in·

254 3663 433 3748 iungendis
460 3667 495 3730 et
524 3663 618 3730 bonis
648 3665 855 3732 conferendis
876 3669 1031 3732 versatur
1060 3669 1095 3731 et
1117 3673 1235 3732 rectum
1258 3667 1402 3732 ordinem
1425 3689 1505 3733 com·

254 3775 426 3839 mundule
456 3772 501 3836 cd
531 3773 659 3856 cingulo
687 3771 829 3838 membro
858 3770 1010 3839 intendit.
1057 3771 1205 3855 Respicit
1228 3791 1345 3856 nempe
1367 3793 1505 3859 propor-

254 3880 382 3946 tionem
405 3876 641 3960 geometricam
670 3877 718 3942 rei
749 3882 785 3944 et
806 3898 968 3962 personae
992 3878 1033 3943 ad
1057 3876 1210 3944 meritum
1234 3878 1288 3943 vel
1311 3878 1504 3946 demeritum

254 3984 425 4066 (sociale),
456 4003 559 4066 quare
587 3983 621 4048 in
645 3987 916 4050 remunerationum
939 3987 974 4049 et
1003 3985 1231 4050 uindiculiocm
1254 3982 1503 4052 subdividitur2.

348 4090 400 4157 Ad
427 4089 587 4157 iustitiam
611 4089 720 4172 aliquo
744 4089 839 4155 modo
863 4089 1113 4155 coordinantur:
1145 4089 1260 4172 religio
1284 4109 1365 4171 erga
1388 4089 1503 4169 Deum,

253 4199 366 4286 pietas
382 4218 463 4281 erga
478 4200 634 4282 parentes
650 4199 685 4262 et
702 4195 856 4280 patriam,
881 4193 1098 4274 oboedientia,
1122 4194 1292 4278 gratitudo
1308 4215 1389 4278 erga
1404 4196 1504 4262 bene·

253 4307 414 4386 factores,
438 4305 614 4384 veracitas,
639 4303 853 4371 observantia
875 4324 956 4386 erga
978 4301 1127 4368 homines
1151 4299 1314 4385 dignitate
1330 4303 1365 4368 et
1380 4303 1505 4372 virtute

253 4415 468 4501 praestantes
492 4415 567 4490 etc,
591 4407 707 4494 quibus
730 4415 939 4495 opponuntur
953 4409 1092 4476 totidem
1108 4409 1191 4476 vitia
1208 4409 1383 4488 contraria,
1408 4414 1446 4477 ut
1460 4411 1505 4476 ir·

252 4517 467 4605 religiositas,
492 4517 694 4602 superstitio,
718 4517 871 4603 impietas
894 4519 980 4584 etc.8

347 4625 499 4692 Ceterum
522 4625 684 4690 iniustitia
691 4676 700 4708 ,
731 4627 830 4707 prout
853 4628 905 4690 est
927 4621 1044 4689 vitium
1069 4619 1228 4708 speciale,
1259 4622 1376 4706 quibus
1399 4623 1503 4691 modis

253 4731 375 4800 virtuti
397 4730 545 4798 iustitiae
569 4729 688 4815 opponi
711 4731 826 4815 possit,
851 4751 894 4796 ex
915 4729 1012 4795 huius
1029 4727 1239 4796 distinctione
1255 4730 1337 4795 satis
1353 4737 1502 4815 apparet.

253 4841 384 4925 Quippe
403 4837 584 4916 ,iniustitia
600 4841 652 4906 est
667 4838 805 4922 duplex:
829 4859 895 4903 una
910 4837 1040 4920 quidem
1057 4839 1203 4923 iliopolis,
1228 4857 1312 4920 quae
1329 4838 1505 4922 opponitur

348 5057 357 5090 ¹
377 5057 402 5122 2,
421 5055 446 5122 2,
465 5073 491 5124 q.
510 5055 554 5121 58,
573 5073 598 5109 a.
617 5055 642 5110 5.
749 5054 761 5088 ¹
780 5053 821 5109 cf.
841 5053 867 5119 2,
885 5057 911 5120 2,
930 5071 956 5124 q.
975 5053 1019 5108 61.
1129 5054 1140 5087 ³
1159 5053 1196 5108 lb.
1217 5070 1242 5122 q.
1261 5051 1305 5108 80.

307 5155 418 5206 bleyer,
431 5152 471 5194 ina
485 5151 596 5195 naturam
617 5151 634 5194 1.
654 5150 729 5194 Edi.
1260 5141 1295 5197 20
