<?xml version="1.0" encoding="UTF-8"?>
<!DOCTYPE html PUBLIC "-//W3C//DTD XHTML 1.0 Transitional//EN"
    "http://www.w3.org/TR/xhtml1/DTD/xhtml1-transitional.dtd">
<html xmlns="http://www.w3.org/1999/xhtml" xml:lang="en" lang="en">
 <head>
  <title>
</title>
<meta http-equiv="Content-Type" content="text/html;charset=utf-8" />
  <meta name='ocr-system' content='tesseract 3.04.00' />
  <meta name='ocr-capabilities' content='ocr_page ocr_carea ocr_par ocr_line ocrx_word'/>
</head>
<body>
  <div class='ocr_page' id='page_1' title='image "./institutionesiu00meyegoog_0011.png"; bbox 0 0 3909 5842; ppageno 0'>
   <div class='ocr_carea' id='block_1_1' title="bbox 878 672 1574 727">
    <p class='ocr_par' dir='ltr' id='par_1_1' title="bbox 878 672 1574 727">
     <span class='ocr_line' id='line_1_1' title="bbox 878 672 1574 727; baseline 0 -2"><span class='ocrx_word' id='word_1_1' title='bbox 878 672 1024 727; x_wconf 81' lang='lat' dir='ltr'><strong>Praelatio.</strong></span> <span class='ocrx_word' id='word_1_2' title='bbox 1533 689 1574 726; x_wconf 77' lang='lat' dir='ltr'><strong>vn</strong></span> 
     </span>
    </p>
   </div>
   <div class='ocr_carea' id='block_1_2' title="bbox 318 847 1574 1278">
    <p class='ocr_par' dir='ltr' id='par_1_2' title="bbox 318 847 1574 1278">
     <span class='ocr_line' id='line_1_2' title="bbox 323 847 1573 933; baseline 0.002 -21"><span class='ocrx_word' id='word_1_3' title='bbox 323 847 499 931; x_wconf 81' lang='lat' dir='ltr'><strong>,synopsis</strong></span> <span class='ocrx_word' id='word_1_4' title='bbox 522 848 816 933; x_wconf 79' lang='lat' dir='ltr'><strong>propaedeuticae“</strong></span> <span class='ocrx_word' id='word_1_5' title='bbox 844 848 1114 933; x_wconf 88' lang='lat' dir='ltr'><strong>praemittuntur,</strong></span> <span class='ocrx_word' id='word_1_6' title='bbox 1139 848 1250 932; x_wconf 89' lang='lat' dir='ltr'><strong>aliquo</strong></span> <span class='ocrx_word' id='word_1_7' title='bbox 1272 850 1475 915; x_wconf 89' lang='lat' dir='ltr'><strong>incommodo</strong></span> <span class='ocrx_word' id='word_1_8' title='bbox 1494 872 1573 915; x_wconf 90' lang='lat' dir='ltr'><strong>sane</strong></span> 
     </span>
     <span class='ocr_line' id='line_1_3' title="bbox 319 963 1573 1049; baseline 0.003 -22"><span class='ocrx_word' id='word_1_9' title='bbox 319 984 389 1027; x_wconf 91' lang='lat' dir='ltr'><strong>non</strong></span> <span class='ocrx_word' id='word_1_10' title='bbox 413 966 528 1039; x_wconf 88' lang='lat' dir='ltr'><strong>vacat,</strong></span> <span class='ocrx_word' id='word_1_11' title='bbox 560 984 634 1029; x_wconf 91' lang='lat' dir='ltr'><strong>cum</strong></span> <span class='ocrx_word' id='word_1_12' title='bbox 656 963 689 1029; x_wconf 94' lang='lat' dir='ltr'><strong>in</strong></span> <span class='ocrx_word' id='word_1_13' title='bbox 714 964 829 1030; x_wconf 92' lang='lat' dir='ltr'><strong>domus</strong></span> <span class='ocrx_word' id='word_1_14' title='bbox 858 964 1043 1049; x_wconf 88' lang='lat' dir='ltr'><strong>penetralia</strong></span> <span class='ocrx_word' id='word_1_15' title='bbox 1065 964 1202 1031; x_wconf 87' lang='lat' dir='ltr'><strong>introire</strong></span> <span class='ocrx_word' id='word_1_16' title='bbox 1226 964 1430 1049; x_wconf 89' lang='lat' dir='ltr'><strong>cupientibus</strong></span> <span class='ocrx_word' id='word_1_17' title='bbox 1454 964 1573 1031; x_wconf 88' lang='lat' dir='ltr'><strong>ostium</strong></span> 
     </span>
     <span class='ocr_line' id='line_1_4' title="bbox 319 1078 1574 1164; baseline 0 -21"><span class='ocrx_word' id='word_1_18' title='bbox 319 1083 476 1161; x_wconf 87' lang='lat' dir='ltr'><strong>apertum</strong></span> <span class='ocrx_word' id='word_1_19' title='bbox 500 1083 534 1145; x_wconf 86' lang='lat' dir='ltr'><strong>et</strong></span> <span class='ocrx_word' id='word_1_20' title='bbox 556 1083 676 1163; x_wconf 88' lang='lat' dir='ltr'><strong>patens</strong></span> <span class='ocrx_word' id='word_1_21' title='bbox 699 1080 806 1161; x_wconf 88' lang='lat' dir='ltr'><strong>magis</strong></span> <span class='ocrx_word' id='word_1_22' title='bbox 829 1079 976 1146; x_wconf 79' lang='lat' dir='ltr'>arrideat</span> <span class='ocrx_word' id='word_1_23' title='bbox 999 1100 1097 1162; x_wconf 90' lang='lat' dir='ltr'><strong>quam</strong></span> <span class='ocrx_word' id='word_1_24' title='bbox 1128 1078 1292 1164; x_wconf 86' lang='lat' dir='ltr'><strong>superatis</strong></span> <span class='ocrx_word' id='word_1_25' title='bbox 1315 1078 1406 1164; x_wconf 85' lang='lat' dir='ltr'><strong>prius</strong></span> <span class='ocrx_word' id='word_1_26' title='bbox 1430 1079 1574 1145; x_wconf 88' lang='lat' dir='ltr'><strong>obicibus</strong></span> 
     </span>
     <span class='ocr_line' id='line_1_5' title="bbox 318 1192 1574 1278; baseline 0.001 -21"><span class='ocrx_word' id='word_1_27' title='bbox 318 1192 488 1259; x_wconf 78' lang='lat' dir='ltr'><strong>laboriose</strong></span> <span class='ocrx_word' id='word_1_28' title='bbox 512 1193 732 1277; x_wconf 85' lang='lat' dir='ltr'><strong>aperiendum.</strong></span> <span class='ocrx_word' id='word_1_29' title='bbox 779 1193 990 1278; x_wconf 86' lang='lat' dir='ltr'><strong>Compensari</strong></span> <span class='ocrx_word' id='word_1_30' title='bbox 1022 1199 1133 1261; x_wconf 88' lang='lat' dir='ltr'><strong>autern</strong></span> <span class='ocrx_word' id='word_1_31' title='bbox 1157 1193 1314 1259; x_wconf 93' lang='lat' dir='ltr'><strong>eiusmodi</strong></span> <span class='ocrx_word' id='word_1_32' title='bbox 1338 1194 1574 1276; x_wconf 81' lang='lat' dir='ltr'>qualecumque</span> 
     </span>
    </p>
   </div>
   <div class='ocr_carea' id='block_1_3' title="bbox 319 1306 1578 4040">
    <p class='ocr_par' dir='ltr' id='par_1_3' title="bbox 319 1306 1577 2891">
     <span class='ocr_line' id='line_1_6' title="bbox 319 1306 1574 1393; baseline 0.001 -21"><span class='ocrx_word' id='word_1_33' title='bbox 319 1306 563 1373; x_wconf 88' lang='lat' dir='ltr'><strong>incommodum</strong></span> <span class='ocrx_word' id='word_1_34' title='bbox 594 1308 676 1374; x_wconf 89' lang='lat' dir='ltr'><strong>reali</strong></span> <span class='ocrx_word' id='word_1_35' title='bbox 705 1308 926 1375; x_wconf 86' lang='lat' dir='ltr'><strong>emolumento</strong></span> <span class='ocrx_word' id='word_1_36' title='bbox 950 1309 1091 1375; x_wconf 87' lang='lat' dir='ltr'><strong>videtur.</strong></span> <span class='ocrx_word' id='word_1_37' title='bbox 1137 1307 1224 1373; x_wconf 86' lang='lat' dir='ltr'><strong>Nam</strong></span> <span class='ocrx_word' id='word_1_38' title='bbox 1249 1308 1325 1390; x_wconf 89' lang='lat' dir='ltr'><strong>quia</strong></span> <span class='ocrx_word' id='word_1_39' title='bbox 1348 1306 1453 1373; x_wconf 91' lang='lat' dir='ltr'><strong>omnis</strong></span> <span class='ocrx_word' id='word_1_40' title='bbox 1474 1309 1574 1393; x_wconf 86' lang='lat' dir='ltr'><strong>philo-</strong></span> 
     </span>
     <span class='ocr_line' id='line_1_7' title="bbox 319 1421 1574 1507; baseline 0.002 -21"><span class='ocrx_word' id='word_1_41' title='bbox 319 1424 438 1506; x_wconf 82' lang='lat' dir='ltr'><strong>sophia</strong></span> <span class='ocrx_word' id='word_1_42' title='bbox 469 1424 618 1505; x_wconf 79' lang='lat' dir='ltr'><strong>moralis,</strong></span> <span class='ocrx_word' id='word_1_43' title='bbox 649 1421 712 1487; x_wconf 91' lang='lat' dir='ltr'><strong>nisi</strong></span> <span class='ocrx_word' id='word_1_44' title='bbox 734 1444 835 1488; x_wconf 84' lang='lat' dir='ltr'><strong>mera</strong></span> <span class='ocrx_word' id='word_1_45' title='bbox 864 1421 1022 1507; x_wconf 78' lang='lat' dir='ltr'><strong>empirica</strong></span> <span class='ocrx_word' id='word_1_46' title='bbox 1048 1422 1363 1505; x_wconf 86' lang='lat' dir='ltr'><strong>phaenomenologia</strong></span> <span class='ocrx_word' id='word_1_47' title='bbox 1386 1442 1459 1487; x_wconf 91' lang='lat' dir='ltr'><strong>esse</strong></span> <span class='ocrx_word' id='word_1_48' title='bbox 1482 1421 1574 1499; x_wconf 91' lang='lat' dir='ltr'><strong>velit,</strong></span> 
     </span>
     <span class='ocr_line' id='line_1_8' title="bbox 319 1536 1575 1623; baseline 0 -23"><span class='ocrx_word' id='word_1_49' title='bbox 319 1537 425 1603; x_wconf 85' lang='lat' dir='ltr'><strong>certis</strong></span> <span class='ocrx_word' id='word_1_50' title='bbox 448 1538 670 1623; x_wconf 75' lang='lat' dir='ltr'><strong>metaphysicis</strong></span> <span class='ocrx_word' id='word_1_51' title='bbox 694 1536 863 1620; x_wconf 83' lang='lat' dir='ltr'><strong>principiis</strong></span> <span class='ocrx_word' id='word_1_52' title='bbox 886 1536 1013 1603; x_wconf 76' lang='lat' dir='ltr'><strong>nitatur</strong></span> <span class='ocrx_word' id='word_1_53' title='bbox 1036 1540 1178 1621; x_wconf 90' lang='lat' dir='ltr'><strong>oportet,</strong></span> <span class='ocrx_word' id='word_1_54' title='bbox 1203 1557 1241 1601; x_wconf 91' lang='lat' dir='ltr'><strong>eo</strong></span> <span class='ocrx_word' id='word_1_55' title='bbox 1266 1536 1451 1621; x_wconf 78' lang='lat' dir='ltr'><strong>expeditius</strong></span> <span class='ocrx_word' id='word_1_56' title='bbox 1476 1540 1575 1619; x_wconf 84' lang='lat' dir='ltr'><strong>atque</strong></span> 
     </span>
     <span class='ocr_line' id='line_1_9' title="bbox 320 1650 1575 1737; baseline -0.001 -22"><span class='ocrx_word' id='word_1_57' title='bbox 320 1650 464 1717; x_wconf 90' lang='lat' dir='ltr'><strong>lucidius</strong></span> <span class='ocrx_word' id='word_1_58' title='bbox 487 1652 546 1717; x_wconf 89' lang='lat' dir='ltr'><strong>illa</strong></span> <span class='ocrx_word' id='word_1_59' title='bbox 568 1673 663 1717; x_wconf 91' lang='lat' dir='ltr'><strong>snum</strong></span> <span class='ocrx_word' id='word_1_60' title='bbox 679 1652 847 1737; x_wconf 90' lang='lat' dir='ltr'><strong>proprium</strong></span> <span class='ocrx_word' id='word_1_61' title='bbox 864 1652 1024 1718; x_wconf 86' lang='lat' dir='ltr'><strong>scientiae</strong></span> <span class='ocrx_word' id='word_1_62' title='bbox 1040 1672 1171 1717; x_wconf 92' lang='lat' dir='ltr'><strong>cursum</strong></span> <span class='ocrx_word' id='word_1_63' title='bbox 1187 1650 1340 1735; x_wconf 90' lang='lat' dir='ltr'><strong>prosequi</strong></span> <span class='ocrx_word' id='word_1_64' title='bbox 1355 1650 1487 1735; x_wconf 85' lang='lat' dir='ltr'><strong>poterit,</strong></span> <span class='ocrx_word' id='word_1_65' title='bbox 1512 1671 1575 1733; x_wconf 89' lang='lat' dir='ltr'><strong>quo</strong></span> 
     </span>
     <span class='ocr_line' id='line_1_10' title="bbox 320 1766 1575 1855; baseline 0 -24"><span class='ocrx_word' id='word_1_66' title='bbox 320 1768 433 1851; x_wconf 81' lang='lat' dir='ltr'><strong>magis</strong></span> <span class='ocrx_word' id='word_1_67' title='bbox 456 1772 589 1835; x_wconf 83' lang='lat' dir='ltr'><strong>aliunde</strong></span> <span class='ocrx_word' id='word_1_68' title='bbox 611 1769 825 1855; x_wconf 89' lang='lat' dir='ltr'><strong>supponenda</strong></span> <span class='ocrx_word' id='word_1_69' title='bbox 845 1766 1007 1853; x_wconf 87' lang='lat' dir='ltr'><strong>principia</strong></span> <span class='ocrx_word' id='word_1_70' title='bbox 1030 1766 1224 1833; x_wconf 88' lang='lat' dir='ltr'><strong>discentium</strong></span> <span class='ocrx_word' id='word_1_71' title='bbox 1248 1766 1365 1832; x_wconf 90' lang='lat' dir='ltr'><strong>animis</strong></span> <span class='ocrx_word' id='word_1_72' title='bbox 1387 1766 1575 1851; x_wconf 87' lang='lat' dir='ltr'><strong>praesentia</strong></span> 
     </span>
     <span class='ocr_line' id='line_1_11' title="bbox 320 1881 1574 1966; baseline 0.001 -19"><span class='ocrx_word' id='word_1_73' title='bbox 320 1882 458 1949; x_wconf 86' lang='lat' dir='ltr'><strong>fuerint.</strong></span> <span class='ocrx_word' id='word_1_74' title='bbox 506 1883 576 1949; x_wconf 90' lang='lat' dir='ltr'><strong>lam</strong></span> <span class='ocrx_word' id='word_1_75' title='bbox 599 1905 679 1949; x_wconf 90' lang='lat' dir='ltr'><strong>vero</strong></span> <span class='ocrx_word' id='word_1_76' title='bbox 703 1905 768 1950; x_wconf 92' lang='lat' dir='ltr'><strong>non</strong></span> <span class='ocrx_word' id='word_1_77' title='bbox 791 1905 878 1962; x_wconf 90' lang='lat' dir='ltr'><strong>raro,</strong></span> <span class='ocrx_word' id='word_1_78' title='bbox 902 1883 1001 1947; x_wconf 91' lang='lat' dir='ltr'><strong>immo</strong></span> <span class='ocrx_word' id='word_1_79' title='bbox 1025 1883 1217 1966; x_wconf 89' lang='lat' dir='ltr'><strong>plerumque</strong></span> <span class='ocrx_word' id='word_1_80' title='bbox 1241 1881 1369 1960; x_wconf 89' lang='lat' dir='ltr'><strong>accidit,</strong></span> <span class='ocrx_word' id='word_1_81' title='bbox 1395 1886 1431 1947; x_wconf 91' lang='lat' dir='ltr'><strong>ut</strong></span> <span class='ocrx_word' id='word_1_82' title='bbox 1455 1882 1508 1965; x_wconf 91' lang='lat' dir='ltr'><strong>qui</strong></span> <span class='ocrx_word' id='word_1_83' title='bbox 1533 1882 1574 1948; x_wconf 88' lang='lat' dir='ltr'><strong>ad</strong></span> 
     </span>
     <span class='ocr_line' id='line_1_12' title="bbox 320 1996 1575 2083; baseline -0.001 -21"><span class='ocrx_word' id='word_1_84' title='bbox 320 1997 566 2083; x_wconf 85' lang='lat' dir='ltr'><strong>philosophiam</strong></span> <span class='ocrx_word' id='word_1_85' title='bbox 589 2000 748 2065; x_wconf 89' lang='lat' dir='ltr'><strong>moralem</strong></span> <span class='ocrx_word' id='word_1_86' title='bbox 771 2000 912 2083; x_wconf 89' lang='lat' dir='ltr'><strong>primum</strong></span> <span class='ocrx_word' id='word_1_87' title='bbox 931 1997 1102 2075; x_wconf 89' lang='lat' dir='ltr'><strong>accedunt,</strong></span> <span class='ocrx_word' id='word_1_88' title='bbox 1127 2017 1333 2081; x_wconf 86' lang='lat' dir='ltr'><strong>nequaquam</strong></span> <span class='ocrx_word' id='word_1_89' title='bbox 1348 2000 1453 2064; x_wconf 90' lang='lat' dir='ltr'><strong>totam</strong></span> <span class='ocrx_word' id='word_1_90' title='bbox 1471 1996 1575 2081; x_wconf 91' lang='lat' dir='ltr'><strong>philo·</strong></span> 
     </span>
     <span class='ocr_line' id='line_1_13' title="bbox 321 2112 1575 2197; baseline -0.002 -18"><span class='ocrx_word' id='word_1_91' title='bbox 321 2113 475 2196; x_wconf 84' lang='lat' dir='ltr'><strong>sophiam</strong></span> <span class='ocrx_word' id='word_1_92' title='bbox 498 2114 714 2181; x_wconf 84' lang='lat' dir='ltr'><strong>theoreticam</strong></span> <span class='ocrx_word' id='word_1_93' title='bbox 736 2115 802 2179; x_wconf 90' lang='lat' dir='ltr'><strong>iam</strong></span> <span class='ocrx_word' id='word_1_94' title='bbox 826 2112 1029 2179; x_wconf 85' lang='lat' dir='ltr'><strong>absolverint</strong></span> <span class='ocrx_word' id='word_1_95' title='bbox 1053 2134 1158 2195; x_wconf 88' lang='lat' dir='ltr'><strong>neque</strong></span> <span class='ocrx_word' id='word_1_96' title='bbox 1180 2113 1245 2177; x_wconf 92' lang='lat' dir='ltr'><strong>illis</strong></span> <span class='ocrx_word' id='word_1_97' title='bbox 1268 2113 1348 2197; x_wconf 87' lang='lat' dir='ltr'><strong>ipsis</strong></span> <span class='ocrx_word' id='word_1_98' title='bbox 1372 2112 1575 2179; x_wconf 89' lang='lat' dir='ltr'><strong>documentis</strong></span> 
     </span>
     <span class='ocr_line' id='line_1_14' title="bbox 322 2226 1575 2313; baseline 0 -22"><span class='ocrx_word' id='word_1_99' title='bbox 322 2228 562 2311; x_wconf 88' lang='lat' dir='ltr'><strong>metaphysicis</strong></span> <span class='ocrx_word' id='word_1_100' title='bbox 590 2228 673 2295; x_wconf 90' lang='lat' dir='ltr'><strong>satis</strong></span> <span class='ocrx_word' id='word_1_101' title='bbox 702 2226 900 2313; x_wconf 87' lang='lat' dir='ltr'><strong>praemuniti</strong></span> <span class='ocrx_word' id='word_1_102' title='bbox 925 2227 1051 2292; x_wconf 90' lang='lat' dir='ltr'><strong>censeri</strong></span> <span class='ocrx_word' id='word_1_103' title='bbox 1076 2226 1214 2311; x_wconf 88' lang='lat' dir='ltr'><strong>possint.</strong></span> <span class='ocrx_word' id='word_1_104' title='bbox 1262 2227 1369 2305; x_wconf 89' lang='lat' dir='ltr'><strong>Quare</strong></span> <span class='ocrx_word' id='word_1_105' title='bbox 1392 2227 1575 2310; x_wconf 86' lang='lat' dir='ltr'><strong>generatim</strong></span> 
     </span>
     <span class='ocr_line' id='line_1_15' title="bbox 322 2341 1575 2428; baseline -0.002 -22"><span class='ocrx_word' id='word_1_106' title='bbox 322 2341 430 2426; x_wconf 90' lang='lat' dir='ltr'><strong>ipsius</strong></span> <span class='ocrx_word' id='word_1_107' title='bbox 452 2342 615 2408; x_wconf 89' lang='lat' dir='ltr'><strong>solidioris</strong></span> <span class='ocrx_word' id='word_1_108' title='bbox 644 2343 813 2428; x_wconf 88' lang='lat' dir='ltr'><strong>profectus</strong></span> <span class='ocrx_word' id='word_1_109' title='bbox 842 2342 876 2407; x_wconf 92' lang='lat' dir='ltr'><strong>in</strong></span> <span class='ocrx_word' id='word_1_110' title='bbox 900 2342 1040 2409; x_wconf 86' lang='lat' dir='ltr'><strong>scientia</strong></span> <span class='ocrx_word' id='word_1_111' title='bbox 1062 2342 1180 2407; x_wconf 89' lang='lat' dir='ltr'><strong>morali</strong></span> <span class='ocrx_word' id='word_1_112' title='bbox 1202 2343 1357 2421; x_wconf 91' lang='lat' dir='ltr'><strong>interest,</strong></span> <span class='ocrx_word' id='word_1_113' title='bbox 1389 2346 1425 2407; x_wconf 93' lang='lat' dir='ltr'><strong>ut</strong></span> <span class='ocrx_word' id='word_1_114' title='bbox 1454 2342 1519 2407; x_wconf 88' lang='lat' dir='ltr'><strong>ista</strong></span> <span class='ocrx_word' id='word_1_115' title='bbox 1543 2342 1575 2404; x_wconf 95' lang='lat' dir='ltr'><strong>in</strong></span> 
     </span>
     <span class='ocr_line' id='line_1_16' title="bbox 323 2457 1576 2543; baseline 0 -20"><span class='ocrx_word' id='word_1_116' title='bbox 323 2461 535 2523; x_wconf 86' lang='lat' dir='ltr'><strong>antecessum</strong></span> <span class='ocrx_word' id='word_1_117' title='bbox 565 2459 742 2525; x_wconf 89' lang='lat' dir='ltr'><strong>summario</strong></span> <span class='ocrx_word' id='word_1_118' title='bbox 773 2459 883 2541; x_wconf 83' lang='lat' dir='ltr'><strong>aliquo</strong></span> <span class='ocrx_word' id='word_1_119' title='bbox 907 2462 1086 2543; x_wconf 91' lang='lat' dir='ltr'><strong>conspectu</strong></span> <span class='ocrx_word' id='word_1_120' title='bbox 1114 2457 1347 2535; x_wconf 84' lang='lat' dir='ltr'><strong>exhibeantur;</strong></span> <span class='ocrx_word' id='word_1_121' title='bbox 1379 2478 1576 2541; x_wconf 88' lang='lat' dir='ltr'><strong>quamquam</strong></span> 
     </span>
     <span class='ocr_line' id='line_1_17' title="bbox 324 2572 1577 2658; baseline 0.001 -21"><span class='ocrx_word' id='word_1_122' title='bbox 324 2572 401 2655; x_wconf 91' lang='lat' dir='ltr'><strong>quis</strong></span> <span class='ocrx_word' id='word_1_123' title='bbox 424 2573 457 2637; x_wconf 91' lang='lat' dir='ltr'><strong>in</strong></span> <span class='ocrx_word' id='word_1_124' title='bbox 480 2573 674 2657; x_wconf 89' lang='lat' dir='ltr'><strong>particulari</strong></span> <span class='ocrx_word' id='word_1_125' title='bbox 697 2595 810 2639; x_wconf 89' lang='lat' dir='ltr'><strong>eorum</strong></span> <span class='ocrx_word' id='word_1_126' title='bbox 834 2595 913 2639; x_wconf 89' lang='lat' dir='ltr'><strong>usus</strong></span> <span class='ocrx_word' id='word_1_127' title='bbox 932 2573 1138 2639; x_wconf 88' lang='lat' dir='ltr'><strong>necessarius</strong></span> <span class='ocrx_word' id='word_1_128' title='bbox 1155 2574 1207 2638; x_wconf 92' lang='lat' dir='ltr'><strong>vel</strong></span> <span class='ocrx_word' id='word_1_129' title='bbox 1225 2578 1437 2658; x_wconf 86' lang='lat' dir='ltr'><strong>opportunus,</strong></span> <span class='ocrx_word' id='word_1_130' title='bbox 1462 2594 1527 2655; x_wconf 88' lang='lat' dir='ltr'><strong>qua</strong></span> <span class='ocrx_word' id='word_1_131' title='bbox 1543 2577 1577 2638; x_wconf 92' lang='lat' dir='ltr'><strong>et</strong></span> 
     </span>
     <span class='ocr_line' id='line_1_18' title="bbox 323 2689 1575 2775; baseline -0.001 -19"><span class='ocrx_word' id='word_1_132' title='bbox 323 2696 452 2775; x_wconf 88' lang='lat' dir='ltr'><strong>quanta</strong></span> <span class='ocrx_word' id='word_1_133' title='bbox 482 2690 583 2757; x_wconf 86' lang='lat' dir='ltr'><strong>etiarn</strong></span> <span class='ocrx_word' id='word_1_134' title='bbox 615 2711 727 2757; x_wconf 87' lang='lat' dir='ltr'><strong>eorum</strong></span> <span class='ocrx_word' id='word_1_135' title='bbox 757 2690 907 2756; x_wconf 90' lang='lat' dir='ltr'><strong>uberiore</strong></span> <span class='ocrx_word' id='word_1_136' title='bbox 938 2691 1173 2775; x_wconf 88' lang='lat' dir='ltr'><strong>explanatione</strong></span> <span class='ocrx_word' id='word_1_137' title='bbox 1205 2690 1380 2771; x_wconf 90' lang='lat' dir='ltr'><strong>aliquando</strong></span> <span class='ocrx_word' id='word_1_138' title='bbox 1410 2711 1491 2773; x_wconf 93' lang='lat' dir='ltr'><strong>opus</strong></span> <span class='ocrx_word' id='word_1_139' title='bbox 1521 2689 1575 2765; x_wconf 90' lang='lat' dir='ltr'><strong>sit,</strong></span> 
     </span>
     <span class='ocr_line' id='line_1_19' title="bbox 324 2804 1277 2891; baseline 0.001 -20"><span class='ocrx_word' id='word_1_140' title='bbox 324 2806 480 2891; x_wconf 89' lang='lat' dir='ltr'><strong>prudenti</strong></span> <span class='ocrx_word' id='word_1_141' title='bbox 505 2806 689 2871; x_wconf 90' lang='lat' dir='ltr'><strong>docentium</strong></span> <span class='ocrx_word' id='word_1_142' title='bbox 713 2806 833 2871; x_wconf 92' lang='lat' dir='ltr'><strong>iudicio</strong></span> <span class='ocrx_word' id='word_1_143' title='bbox 856 2805 1113 2889; x_wconf 90' lang='lat' dir='ltr'><strong>permittendum</strong></span> <span class='ocrx_word' id='word_1_144' title='bbox 1138 2804 1277 2873; x_wconf 84' lang='lat' dir='ltr'><strong>videtur.</strong></span> 
     </span>
    </p>

    <p class='ocr_par' dir='ltr' id='par_1_4' title="bbox 324 2919 1578 3693">
     <span class='ocr_line' id='line_1_20' title="bbox 418 2919 1577 3005; baseline -0.004 -18"><span class='ocrx_word' id='word_1_145' title='bbox 418 2921 610 3005; x_wconf 87' lang='lat' dir='ltr'><strong>Opportune</strong></span> <span class='ocrx_word' id='word_1_146' title='bbox 641 2920 781 3003; x_wconf 90' lang='lat' dir='ltr'><strong>denique</strong></span> <span class='ocrx_word' id='word_1_147' title='bbox 810 2920 844 2985; x_wconf 94' lang='lat' dir='ltr'><strong>in</strong></span> <span class='ocrx_word' id='word_1_148' title='bbox 874 2921 1056 2987; x_wconf 90' lang='lat' dir='ltr'><strong>utilitatem</strong></span> <span class='ocrx_word' id='word_1_149' title='bbox 1080 2942 1203 2997; x_wconf 91' lang='lat' dir='ltr'><strong>eorum,</strong></span> <span class='ocrx_word' id='word_1_150' title='bbox 1235 2919 1289 3002; x_wconf 89' lang='lat' dir='ltr'><strong>qui</strong></span> <span class='ocrx_word' id='word_1_151' title='bbox 1314 2919 1414 2986; x_wconf 88' lang='lat' dir='ltr'><strong>Parte</strong></span> <span class='ocrx_word' id='word_1_152' title='bbox 1437 2919 1469 2984; x_wconf 88' lang='grc' dir='ltr'><strong>ΙΙ</strong></span> <span class='ocrx_word' id='word_1_153' title='bbox 1498 2920 1577 2997; x_wconf 87' lang='lat' dir='ltr'><strong>,Jus</strong></span> 
     </span>
     <span class='ocr_line' id='line_1_21' title="bbox 324 3033 1576 3119; baseline -0.002 -18"><span class='ocrx_word' id='word_1_154' title='bbox 324 3038 468 3101; x_wconf 89' lang='lat' dir='ltr'><strong>naturae</strong></span> <span class='ocrx_word' id='word_1_155' title='bbox 491 3035 653 3119; x_wconf 81' lang='lat' dir='ltr'><strong>speciale“</strong></span> <span class='ocrx_word' id='word_1_156' title='bbox 680 3033 799 3119; x_wconf 83' lang='lat'>(1900)</span> <span class='ocrx_word' id='word_1_157' title='bbox 823 3040 972 3113; x_wconf 91' lang='lat' dir='ltr'><strong>utuntur,</strong></span> <span class='ocrx_word' id='word_1_158' title='bbox 997 3034 1164 3119; x_wconf 87' lang='lat' dir='ltr'><strong>provisum</strong></span> <span class='ocrx_word' id='word_1_159' title='bbox 1189 3039 1250 3112; x_wconf 91' lang='lat' dir='ltr'><strong>est,</strong></span> <span class='ocrx_word' id='word_1_160' title='bbox 1282 3038 1320 3099; x_wconf 87' lang='lat' dir='ltr'><strong>ut</strong></span> <span class='ocrx_word' id='word_1_161' title='bbox 1342 3038 1469 3101; x_wconf 81' lang='lat' dir='ltr'><strong>numeri</strong></span> <span class='ocrx_word' id='word_1_162' title='bbox 1491 3058 1576 3100; x_wconf 73' lang='lat' dir='ltr'><strong>anac-</strong></span> 
     </span>
     <span class='ocr_line' id='line_1_22' title="bbox 324 3149 1577 3238; baseline 0 -21"><span class='ocrx_word' id='word_1_163' title='bbox 324 3154 451 3238; x_wconf 68' lang='lat' dir='ltr'><strong>oincles</strong></span> <span class='ocrx_word' id='word_1_164' title='bbox 482 3149 638 3227; x_wconf 88' lang='lat' dir='ltr'><strong>universi,</strong></span> <span class='ocrx_word' id='word_1_165' title='bbox 672 3151 727 3232; x_wconf 92' lang='lat' dir='ltr'><strong>qui</strong></span> <span class='ocrx_word' id='word_1_166' title='bbox 756 3150 916 3218; x_wconf 88' lang='lat' dir='ltr'><strong>hactenus</strong></span> <span class='ocrx_word' id='word_1_167' title='bbox 945 3151 980 3215; x_wconf 94' lang='lat' dir='ltr'><strong>in</strong></span> <span class='ocrx_word' id='word_1_168' title='bbox 1005 3150 1104 3217; x_wconf 86' lang='lat' dir='ltr'><strong>Parte</strong></span> <span class='ocrx_word' id='word_1_169' title='bbox 1127 3150 1143 3215; x_wconf 94' lang='lat' dir='ltr'>I</span> <span class='ocrx_word' id='word_1_170' title='bbox 1173 3155 1306 3235; x_wconf 87' lang='lat' dir='ltr'><strong>praeter</strong></span> <span class='ocrx_word' id='word_1_171' title='bbox 1335 3172 1488 3217; x_wconf 90' lang='lat' dir='ltr'><strong>numeros</strong></span> <span class='ocrx_word' id='word_1_172' title='bbox 1517 3173 1577 3235; x_wconf 90' lang='lat' dir='ltr'><strong>pa·</strong></span> 
     </span>
     <span class='ocr_line' id='line_1_23' title="bbox 326 3264 1578 3349; baseline 0 -20"><span class='ocrx_word' id='word_1_173' title='bbox 326 3264 479 3347; x_wconf 84' lang='lat' dir='ltr'><strong>ginarum</strong></span> <span class='ocrx_word' id='word_1_174' title='bbox 511 3264 552 3329; x_wconf 90' lang='lat' dir='ltr'><strong>ad</strong></span> <span class='ocrx_word' id='word_1_175' title='bbox 584 3270 662 3349; x_wconf 86' lang='lat' dir='ltr'><strong>apte</strong></span> <span class='ocrx_word' id='word_1_176' title='bbox 685 3264 881 3347; x_wconf 85' lang='lat' dir='ltr'><strong>signandum</strong></span> <span class='ocrx_word' id='word_1_177' title='bbox 906 3286 1015 3329; x_wconf 88' lang='lat' dir='ltr'><strong>rerum</strong></span> <span class='ocrx_word' id='word_1_178' title='bbox 1040 3269 1074 3331; x_wconf 92' lang='lat' dir='ltr'><strong>et</strong></span> <span class='ocrx_word' id='word_1_179' title='bbox 1098 3264 1256 3331; x_wconf 89' lang='lat' dir='ltr'><strong>orationis</strong></span> <span class='ocrx_word' id='word_1_180' title='bbox 1280 3265 1450 3331; x_wconf 90' lang='lat' dir='ltr'><strong>decursum</strong></span> <span class='ocrx_word' id='word_1_181' title='bbox 1474 3264 1578 3330; x_wconf 90' lang='lat' dir='ltr'><strong>inser-</strong></span> 
     </span>
     <span class='ocr_line' id='line_1_24' title="bbox 325 3379 1577 3465; baseline 0.002 -21"><span class='ocrx_word' id='word_1_182' title='bbox 325 3380 475 3454; x_wconf 88' lang='lat' dir='ltr'><strong>viebant,</strong></span> <span class='ocrx_word' id='word_1_183' title='bbox 508 3384 542 3445; x_wconf 89' lang='lat' dir='ltr'><strong>et</strong></span> <span class='ocrx_word' id='word_1_184' title='bbox 572 3380 628 3462; x_wconf 89' lang='lat' dir='ltr'><strong>qui</strong></span> <span class='ocrx_word' id='word_1_185' title='bbox 651 3379 684 3444; x_wconf 92' lang='lat' dir='ltr'><strong>in</strong></span> <span class='ocrx_word' id='word_1_186' title='bbox 709 3379 809 3446; x_wconf 83' lang='lat' dir='ltr'><strong>Parte</strong></span> <span class='ocrx_word' id='word_1_187' title='bbox 833 3380 865 3444; x_wconf 92' lang='lat' dir='ltr'><strong>II</strong></span> <span class='ocrx_word' id='word_1_188' title='bbox 886 3380 1073 3465; x_wconf 80' lang='lat' dir='ltr'><strong>frequenter</strong></span> <span class='ocrx_word' id='word_1_189' title='bbox 1096 3382 1192 3445; x_wconf 80' lang='lat' dir='ltr'><strong>citari</strong></span> <span class='ocrx_word' id='word_1_190' title='bbox 1215 3390 1270 3445; x_wconf 83' lang='lat' dir='ltr'><strong>aut</strong></span> <span class='ocrx_word' id='word_1_191' title='bbox 1293 3384 1438 3446; x_wconf 80' lang='lat' dir='ltr'><strong>invocari</strong></span> <span class='ocrx_word' id='word_1_192' title='bbox 1460 3380 1577 3458; x_wconf 87' lang='lat' dir='ltr'><strong>solent,</strong></span> 
     </span>
     <span class='ocr_line' id='line_1_25' title="bbox 326 3494 1578 3587; baseline -0.003 -26"><span class='ocrx_word' id='word_1_193' title='bbox 326 3496 365 3561; x_wconf 91' lang='lat' dir='ltr'><strong>in</strong></span> <span class='ocrx_word' id='word_1_194' title='bbox 386 3495 459 3587; x_wconf 47' lang='lat' dir='ltr'><strong>hac·</strong></span> <span class='ocrx_word' id='word_1_195' title='bbox 473 3516 560 3560; x_wconf 89' lang='lat' dir='ltr'><strong>nova</strong></span> <span class='ocrx_word' id='word_1_196' title='bbox 584 3516 712 3577; x_wconf 91' lang='lat' dir='ltr'><strong>quoque</strong></span> <span class='ocrx_word' id='word_1_197' title='bbox 735 3494 880 3562; x_wconf 90' lang='lat' dir='ltr'><strong>editione</strong></span> <span class='ocrx_word' id='word_1_198' title='bbox 903 3495 1015 3561; x_wconf 86' lang='lat' dir='ltr'><strong>Partis</strong></span> <span class='ocrx_word' id='word_1_199' title='bbox 1039 3496 1054 3559; x_wconf 94' lang='grc' dir='ltr'>Ι</span> <span class='ocrx_word' id='word_1_200' title='bbox 1078 3496 1202 3577; x_wconf 87' lang='lat' dir='ltr'><strong>absque</strong></span> <span class='ocrx_word' id='word_1_201' title='bbox 1225 3495 1291 3561; x_wconf 91' lang='lat' dir='ltr'><strong>ulla</strong></span> <span class='ocrx_word' id='word_1_202' title='bbox 1315 3515 1424 3560; x_wconf 89' lang='lat' dir='ltr'><strong>rerum</strong></span> <span class='ocrx_word' id='word_1_203' title='bbox 1448 3498 1578 3578; x_wconf 89' lang='lat' dir='ltr'><strong>pertur-</strong></span> 
     </span>
     <span class='ocr_line' id='line_1_26' title="bbox 326 3609 1441 3693; baseline -0.003 -16"><span class='ocrx_word' id='word_1_204' title='bbox 326 3610 463 3677; x_wconf 85' lang='lat' dir='ltr'><strong>batione</strong></span> <span class='ocrx_word' id='word_1_205' title='bbox 486 3609 608 3692; x_wconf 80' lang='lat' dir='ltr'><strong>singuli</strong></span> <span class='ocrx_word' id='word_1_206' title='bbox 631 3609 664 3673; x_wconf 94' lang='lat' dir='ltr'><strong>in</strong></span> <span class='ocrx_word' id='word_1_207' title='bbox 687 3632 746 3675; x_wconf 90' lang='lat' dir='ltr'><strong>suo</strong></span> <span class='ocrx_word' id='word_1_208' title='bbox 769 3610 958 3693; x_wconf 85' lang='lat' dir='ltr'><strong>respective</strong></span> <span class='ocrx_word' id='word_1_209' title='bbox 982 3610 1054 3675; x_wconf 92' lang='lat' dir='ltr'><strong>loco</strong></span> <span class='ocrx_word' id='word_1_210' title='bbox 1078 3610 1195 3677; x_wconf 88' lang='lat' dir='ltr'><strong>intacti</strong></span> <span class='ocrx_word' id='word_1_211' title='bbox 1219 3614 1441 3676; x_wconf 88' lang='lat' dir='ltr'><strong>servarentur.</strong></span> 
     </span>
    </p>

    <p class='ocr_par' dir='ltr' id='par_1_5' title="bbox 327 3716 1578 4040">
     <span class='ocr_line' id='line_1_27' title="bbox 419 3716 1577 3811; baseline 0 -21"><span class='ocrx_word' id='word_1_212' title='bbox 419 3725 542 3802; x_wconf 84' lang='lat' dir='ltr'><strong>Quibus</strong></span> <span class='ocrx_word' id='word_1_213' title='bbox 557 3716 772 3809; x_wconf 85' lang='lat' dir='ltr'><strong>praemonitis</strong></span> <span class='ocrx_word' id='word_1_214' title='bbox 787 3746 852 3790; x_wconf 92' lang='lat' dir='ltr'><strong>non</strong></span> <span class='ocrx_word' id='word_1_215' title='bbox 868 3730 1027 3805; x_wconf 85' lang='lat' dir='ltr'><strong>remanet,</strong></span> <span class='ocrx_word' id='word_1_216' title='bbox 1045 3726 1107 3791; x_wconf 94' lang='lat' dir='ltr'><strong>nisi</strong></span> <span class='ocrx_word' id='word_1_217' title='bbox 1123 3728 1161 3791; x_wconf 92' lang='lat' dir='ltr'><strong>ut</strong></span> <span class='ocrx_word' id='word_1_218' title='bbox 1176 3747 1195 3790; x_wconf 91' lang='lat' dir='ltr'><strong>a</strong></span> <span class='ocrx_word' id='word_1_219' title='bbox 1208 3727 1278 3791; x_wconf 91' lang='lat' dir='ltr'><strong>Deo</strong></span> <span class='ocrx_word' id='word_1_220' title='bbox 1295 3725 1418 3811; x_wconf 89' lang='lat' dir='ltr'><strong>optimo</strong></span> <span class='ocrx_word' id='word_1_221' title='bbox 1434 3725 1577 3791; x_wconf 87' lang='lat' dir='ltr'><strong>maximo</strong></span> 
     </span>
     <span class='ocr_line' id='line_1_28' title="bbox 327 3838 1578 3925; baseline -0.003 -17"><span class='ocrx_word' id='word_1_222' title='bbox 327 3842 474 3925; x_wconf 77' lang='lat' dir='ltr'><strong>gratiam</strong></span> <span class='ocrx_word' id='word_1_223' title='bbox 497 3840 662 3924; x_wconf 90' lang='lat' dir='ltr'><strong>supplices</strong></span> <span class='ocrx_word' id='word_1_224' title='bbox 685 3840 917 3922; x_wconf 84' lang='lat' dir='ltr'><strong>efflagitemus,</strong></span> <span class='ocrx_word' id='word_1_225' title='bbox 942 3846 981 3909; x_wconf 90' lang='lat' dir='ltr'><strong>ut</strong></span> <span class='ocrx_word' id='word_1_226' title='bbox 1004 3844 1039 3906; x_wconf 91' lang='lat' dir='ltr'><strong>et</strong></span> <span class='ocrx_word' id='word_1_227' title='bbox 1062 3842 1153 3925; x_wconf 91' lang='lat' dir='ltr'><strong>operi</strong></span> <span class='ocrx_word' id='word_1_228' title='bbox 1169 3844 1204 3905; x_wconf 94' lang='lat' dir='ltr'><strong>et</strong></span> <span class='ocrx_word' id='word_1_229' title='bbox 1219 3838 1420 3905; x_wconf 91' lang='lat' dir='ltr'><strong>nobilissimo</strong></span> <span class='ocrx_word' id='word_1_230' title='bbox 1435 3840 1501 3918; x_wconf 90' lang='lat' dir='ltr'><strong>fini,</strong></span> <span class='ocrx_word' id='word_1_231' title='bbox 1527 3840 1578 3905; x_wconf 91' lang='lat' dir='ltr'><strong>cni</strong></span> 
     </span>
     <span class='ocr_line' id='line_1_29' title="bbox 329 3955 1444 4040; baseline -0.003 -18"><span class='ocrx_word' id='word_1_232' title='bbox 329 3956 499 4023; x_wconf 77' lang='lat' dir='ltr'><strong>deservire</strong></span> <span class='ocrx_word' id='word_1_233' title='bbox 523 3955 701 4034; x_wconf 88' lang='lat' dir='ltr'><strong>contendit,</strong></span> <span class='ocrx_word' id='word_1_234' title='bbox 725 3977 869 4040; x_wconf 85' lang='lat' dir='ltr'><strong>superna</strong></span> <span class='ocrx_word' id='word_1_235' title='bbox 893 3956 1119 4024; x_wconf 90' lang='lat' dir='ltr'><strong>benedictione</strong></span> <span class='ocrx_word' id='word_1_236' title='bbox 1142 3956 1258 4021; x_wconf 90' lang='lat' dir='ltr'><strong>adesse</strong></span> <span class='ocrx_word' id='word_1_237' title='bbox 1281 3955 1444 4037; x_wconf 83' lang='lat' dir='ltr'><strong>dignetur.</strong></span> 
     </span>
    </p>
   </div>
   <div class='ocr_carea' id='block_1_4' title="bbox 422 4150 1014 4229">
    <p class='ocr_par' dir='ltr' id='par_1_6' title="bbox 422 4150 1014 4229">
     <span class='ocr_line' id='line_1_30' title="bbox 422 4150 1014 4229; baseline -0.002 -12"><span class='ocrx_word' id='word_1_238' title='bbox 422 4153 633 4229; x_wconf 83' lang='lat' dir='ltr'><strong>Exaeten,</strong></span> <span class='ocrx_word' id='word_1_239' title='bbox 658 4150 710 4215; x_wconf 91' lang='lat' dir='ltr'><strong>die</strong></span> <span class='ocrx_word' id='word_1_240' title='bbox 734 4154 755 4215; x_wconf 86' lang='grc'>4</span> <span class='ocrx_word' id='word_1_241' title='bbox 779 4150 892 4216; x_wconf 89' lang='lat' dir='ltr'><strong>Martii</strong></span> <span class='ocrx_word' id='word_1_242' title='bbox 918 4153 1014 4216; x_wconf 87' lang='grc'><strong>1906.</strong></span> 
     </span>
    </p>
   </div>
   <div class='ocr_carea' id='block_1_5' title="bbox 0 0 1977 5842">
    <p class='ocr_par' dir='ltr' id='par_1_7' title="bbox 0 0 1977 5842">
     <span class='ocr_line' id='line_1_31' title="bbox 0 0 1977 5842; baseline 0 0"><span class='ocrx_word' id='word_1_243' title='bbox 0 0 1977 5842; x_wconf 95' lang='lat' dir='ltr'><strong> </strong></span> 
     </span>
    </p>
   </div>
  </div>
 </body>
</html>
