3909 5842
413 638 480 676 ων
946 623 1126 679 Prooemium.

413 800 573 867 Fontibus
597 799 671 865 dein
694 798 920 883 philosophiae
943 800 1171 879 scholasticae,
1196 799 1354 883 imprimis
1378 800 1410 866 S.
1428 799 1596 865 Thomas
1612 796 1682 879 Aa,

412 907 514 974 latius
536 905 662 989 apertis
686 908 787 988 atque
810 905 844 970 in
867 927 962 972 usum
987 907 1168 973 studiorum
1194 905 1353 990 receptis,
1379 926 1457 971 mox
1487 903 1684 987 complures

410 1014 477 1080 iam
499 1013 672 1079 laetissimi
695 1013 823 1079 fructus
840 1034 882 1078 ex
897 1013 964 1079 illis
979 1013 1139 1081 maturati
1155 1018 1241 1079 sunt.
1273 1013 1320 1077 Et
1334 1011 1532 1096 practicam
1551 1009 1685 1093 quidem

411 1118 651 1204 philosophiam
675 1117 862 1184 universam
879 1118 1048 1185 volumina
1071 1118 1249 1195 illustrant,
1275 1138 1359 1201 quae
1382 1117 1416 1181 in
1440 1114 1686 1182 defensionem

414 1225 566 1293 veritatis
597 1223 797 1291 christianae
829 1224 932 1292 edidit
963 1227 1002 1291 A.
1035 1228 1081 1291 M.
1114 1226 1214 1291 Weiss
1245 1222 1282 1289 O.
1315 1224 1368 1301 P.,
1406 1222 1593 1307 Apologia
1632 1222 1687 1285 des

412 1332 652 1397 Christentums
674 1350 751 1395 vom
769 1329 981 1414 Standpunkt
1005 1329 1064 1394 der
1080 1329 1164 1395 Sitte
1180 1329 1247 1393 und
1264 1329 1386 1394 Kultur
1402 1328 1503 1411 (tomi
1525 1327 1562 1391 V
1582 1327 1638 1393 ed.
1658 1329 1686 1409 3,

417 1435 797 1518 1894,1ed.4,1905).
832 1435 990 1502 Similiter
1005 1440 1045 1502 A.
1063 1437 1176 1519 siccat,
1201 1436 1270 1501 Das
1287 1435 1520 1501 Christentum
1544 1432 1622 1499 und
1638 1433 1689 1497 die

413 1564 551 1627 grossen
580 1544 712 1625 Fragen
742 1542 801 1607 der
831 1542 1034 1624 Gegenwart
1064 1540 1159 1625 (tomi
1187 1541 1235 1607 III
1267 1540 1378 1624 1879).
1432 1542 1540 1607 Adde
1580 1560 1688 1623 grave

412 1651 509 1715 rebus
540 1649 730 1733 opusculum
753 1650 957 1734 Reuninper,
988 1647 1050 1714 Die
1082 1647 1272 1731 Grnndlage
1303 1648 1518 1714 christlicher
1555 1646 1690 1712 Politik

413 1754 540 1837 (1879).
572 1790 616 1799 -
646 1754 743 1819 Haud
774 1775 890 1838 parurn
919 1754 1074 1838 deinceps
1098 1754 1140 1820 ad
1164 1755 1384 1821 restauranda
1407 1754 1584 1820 et'latius
1610 1773 1688 1837 pro·

412 1860 1125 1945 pagandachristianaephilosophiaeetiam
1137 1860 1689 1945 moralisprincipiacontulerunt

412 1968 596 2051 complures
626 1966 718 2043 libri,
748 1968 869 2051 partim
900 1968 1025 2033 directe
1050 1968 1092 2033 ad
1115 1968 1298 2034 studiosam
1328 1968 1542 2035 iuventutem
1580 1968 1620 2033 in
1651 1988 1687 2031 re

414 2073 639 2157 philosophica
661 2073 793 2138 uberius
808 2073 1056 2153 instituendam,
1080 2074 1202 2159 partim
1219 2075 1261 2140 ad
1277 2074 1415 2140 idealem
1433 2078 1468 2140 et
1483 2073 1685 2159 practicam

414 2178 574 2245 eiusmodi
603 2178 784 2245 studiorum
814 2179 1027 2245 directionem
1059 2180 1306 2247 accommodati.
1354 2181 1425 2257 Qua
1454 2182 1488 2246 in
1520 2203 1564 2246 re
1591 2180 1686 2245 inter

414 2286 499 2351 bene
521 2286 657 2351 meritos
673 2285 852 2369 scriptores
866 2286 1028 2370 imprimis
1043 2286 1232 2353 nominandi
1248 2292 1341 2353 sunt:
1365 2291 1406 2355 A.
1423 2290 1541 2371 Stdclcl,
1572 2286 1683 2353 Labr-

416 2392 501 2457 buch
517 2391 575 2456 der
590 2391 800 2475 Philosophie
816 2391 911 2473 (tomi
926 2392 974 2458 ΠΙ
991 2393 1040 2460 ed.
1060 2396 1089 2471 7,
1117 2394 1227 2475 1892),
1253 2396 1286 2459 0.
1305 2393 1476 2475 Gutberiet,
1492 2390 1683 2459 Lehrbuch

417 2500 476 2564 der
494 2497 704 2582 Philosophie
728 2498 824 2579 (tomi
838 2498 886 2563 VI
904 2500 1134 2577 1878-1884,
1159 2500 1210 2565 ed.
1228 2502 1259 2577 3,
1286 2497 1539 2581 1896—1900);
1569 2496 1680 2564 Ethik

416 2606 483 2670 und
498 2605 702 2671 Naturrecht
717 2604 781 2685 (ed.
800 2609 830 2683 3,
851 2606 966 2688 1901);
984 2606 1087 2673 Ethik
1103 2607 1169 2671 und
1185 2604 1336 2688 Religion
1353 2603 1480 2687 (1893).
1492 2643 1537 2653 -
1549 2606 1680 2671 Totam

417 2733 546 2794 quoque
574 2712 734 2777 moralem
762 2712 1002 2796 philosophiam
1027 2712 1186 2779 'idiomate
1209 2712 1312 2778 latino
1336 2716 1371 2779 et
1393 2712 1549 2779 methodo
1577 2712 1679 2778 scho-

417 2818 536 2884 lastica
559 2818 751 2902 complexus
775 2823 827 2884 est
851 2819 944 2885 Costa
963 2820 1084 2886 Rosetti
1100 2820 1131 2885 S.
1149 2818 1191 2897 J.‚
1216 2818 1426 2903 Philosophia
1448 2820 1591 2883 moralis
1617 2836 1678 2882 seu

413 2924 643 2991 institutiones
665 2923 803 2990 Ethicae
827 2930 861 2991 et
876 2924 960 2990 Iuris
983 2924 1145 2992 naturalis
1169 2924 1281 3007 (1886,
1299 2924 1349 2990 ed.
1367 2928 1398 3002 2,
1419 2922 1536 3005 1892);
1563 2926 1677 2990 Victor

419 3032 572 3097 Cotbrein
593 3030 626 3097 S.
642 3030 685 3107 J.‚
710 3030 1019 3115 Moralphilosophie
1035 3030 1130 3113 (tomi
1154 3030 1184 3095 II
1211 3032 1305 3109 1890,
1330 3030 1381 3097 ed.
1399 3033 1430 3109 4,
1457 3030 1576 3112 1904);
1605 3031 1677 3095 Der

417 3136 628 3203 Sozialismus
650 3135 764 3218 (1890,
788 3137 839 3204 ed.
863 3139 894 3216 8,
921 3138 1031 3220 1903).
1056 3176 1099 3185 -
1123 3136 1245 3214 Quibus
1270 3136 1419 3203 addimus
1441 3137 1592 3221 practice
1618 3156 1675 3201 oo·

416 3248 554 3326 gnatum
578 3264 660 3327 opus
683 3244 717 3309 J.
742 3245 935 3310 Biederlaclc
958 3244 990 3310 S.
1008 3244 1028 3308 J
1032 3293 1050 3322 .,
1075 3243 1266 3325 Einlcitung
1288 3243 1322 3307 in
1346 3243 1397 3308 die
1421 3242 1542 3308 soziale
1558 3243 1674 3324 Frage

415 3349 527 3431 (1895,
545 3351 595 3416 ed.
614 3354 644 3429 6,
664 3350 775 3431 1904).
804 3350 960 3416 Similiter
976 3350 1082 3415 eidem
1098 3350 1212 3416 sociali
1227 3350 1424 3435 problemati
1439 3371 1483 3415 ex
1498 3348 1673 3434 principiis

413 3456 641 3542 philosophiae
672 3457 872 3523 christianae
902 3456 1120 3536 dilucidando,
1151 3458 1271 3541 partim
1296 3461 1477 3541 praeeunte
1500 3456 1670 3541 periodico

419 3562 596 3639 „Stimmen
629 3584 691 3629 aus
720 3562 988 3642 Maria-Laach“‚
1019 3586 1040 3629 a
1062 3563 1168 3629 tribus
1191 3563 1262 3629 fere
1286 3564 1450 3630 decenniis
1480 3564 1670 3648 complures

412 3668 592 3752 scriptores
616 3668 771 3735 catholici
794 3668 908 3735 utilem
932 3688 1065 3752 operam
1090 3676 1265 3735 naverunt.

515 4039 601 4124 III.
632 4040 696 4122 Ile
723 4040 962 4123 universae
990 4039 1307 4144 philosophiae
1333 4043 1559 4146 practicae

906 4171 1166 4275 partitione.

443 4362 467 4432 l.
489 4360 534 4433 Ile
556 4361 647 4434 nodo
670 4362 802 4455 vulgari
826 4383 896 4437 ean
919 4364 1082 4438 diridsmi
1104 4364 1137 4436 in
1161 4366 1310 4440 litbioan
1334 4370 1369 4441 et
1390 4369 1446 4441 Ins
1469 4368 1633 4443 naturale.

501 4514 556 4579 lus
591 4535 649 4598 pro
684 4515 759 4597 lege
789 4515 843 4579 vel
875 4536 935 4599 pro
968 4516 1055 4583 iusto
1086 4520 1271 4599 generatim
1301 4518 1500 4603 accipientes
1531 4528 1662 4590 veteres

412 4641 542 4685 omnem
565 4620 806 4703 legislationem
830 4622 1015 4688 naturalem
1040 4644 1105 4705 qua
1127 4624 1196 4691 late
1218 4629 1321 4709 patet,
1346 4626 1418 4692 sive
1433 4627 1557 4694 ordinis
1573 4650 1662 4695 mere
1773 4678 1775 4709 3

411 4727 511 4793 ethici
526 4726 598 4793 sive
612 4727 750 4805 iuridici,
779 4728 852 4805 „Ins
868 4732 1025 4794 natura&
1047 4730 1209 4810 dicebant,
1235 4754 1337 4814 quare
1353 4738 1387 4799 et
1409 4733 1567 4801 scientiae
1582 4736 1661 4802 iuris
1776 4786 1777 4793 1

412 4833 574 4899 naturalis
586 4834 716 4900 nomine
729 4834 918 4899 universam
929 4835 1169 4919 philosophiam
1181 4838 1339 4903 moralem
1350 4842 1660 4924 complectebantur.
1772 4830 1774 4872 3

414 4940 499 5006 Iuris
523 4942 685 5007 naturalis
709 4942 750 5006 ab
775 4942 884 5008 ethica
907 4942 1084 5025 separandi
1107 4948 1141 5008 et
1166 4944 1207 5009 ab
1231 4964 1270 5009 ea
1290 4946 1469 5029 separatim
1485 4948 1660 5028 tractandi,
