3909 5842
507 676 600 730 Kantii
623 677 794 744 ,autonomia
812 679 940 734 rationis‘
963 678 1083 732 examini
1101 678 1195 734 critico
1214 678 1354 734 subicitur.
1488 685 1552 748 227

305 857 489 922 formaliter
512 858 684 922 secundum
708 857 871 924 dictamen
887 856 1026 923 rationis
1042 857 1184 940 (integre
1200 861 1323 922 etcum
1340 858 1553 926 relationibus

306 963 373 1026 suis
404 962 632 1030 essentialibus
660 965 841 1048 acceptae),
873 964 1000 1030 censeri
1023 963 1121 1029 debet
1143 965 1261 1028 saltem
1285 963 1473 1030 virtualiter
1495 987 1553 1032 ssu

305 1067 462 1152 implicite
485 1069 556 1135 fieri
579 1071 756 1135 secundum
781 1069 841 1136 Dei
864 1069 1065 1153 legislatoris
1092 1070 1298 1136 voluntatem
1321 1073 1356 1135 et
1371 1091 1445 1137 esse
1460 1072 1553 1156 proin

306 1175 415 1257 aliquo
440 1177 535 1242 modo
559 1176 756 1242 naturaliter
779 1176 979 1242 meritorium
1005 1175 1049 1257 (n.
1075 1175 1276 1258 207-212).

397 1281 437 1348 ΙΙ.
469 1282 622 1348 Definitio
653 1281 737 1365 legis
767 1282 929 1349 naturalis
954 1303 974 1348 a
997 1281 1029 1348 S.
1055 1281 1181 1347 Thomu
1210 1281 1388 1366 proposita,
1420 1303 1485 1365 qua
1514 1305 1554 1350 ea

286 1387 426 1454 'dicitur
459 1388 685 1472 ,participatio
716 1388 799 1472 legis
829 1393 985 1455 aeternas
1007 1387 1041 1452 in
1064 1386 1219 1453 rationali
1243 1391 1427 1462 creatura“,
1460 1391 1555 1455 salva

306 1495 449 1561 veritate
463 1495 497 1559 in
516 1494 600 1560 hanc
625 1515 759 1588 quoquc·
776 1494 924 1560 converti
947 1497 1075 1578 potest:
1101 1502 1242 1576 ,natura
1265 1496 1436 1560 rationalia
1450 1499 1554 1580 parti·

307 1603 445 1688 cipando
467 1601 610 1684 referens
633 1603 727 1687 lepem
752 1600 946 1668 aeternam“.
978 1601 1071 1667 Inter
1093 1604 1268 1682 utramque
1282 1600 1345 1665 hoc
1360 1606 1471 1668 tamen
1488 1603 1553 1667 dis·

308 1707 430 1774 crimen
460 1708 645 1784 intercedit,
677 1709 763 1791 quod
794 1709 826 1776 in
856 1709 914 1774 illa
938 1708 1068 1792 quidem
1092 1708 1179 1774 ratio
1200 1708 1360 1791 formalia,
1390 1708 1423 1772 in
1447 1709 1555 1775 altera

308 1819 418 1880 autem
448 1813 533 1880 ratio
563 1817 742 1880 materialia
765 1815 849 1898 legis
872 1814 1035 1882 naturalis
1057 1813 1249 1898 primarium
1272 1814 1379 1878 locum
1403 1817 1552 1898 occupat.

396 1921 454 1986 III.
478 1920 574 1986 Unde
598 1921 774 2004 colligitur,
799 1942 926 1987 omnem
950 1925 1102 1988 naturam
1128 1920 1236 2002 aliquo
1259 1920 1356 1986 modo
1372 1940 1445 1986 esse
1459 1923 1553 2007 tepem

310 2028 453 2092 diuinam
483 2027 601 2094 latiore
630 2047 729 2093 sensu
759 2032 940 2112 acceptam,
971 2031 1125 2093 naturam
1155 2031 1266 2092 sutem
1297 2027 1492 2092 rationalem
1521 2027 1554 2092 in

308 2133 417 2217 specio
440 2133 546 2216 legem
571 2134 728 2199 moralem
751 2134 785 2198 iu
808 2155 905 2200 sensu
929 2155 1030 2219 supra
1053 2132 1098 2214 (n.
1124 2135 1199 2215 8sq
1223 2135 1287 2200 219
1304 2154 1365 2216 sqq
1388 2135 1453 2197 242
1475 2135 1554 2214 248)

309 2239 506 2323 explicat01.

397 2345 454 2412 IV.
479 2346 541 2411 Est
564 2345 665 2428 igitur
688 2345 940 2428 uniuscuiusque
964 2345 1166 2428 reiectura,
1190 2365 1254 2410 uon
1273 2345 1359 2411 nude
1375 2346 1504 2427 quidem
1521 2350 1555 2411 et

309 2453 488 2529 abstracte,
511 2451 569 2517 sed
593 2454 765 2518 secundum
786 2454 954 2534 forinalem
971 2474 1065 2518 auam
1080 2454 1265 2518 relationem
1281 2454 1326 2517 ad
1341 2455 1436 2540 tapam
1453 2459 1554 2517 ader-
1664 2512 1666 2515 .

309 2581 385 2626 nam
416 2559 634 2634 considerata,
664 2558 797 2642 propria
827 2558 972 2624 eiusdem
1003 2563 1038 2624 et
1062 2557 1227 2624 obiectiva
1250 2560 1407 2644 operandi
1429 2579 1553 2640 corma,

309 2687 374 2731 non
397 2665 503 2731 solum
526 2667 705 2744 theoretico,
736 2686 801 2746 qua
824 2665 1030 2742 diiudicatur,
1059 2665 1136 2746 quid
1159 2664 1193 2728 iu
1216 2664 1286 2729 eius
1315 2668 1392 2730 actu
1415 2668 1553 2743 rectum,

309 2772 386 2856 quid
409 2794 474 2838 uon
497 2775 623 2838 rectum
647 2771 692 2836 sit
714 2771 843 2852 (norma
866 2771 990 2837 ordinis
1013 2774 1218 2856 cophoscendi
1240 2771 1310 2836 sive
1333 2769 1460 2853 physici
1483 2771 1556 2837 sive

308 2879 466 2962 moralis),
495 2880 552 2944 sed
585 2879 685 2946 etiam
708 2882 855 2965 practica
885 2878 1016 2960 (norma
1045 2877 1168 2943 ordinis
1199 2900 1238 2943 ec
1261 2879 1373 2943 diuina
1396 2879 1554 2943 uoluntate

308 2989 469 3068 servandi,
493 2985 647 3070 imposita
670 2985 794 3052 scilicet
816 2985 1015 3052 necessitate
1042 2983 1112 3049 sive
1139 2983 1276 3068 physica
1302 2983 1373 3048 sive
1404 2983 1552 3065 morali);

308 3093 481 3158 dummodo
501 3099 611 3159 tamen
627 3097 747 3158 natura
764 3091 1015 3174 uniuscuiusque
1031 3090 1117 3156 entis
1133 3093 1282 3156 sumatur
1298 3093 1450 3175 conplete.
1483 3089 1555 3156 Na-

307 3204 384 3264 tura
408 3198 493 3264 enim
516 3199 621 3263 solum
645 3197 795 3282 partialis
822 3201 881 3264 aut
911 3198 952 3262 ab
983 3195 1214 3262 essentialibus
1243 3194 1311 3260 suis
1341 3195 1555 3262 relationibus

308 3305 478 3371 abstracta
501 3305 690 3386 aequivalet
713 3309 853 3369 naturas
876 3303 984 3368 falsae
1008 3307 1066 3368 aut
1088 3301 1262 3368 mutilatae
1286 3299 1331 3382 (u.
1356 3300 1423 3384 32).

396 3411 436 3477 V.
469 3410 596 3477 Ultima
626 3409 765 3492 denique
796 3414 830 3476 et
859 3408 1058 3492 gravissima
1088 3408 1261 3486 conclusio,
1295 3429 1379 3491 quas
1409 3429 1452 3473 ex
1475 3428 1554 3473 vero

306 3518 465 3602 principio
496 3515 705 3599 obligationis
735 3515 879 3594 moralis,
910 3515 1034 3582 thetice
1064 3518 1099 3580 et
1123 3513 1282 3598 polemico
1305 3513 1371 3578 iarn
1394 3513 1552 3591 stabilito,

306 3624 414 3707 logica
443 3622 641 3690 necessitate
673 3622 892 3704 consequitur,
925 3627 976 3687 est
1007 3624 1099 3686 certa
1124 3625 1158 3686 et
1181 3619 1419 3703 irrefragabilis
1443 3641 1555 3705 repro·

306 3732 396 3798 batio
427 3730 602 3796 axiomatis
626 3751 646 3794 a
668 3729 824 3795 moderno
855 3729 1082 3795 rationalismo
1104 3727 1248 3793 inventi:
1284 3727 1401 3804 ,Nullo
1425 3728 1554 3795 interno

305 3859 394 3903 nexu
417 3836 638 3902 moralitatem
664 3855 736 3900 cum
760 3834 918 3917 religione
943 3833 1106 3916 coniungi,
1134 3833 1289 3916 illamque
1313 3833 1355 3897 ab
1377 3833 1440 3900 hac
1462 3833 1555 3900 inde·

304 3943 487 4028 pendentes
512 3943 543 4007 vi
567 3941 667 4006 solius
690 3941 852 4006 humanae
875 3941 1014 4007 rationis
1037 3940 1246 4007 subsistere.“
1281 3939 1339 4004 Cui
1355 3959 1373 4005 e
1389 3941 1553 4006 contrario

304 4051 461 4117 invictum
478 4050 675 4116 christianae
691 4047 915 4132 philosophiae
931 4047 1125 4133 principium
1141 4047 1332 4131 opponitur:
1357 4048 1458 4114 Nullo
1478 4071 1554 4115 cera

304 4162 480 4240 moralitas,
506 4161 596 4224 nfecta
620 4158 752 4222 moralia
775 4157 924 4240 oblipotio
948 4158 1016 4220 aine
1039 4157 1200 4240 relipiooe,
1224 4154 1246 4219 i.
1269 4175 1296 4219 e.
1314 4154 1384 4219 sine
1400 4159 1553 4238 respectu

304 4267 346 4332 ad
363 4265 474 4330 Deum
498 4269 535 4330 ut
558 4263 745 4328 absolutum
768 4261 962 4345 principium
987 4261 1083 4325 simul
1108 4263 1143 4326 et
1166 4264 1364 4326 assertorem
1381 4261 1555 4326 rationalis

304 4372 427 4438 ordinis
450 4391 675 4452 summumque
699 4368 924 4450 legislatorem
933 4369 955 4432 ².

397 4573 458 4626 ¹Cf.
474 4575 501 4626 S.
518 4571 619 4639 ibone,
640 4569 666 4624 S.
681 4569 763 4624 theol.
780 4569 841 4631 l,2,
854 4587 879 4638 q.
894 4569 937 4630 90,
952 4568 1098 4629 s.lad1;
1118 4584 1143 4636 q.
1158 4568 1200 4629 91,
1219 4567 1366 4630 u.2ad3;
1386 4584 1412 4635 q.
1426 4567 1468 4629 93,
1488 4569 1552 4622 at.

393 4663 403 4696 ²
414 4661 492 4715 Hanc
501 4661 589 4730 ipsam
598 4659 688 4714 thesin
700 4658 769 4712 alias
779 4675 795 4712 a
804 4657 881 4712 nobis
891 4655 1045 4710 luculenter
1054 4656 1267 4710 demonstratam
1277 4656 1376 4710 habea:
1386 4655 1436 4710 Die
1446 4657 1551 4711 Grund-

302 4755 378 4806 sittze
402 4750 449 4804 der
468 4748 636 4804 Sittlichlreit
662 4749 716 4802 und
737 4749 784 4802 des
803 4747 905 4806 Rechts
925 4745 941 4814 fl
959 4747 1076 4800 49-64.
1113 4745 1153 4798 De
1172 4745 1266 4798 eadem
1285 4761 1316 4798 re
1334 4745 1473 4814 praeclare
1492 4745 1551 4800 Em.

303 4837 455 4894 Cardiualis
478 4840 604 4906 Guibert,
631 4837 798 4908 Archiepisc.
818 4835 997 4900 Parisiensis,
1017 4836 1044 4888 in
1062 4834 1164 4888 litteris
1182 4835 1207 4888 8.
1226 4832 1313 4904 April.
1335 4833 1404 4888 1882
1423 4835 1456 4888 ad
1477 4837 1552 4889 insti·

302 4931 407 4982 tutores
432 4945 576 4997 puerorum
602 4927 689 4990 datis,
716 4929 811 4980 contra
836 4926 912 4994 leges
939 4923 1084 4992 religiosae
1109 4921 1274 4976 institutioni
1300 4921 1416 4976 infestas
1440 4925 1551 4979 scribit:

305 5017 433 5084 ,Ethica,
460 5034 529 5086 quae
549 5015 634 5070 Deum
661 5015 763 5080 nescit,
788 5015 948 5084 reprobatur
975 5030 992 5066 a
1017 5011 1202 5081 philosophia,
1228 5010 1292 5080 quia
1316 5013 1359 5064 est
1383 5009 1429 5064 lex
1448 5011 1551 5080 absque

1287 5099 1341 5152 15*
