3909 5842
513 687 690 742 Condiciones
708 687 870 742 essentiales
889 687 924 742 ad
942 686 1065 742 valorem
1083 685 1154 756 legis
1172 685 1315 756 positivae.
1472 686 1535 753 265

374 864 416 930 Ia
438 867 538 950 spacia
559 865 756 930 metandam:

288 985 360 1057 296.
448 988 541 1055 Inter
563 1008 676 1054 omnes
698 986 783 1071 legis
806 987 1012 1054 condiciones
1035 986 1122 1072 apud
1143 991 1276 1054 veteres
1299 985 1422 1070 passim
1447 985 1536 1071 prin·

289 1093 428 1178 oipslsm
451 1095 559 1160 locum
581 1098 676 1161 tenet
698 1097 833 1161 iustitia.
868 1093 907 1158 In
930 1113 969 1158 ea
994 1093 1124 1177 quippe,
1148 1096 1187 1158 ut
1209 1113 1252 1158 ex
1268 1092 1365 1158 dictis
1380 1092 1463 1159 satis
1478 1113 1537 1177 ap·

288 1204 396 1283 paret,
426 1200 511 1284 legis
531 1201 672 1284 formam
697 1203 892 1268 essentialem
921 1204 957 1267 et
985 1199 1079 1283 quasi
1109 1199 1251 1266 annnam
1283 1197 1444 1265 contineri
1473 1220 1537 1265 non

288 1307 453 1396 immerito
485 1307 730 1374 existimabant.
777 1307 823 1373 Et
851 1327 1048 1388 quamquam
1080 1305 1120 1371 de
1150 1325 1189 1371 eo
1213 1305 1354 1388 quidem,
1385 1305 1472 1388 quod
1494 1306 1537 1371 ad

290 1415 502 1480 essentialem
525 1412 608 1496 legis
630 1412 792 1479 iustitiam
815 1412 848 1477 in
870 1415 1066 1500 particulari
1095 1410 1270 1496 pertineat,
1295 1410 1456 1506 *opinandi
1478 1411 1537 1476 ali·

288 1520 420 1602 quando
452 1519 630 1586 diversitas
659 1519 747 1586 inter
769 1519 986 1585 scholasticos
1017 1517 1117 1585 etiam
1140 1518 1292 1584 doctores
1315 1518 1450 1583 exclusa
1473 1539 1538 1584 non

289 1631 372 1705 erat,
397 1626 571 1692 universae
585 1629 698 1691 tamen
714 1624 872 1692 scientiae
888 1624 1088 1691 christianae
1103 1623 1185 1689 haec
1200 1643 1329 1707 semper
1343 1624 1538 1690 inconeussa

289 1733 404 1800 stabat
426 1753 466 1798 ac
488 1753 587 1817 porro
610 1732 714 1798 stabit
736 1731 915 1816 professio:

326 1872 330 1880 1
378 1840 492 1926 Lepem
516 1841 693 1905 humanam
708 1861 936 1925 quamcumque
957 1841 1020 1926 lapi
1044 1840 1173 1905 diuinae
1192 1837 1359 1920 manifeste
1375 1838 1539 1902 contraria

289 1949 544 2032 praecipientem,
569 1967 603 2011 eo
626 1949 694 2030 ipso
718 1953 746 2011 et
769 1953 898 2011 catenas
921 1947 1099 2012 invalidam
1125 1966 1188 2010 esse
1211 1965 1267 2009 sea
1282 1944 1388 2029 quoad
1404 1945 1539 2027 ciperem

289 2053 453 2139 odiiqaadi
476 2055 609 2118 matiam.

379 2157 424 2224 Et
438 2157 521 2224 haec
536 2157 666 2240 quidem
683 2155 849 2223 conclusio
864 2177 930 2222 uon
946 2156 1051 2222 solum
1068 2155 1207 2235 ratione,
1232 2154 1290 2222 sed
1307 2155 1407 2222 etiam
1423 2175 1538 2221 sacrae

291 2264 477 2348 scripturae
499 2265 619 2342 effatis,
642 2267 827 2348 martyrum
851 2261 1011 2347 exemplis
1034 2269 1069 2330 et
1092 2263 1257 2328 constanti
1280 2261 1439 2328 ecclesiae
1462 2282 1539 2328 auc-

291 2369 428 2437 toritate
456 2371 587 2437 firmata
616 2374 685 2449 est,
715 2375 753 2437 ut
784 2374 916 2437 constat
943 2390 987 2436 ex
1010 2371 1075 2435 Act
1105 2371 1136 2446 5,
1168 2371 1226 2446 293
1257 2369 1311 2434 Ex
1344 2371 1372 2448 1,
1406 2370 1463 2444 173
1494 2403 1538 2413 —-

292 2497 334 2542 ex
367 2476 547 2544 innumeris
587 2476 670 2542 loeis
707 2479 791 2543 iaris
826 2479 988 2560 canonici,
1021 2475 1055 2541 in
1090 2475 1206 2558 quibus
1240 2475 1355 2541 eedem
1391 2473 1540 2540 doctrina

291 2587 484 2650 constanter
505 2582 699 2662 inculcatur,
723 2603 776 2650 ex.
801 2603 833 2665 g.
857 2583 909 2648 his
932 2586 967 2648 et
989 2581 1148 2648 similibus
1179 2581 1369 2648 sententiis:
1407 2578 1538 2663 „Digni-

290 2695 362 2759 tate
393 2712 471 2756 vero
500 2690 552 2755 ius
582 2691 734 2756 naturale
763 2689 914 2756 similiter
943 2689 1116 2773 praevalet
1139 2688 1366 2756 consuetudini
1396 2692 1430 2754 et
1461 2708 1538 2752 con·

291 2796 466 2866 stitutioni.
512 2795 741 2878 Quaecumque
764 2795 850 2862 enim
865 2797 920 2861 vel
935 2796 1081 2862 moribus
1097 2799 1231 2880 recepta
1246 2799 1324 2862 sunt
1339 2795 1393 2860 vel
1409 2792 1540 2878 scriptis

292 2899 538 2984 comprehensa,
563 2899 590 2965 si
615 2900 759 2966 naturali
782 2900 845 2966 iuri
867 2901 992 2967 fuerint
1014 2901 1165 2980 advorsa,
1195 2922 1284 2967 vana
1307 2904 1341 2967 et
1363 2901 1458 2968 irrita
1480 2900 1539 2966 hs·

291 3007 399 3074 benda
430 3009 538 3073 sunt.“
564 3044 609 3054 —
636 3005 824 3085 „Adversus
856 3007 1008 3074 naturale
1039 3007 1090 3073 ius
1123 3007 1204 3072 nulli
1236 3007 1410 3089 quicquam
1440 3026 1539 3089 agere

291 3113 398 3180 licet.“
425 3150 470 3160 —
498 3111 661 3190 „Veritati
690 3116 726 3179 et
754 3113 876 3179 rationi
906 3114 1106 3180 consuetudo
1138 3117 1190 3179 est
1212 3113 1468 3198 postponende.“
1496 3147 1539 3157 —

296 3219 523 3299 „Consuetudo
544 3219 667 3286 ratioru
689 3219 814 3286 austra
843 3219 1048 3304 opponitur.“
1074 3255 1118 3264 -
1146 3219 1225 3297 „Dei
1255 3219 1442 3299 veritatem,
1474 3240 1539 3284 non

292 3326 457 3392 hominum
481 3325 749 3394 consuetudinem
772 3324 864 3408 sequi
887 3327 1047 3408 oportet.“
1068 3361 1112 3369 -
1131 3325 1256 3407 „Leges
1278 3324 1460 3409 principum
1479 3346 1539 3390 na·

291 3432 394 3501 turali
408 3431 470 3497 iuri
488 3432 683 3516 praevalere
705 3453 771 3497 non
794 3432 932 3498 debent“
960 3434 1047 3498 eta¹
1069 3431 1222 3498 —Adde
1246 3430 1418 3497 sollemnia
1441 3431 1539 3498 docu-

292 3545 405 3606 menta
427 3540 518 3606 Rom.
542 3540 741 3623 Pontificum,
765 3537 814 3604 uti
837 3538 962 3622 encycl.
1005 3537 1082 3615 „Qui
1098 3537 1262 3622 pluribus“
1284 3539 1314 3604 9.
1332 3537 1418 3604 Nov,
1438 3540 1537 3616 1846;

292 3645 417 3729 encycl.
463 3643 610 3722 „Quanta
642 3646 740 3710 cura“
775 3645 806 3710 8.
837 3645 915 3711 Dec.
949 3646 1035 3710 1864
1069 3665 1142 3710 cum
1177 3644 1330 3727 „Syllaba
1358 3647 1538 3724 errorum“‚

293 3751 360 3818 alia
382 3750 502 3816 similia
512 3753 535 3816 ².

380 3857 484 3922 Immo
512 3877 594 3922 vero
617 3858 727 3923 eadam
750 3861 941 3924 certitudine
963 3857 1191 3941 consequitur:
1219 3859 1393 3924 aaioersim
1416 3861 1539 3924 maltam

292 3969 387 4052 leycm
407 3967 656 4049 praecipientem
678 3966 847 4048 manifesto
870 3967 1003 4048 iniusta,
1027 3967 1091 4029 aim
1114 3965 1279 4050 oblipandi
1301 3964 1417 4030 babere
1436 3985 1538 4049 posse.

381 4069 507 4136 Idcirco
531 4072 656 4137 Saarez
678 4068 719 4135 de
742 4070 871 4136 iustitia
885 4071 969 4153 legis
986 4068 1127 4152 (ratione
1143 4069 1316 4153 materiae)
1331 4070 1416 4134 hanc
1432 4069 1541 4136 thesin

292 4176 478 4262 professus:
511 4177 582 4258 „De
610 4180 736 4243 ratione
765 4186 793 4244 ct
816 4181 952 4244 essentia
975 4179 1053 4262 lepis
1077 4185 1130 4262 cat,
1160 4184 1196 4243 at
1217 4180 1397 4263 praecipiat
1419 4175 1539 4260 iasta“,

292 4283 481 4348 immediate
511 4283 551 4348 de
581 4283 696 4349 eadem
726 4283 852 4349 subdit:
889 4282 1055 4362 „Assertio
1080 4288 1132 4349 est
1155 4304 1219 4349 non
1243 4283 1349 4349 solum
1373 4287 1465 4350 certa
1487 4303 1540 4348 se·

292 4389 432 4455 cundum
461 4387 569 4468 fidem,
599 4389 657 4455 sed
687 4389 788 4456 etiam
818 4389 909 4456 clara
935 4389 1114 4455 secundum
1137 4389 1321 4456 naturalem
1345 4388 1536 4456 rationem.“

290 4495 421 4580 Nempe
444 4494 478 4578 a)
501 4493 607 4561 omnis
629 4495 762 4562 humani
785 4495 987 4579 legislatoris
1010 4498 1177 4580 „potestas
1193 4500 1245 4562 est
1260 4517 1281 4562 a
1296 4497 1366 4562 Deo
1384 4548 1391 4564 .
1410 4547 1417 4562 .
1436 4548 1443 4562 .
1461 4517 1539 4579 ergo

292 4592 346 4668 est
368 4601 448 4667 data
470 4601 505 4666 in
526 4602 648 4667 bonum
671 4605 707 4668 st
729 4602 999 4681 aedificationem,
1024 4623 1089 4667 non
1112 4603 1145 4667 in
1168 4603 1291 4668 malum
1314 4621 1373 4667 seu
1392 4602 1540 4668 destruc·

291 4708 448 4776 tionem“.
472 4705 508 4790 b)
529 4707 666 4786 „Nullus
681 4708 818 4774 inferior
832 4712 944 4793 potest
959 4708 1106 4792 obligare
1122 4713 1237 4776 contra
1251 4709 1357 4792 legem
1374 4713 1409 4776 et
1424 4709 1540 4775 volun·

292 4816 398 4880 tatem
428 4813 622 4897 superioris:
650 4814 709 4880 sed
738 4815 793 4880 lex
823 4814 1029 4900 praecipiens
1054 4837 1192 4900 pravum
1216 4821 1326 4882 actum
1350 4819 1402 4882 est
1425 4818 1541 4882 contra

386 5022 396 5053 ¹
414 5019 522 5076 Daorsi.
543 5021 568 5086 1,
586 5021 649 5076 dist.
669 5022 694 5087 8,
714 5023 784 5078 2-9
791 5043 799 5089 ;
819 5023 882 5078 dist.
902 5025 927 5078 9.
1037 5023 1109 5079 ’Gi
1128 5024 1199 5078 Acts
1217 5023 1259 5079 Pii
1278 5025 1324 5080 IX.
