3909 5842
406 672 468 735 128
635 669 725 725 Sectis
745 671 765 726 1.
802 671 883 728 Liber
901 674 935 728 11.
973 672 1063 745 Caput
1081 674 1101 729 1.
1139 673 1279 729 Articulus
1300 672 1323 727 l.
1360 672 1420 739 53.

406 848 563 932 „system
586 850 625 914 de
647 852 679 915 lo
703 849 868 917 nature“1
891 850 1025 934 (1770);
1051 853 1089 918 de
1113 851 1319 935 Chossctoeof
1338 852 1492 917 comoeda
1514 848 1661 933 Volney²

402 950 655 1040 (1757—1820)
680 955 809 1039 aliique.
842 957 873 1023 A
896 958 1013 1040 quibus
1036 956 1183 1024 hodierni
1208 956 1434 1023 materialismi
1456 955 1592 1041 patroni
1621 974 1660 1019 eo

401 1059 507 1124 solum
538 1059 708 1139 differunt,
741 1064 827 1145 quod
857 1063 970 1131 fucato
1003 1068 1160 1142 „exactae
1190 1064 1366 1131 scientia&
1401 1083 1497 1145 quam
1529 1065 1659 1127 vocant

401 1169 565 1248 apparatu
582 1167 763 1251 gloriantes
777 1168 928 1235 incautos
944 1170 1070 1236 animos
1086 1171 1184 1253 longe
1200 1170 1329 1237 facilius
1345 1169 1519 1254 decipiunt.
1553 1166 1587 1233 N
1590 1167 1660 1232 ati·

401 1292 478 1337 vam
509 1294 603 1339 suam
635 1274 778 1341 indolem
811 1276 894 1343 haec
929 1276 1169 1361 „philosophisi‘
1206 1281 1276 1343 tum
1310 1276 1410 1342 etiam
1443 1292 1658 1357 nequaquam

400 1382 517 1457 mutat,
548 1380 576 1445 si
607 1381 745 1463 quando,
777 1385 815 1448 ut
843 1383 914 1448 iere
941 1382 1028 1449 inter
1051 1383 1199 1448 homines
1222 1382 1383 1466 politioris
1406 1382 1556 1447 culturae
1579 1378 1660 1444 fieri

400 1484 495 1564 solet,
527 1486 651 1552 formas
680 1487 786 1553 induit
809 1488 1007 1565 subtiliores,
1039 1488 1233 1573 prudentiae
1258 1487 1479 1553 moderamine
1502 1490 1537 1551 et
1561 1484 1659 1551 ritae

400 1591 531 1657 socialis
553 1593 728 1659 honestate
750 1596 963 1677 temperatas.
1010 1594 1083 1660 Hoc
1107 1594 1258 1660 nimirum
1281 1592 1502 1659 moderamine
1525 1590 1560 1655 in
1583 1590 1659 1655 sin-

400 1696 486 1779 gulis
509 1697 718 1764 fruitionibus
742 1721 823 1783 opus
846 1721 919 1765 esse
942 1704 1122 1784 praeeunte
1147 1702 1287 1785 Epicuro
1307 1701 1514 1782 intellegunt,
1540 1718 1581 1763 ne
1601 1697 1658 1760 rel

400 1802 528 1869 fruendi
554 1805 642 1871 vires
664 1811 874 1891 praemature
896 1810 1049 1873 terantur
1064 1808 1117 1873 vel
1134 1810 1267 1873 turbato
1285 1808 1374 1873 vitae
1390 1804 1521 1871 socialis
1538 1802 1658 1868 ordine

400 1930 587 1976 communes
610 1912 739 1977 fruendi
762 1914 968 1979 condiciones
993 1914 1155 1981 deficiant.
1200 1915 1303 1980 Immo
1326 1914 1359 1979 id
1383 1914 1489 1998 ipsum
1514 1910 1556 1976 ad
1581 1930 1657 1974 mo·

401 2016 522 2083 dernae
554 2019 702 2084 culturae
732 2041 941 2103 progressum
971 2021 1138 2104 pertinere
1169 2020 1301 2099 volunt,
1332 2024 1369 2086 ut
1398 2019 1462 2085 toti
1493 2020 1658 2103 pristinae

401 2121 538 2200 ethicae,
569 2121 598 2187 ei
622 2122 757 2200 scilicet,
789 2145 872 2206 quae
896 2125 986 2191 ritae
1010 2146 1048 2191 ac
1073 2124 1284 2191 destinationi
1309 2124 1447 2191 hominis
1470 2120 1656 2187 immortali

400 2229 647 2310 superstruitur,
672 2229 831 2313 paulatim
854 2253 935 2296 nova
960 2232 1181 2298 substituatur
1204 2232 1388 2316 praesentis
1403 2234 1533 2296 tantum
1560 2228 1657 2293 vitae

400 2332 581 2399 rationibus
611 2335 859 2401 accommodata
881 2358 987 2418 neque
1010 2337 1254 2422 metaphysicis,
1286 2337 1342 2403 sed
1367 2336 1532 2421 empiricis
1557 2335 1656 2399 dnm·

399 2442 497 2505 taxat
519 2439 741 2505 fundamentis
764 2440 852 2506 nixa.
884 2442 994 2524 Atque
1017 2442 1101 2507 hanc
1122 2442 1358 2527 philosophiam
1376 2442 1534 2508 moralem
1552 2442 1656 2526 plane

400 2544 616 2621 atheisticam,
648 2566 745 2627 quam
773 2546 984 2630 „positivam“
1013 2554 1144 2626 vocant,
1173 2556 1207 2615 et
1231 2550 1322 2615 cuius
1346 2569 1534 2633 supremum
1560 2546 1654 2629 prin-

400 2650 518 2733 cipium
538 2650 625 2716 aliud
642 2672 706 2716 non
723 2656 783 2731 est,
809 2674 905 2735 quam
923 2654 1115 2738 principium
1134 2656 1276 2721 carnalis
1292 2654 1487 2739 prudentiae
1504 2652 1654 2736 Epicuri,

401 2755 466 2821 iam
490 2763 658 2839 tamquam
683 2758 815 2823 futurae
838 2760 959 2826 aetatis
984 2761 1125 2827 ethicam
1148 2761 1237 2841 („die
1261 2761 1367 2827 Moral
1391 2760 1451 2824 der
1467 2757 1655 2837 Zukunlt⁵)

402 2863 593 2945 praedicare
617 2866 771 2933 audent³.

492 3128 499 3157 ¹
520 3125 596 3195 Opus
614 3126 716 3181 infame
735 3132 764 3180 et
782 3128 878 3197 cynica
896 3129 1065 3197 impudentia
1084 3129 1221 3183 excellens
1241 3128 1358 3196 Spattmc
1377 3130 1410 3180 tle
1429 3130 1457 3181 lo
1477 3133 1574 3181 nutare
1592 3124 1650 3194 pri·

400 3230 475 3267 mum
488 3214 602 3268 Londini
620 3216 684 3269 ficto
702 3216 809 3269 nomine
828 3216 947 3271 auctoris
964 3217 1104 3270 cniusdam
1118 3218 1172 3271 iam
1185 3217 1308 3271 defuncti
1321 3216 1428 3285 prodiit.
1456 3214 1545 3268 Verus
1557 3216 1651 3266 anum

403 3302 1653 3375 eins,sinminusscriptor‚saltemintellectualisanctorplerumqusnominaturdeHoltoch

402 3392 614 3461 (itae-1789).
643 3393 796 3447 Secundum
815 3392 886 3447 hauc
904 3392 1102 3463 philosophiam
1121 3392 1188 3446 nihil
1208 3398 1251 3447 est
1269 3393 1322 3447 nisi
1341 3392 1459 3446 materia
1478 3396 1506 3445 et
1519 3390 1651 3443 materiae

399 3483 488 3533 motus
512 3481 691 3534 necessarius.
729 3480 867 3545 Quaenam
886 3482 960 3534 vitae
986 3482 1122 3551 practicae
1148 3481 1280 3552 principia
1300 3482 1363 3535 inde
1382 3485 1525 3545 emanent,
1552 3496 1601 3549 per
1619 3496 1650 3530 se

398 3566 530 3635 liquidum
550 3572 600 3622 est

488 3654 499 3686 ³
520 3656 608 3709 Coast.
627 3658 727 3710 Frons.
747 3659 779 3709 de
793 3658 967 3721 Ohassetoeaf
982 3675 1066 3711 corneo
1085 3660 1116 3710 dc
1130 3660 1227 3726 Volnep
1248 3658 1366 3725 vestigia
1386 3674 1507 3725 sequens
1527 3655 1646 3710 Helvetii

399 3743 560 3813 principium
587 3744 646 3798 eius
673 3744 791 3799 ethicum
814 3745 985 3814 (philautiae)
1007 3748 1046 3800 ita
1065 3746 1192 3801 evolvere
1211 3750 1326 3801 conatus
1346 3750 1404 3809 est,
1430 3748 1464 3799 ut
1482 3745 1549 3799 illud
1566 3742 1646 3797 simul

399 3830 569 3898 aliquomodo
588 3850 649 3886 eum
668 3833 759 3886 studio
777 3833 840 3887 boni
857 3834 966 3887 socialis
986 3834 1150 3889 conciliaret.
1177 3834 1341 3889 Prudentiae
1354 3834 1427 3887 enirn
1446 3834 1568 3901 regulam
1588 3848 1647 3885 aesc

400 3920 553 3984 existimat,
572 3924 616 3984 ut,
636 3920 682 3989 qni
701 3938 797 3975 securo
815 3922 866 3975 sibi
885 3922 938 3992 ipsi
957 3924 1111 3992 prospicere
1130 3924 1236 3993 cupiat¹
1262 3923 1296 3976 ab
1316 3923 1432 3977 aliorum
1451 3922 1569 3975 laesione
1587 3920 1644 3972 abs·

399 4007 485 4061 tinent
503 4009 590 4076 iisque
609 4008 676 4062 bene
696 4010 771 4064 velit.
797 4010 858 4063 Huc
875 4011 994 4079 pertinet
1009 4010 1063 4075 „La
1082 4009 1117 4062 loi
1136 4012 1271 4065 naturalis
1291 4029 1325 4064 ou
1347 4010 1489 4080 principes
1501 4009 1644 4079 physiques

399 4096 432 4148 de
451 4096 477 4149 la
496 4096 605 4159 morale,
625 4096 732 4151 dddnita
751 4098 783 4151 de
802 4097 1007 4165 l’organisation
1027 4097 1198 4152 del'homme
1212 4100 1285 4153 etde
1299 4099 1459 4163 l'unirers'‚
1479 4097 1558 4151 Paris
1572 4096 1643 4149 1821.

489 4194 549 4247 ’ln
569 4194 659 4247 Gallia
684 4195 755 4249 inter
780 4195 1277 4263 aliosSaintSimon(1760—1825)
1305 4214 1358 4251 non
1384 4196 1525 4251 dubitarit
1548 4210 1641 4249 novum

399 4284 471 4335 istud
498 4282 670 4349 evangelium
695 4283 754 4336 sine
781 4284 836 4337 ullo
855 4284 990 4337 velamine
1016 4286 1177 4339 annuntiare
1203 4284 1339 4353 simulque
1357 4286 1475 4339 consilis
1493 4298 1643 4353 suggerere.

399 4370 498 4439 quibus
516 4369 582 4423 illud
602 4370 732 4440 paulatim
751 4371 780 4423 in
798 4388 887 4425 mores
905 4372 997 4426 induci
1015 4374 1139 4428 securius
1152 4378 1180 4427 et
1193 4374 1333 4428 efficacius
1345 4378 1450 4443 posset.
1477 4373 1547 4428 Sunt
1558 4374 1640 4425 autem

399 4457 466 4511 haec
491 4458 654 4511 consilia-
676 4459 746 4526 qnod
772 4458 927 4513 meminisse
953 4461 1031 4514 iuvat
1050 4490 1083 4499 -
1102 4478 1134 4514 ea
1160 4461 1233 4530 ipsa.
1260 4479 1330 4530 quse
1356 4465 1454 4531 postea
1480 4480 1497 4517 a
1522 4460 1641 4515 moderno

401 4544 595 4609 ‚liberalismo“
618 4547 686 4600 mira
711 4546 851 4600 docilitate
876 4547 984 4601 iam-ad
1003 4549 1100 4617 praxin
1119 4548 1230 4609 deduci.
1256 4549 1339 4603 immo
1357 4548 1459 4603 alicubi
1481 4548 1586 4617 legibus
1602 4545 1641 4599 fir·

401 4634 468 4687 mari
487 4634 617 4688 vidimus!
656 4635 684 4688 ln
704 4634 779 4688 illius
798 4652 879 4704 opere
897 4637 1067 4689 L'r'ndustrs'c
1086 4654 1121 4689 ou
1140 4638 1304 4691 discussions
1321 4640 1476 4705 polr'tr'qms,
1495 4638 1640 4690 mocclena
1747 4687 1762 4708 Ι,

394 4724 622 4791 philosophicum,
641 4724 666 4777 3.
686 4723 885 4777 consideration
903 4740 952 4777 sur
969 4724 997 4777 la
1015 4724 1131 4791 morale,
1151 4725 1252 4779 introd.
1271 4725 1340 4779 haec
1359 4724 1497 4792 legimus:
1519 4722 1641 4791 ,vespm

398 4809 508 4863 humain
528 4828 545 4864 a
563 4811 673 4864 marche
691 4811 787 4881 depuis
806 4810 1030 4865 l'etablissement
1048 4812 1081 4865 de
1100 4812 1127 4865 la
1153 4815 1254 4868 morale
1274 4813 1433 4869 chra'tieune
1452 4818 1482 4868 et
1500 4830 1550 4884 par
1566 4809 1641 4865 l'ellat

399 4899 432 4952 de
450 4916 495 4953 ses
514 4903 626 4968 progres
646 4898 666 4952 il
679 4917 708 4952 se
721 4903 819 4953 trouva
831 4917 883 4967 qua
896 4899 923 4953 lo
935 4904 1025 4969 temps
1038 4900 1070 4953 de
1084 4899 1111 4953 la
1124 4900 1261 4969 theologie
1274 4906 1316 4956 est
1329 4906 1413 4971 passe
1426 4918 1494 4957 sans
1506 4906 1609 4957 retonr.
1619 4938 1640 4950 ..

399 4987 464 5040 t’ere
483 4986 531 5039 des
550 4986 624 5040 ide'es
643 4987 775 5055 positivae
794 5003 962 5048 commence3
982 5004 1016 5039 on
1028 5005 1062 5040 ne
1076 4992 1141 5057 peut
1154 4989 1215 5057 plus
1228 4989 1330 5043 donner
1343 4992 1360 5042 a
1372 4989 1401 5045 la
1413 4990 1518 5045 morale
1531 4989 1640 5043 d’sutras
