3909 5842
450 695 514 762 370
729 693 818 748 Sestio
837 693 873 747 ΙΙ.
911 693 990 748 Liber
1007 695 1042 748 II.
1080 693 1169 765 Caput
1186 694 1207 763 I.
1244 693 1387 749 Articulns
1408 695 1434 749 1.

448 869 518 942 434.
609 871 732 938 Verum
756 871 1028 954 quemadmodum
1051 873 1176 937 tortitia
1199 874 1234 936 et
1256 873 1386 953 iustum,
1410 869 1464 936 ita
1491 875 1536 935 et
1554 873 1622 954 ios,
1645 891 1716 952 qus·

448 981 545 1043 tenus
557 981 608 1043 est
620 977 780 1044 obiectum
793 977 950 1056 iustitiae,
961 978 1016 1042 vel
1026 979 1208 1064 pancratius
1217 977 1458 1062 vel'speciotios
1469 975 1593 1060 accipi
1604 981 1717 1060 potest.

537 1085 666 1149 Iustitia
690 1083 808 1168 quippe
824 1085 1061 1170 peaerolisoime
1075 1088 1207 1168 sumpta
1222 1083 1411 1149 universam
1426 1082 1613 1148 moralem
1628 1085 1717 1148 recti·

447 1189 593 1256 tudinem
624 1189 869 1274 comprehendit
898 1209 1005 1272 neque
1034 1189 1185 1274 specialis
1216 1189 1321 1256 virtus
1351 1188 1505 1266 moralis,
1544 1189 1611 1254 sed
1637 1211 1717 1255 com

446 1295 565 1380 plexus
595 1295 737 1361 omnium
766 1295 926 1362 virtutum
958 1294 1095 1361 dicenda
1124 1299 1192 1370 est;
1223 1315 1287 1376 quo
1313 1314 1412 1360 sensu
1434 1293 1532 1361 haec
1559 1317 1637 1362 vox
1657 1297 1717 1362 ire

448 1406 587 1484 quenter
610 1403 643 1467 in
665 1402 769 1468 sacris
792 1401 927 1468 Litteris
950 1406 1138 1485 usurpatur.
1180 1401 1307 1467 Eodem
1327 1399 1431 1483 igitur
1455 1403 1570 1468 modo
1601 1409 1640 1470 et
1663 1408 1714 1469 io.

448 1529 513 1591 qua
543 1509 704 1575 obiectum
731 1509 781 1574 illi
804 1508 1014 1592 respondens,
1046 1508 1220 1591 analogum
1243 1507 1503 1590 generalitatem
1534 1510 1713 1593 participor

449 1619 482 1680 et
506 1615 547 1681 ad
571 1639 660 1682 omne
684 1618 801 1682 morale
823 1617 960 1680 dominis
984 1616 1133 1697 debitum,
1156 1613 1189 1678 in
1214 1633 1418 1696 quacumque
1441 1613 1521 1680 eius
1549 1617 1712 1682 relatione

447 1721 518 1788 sive
534 1722 576 1787 ad
592 1723 698 1787 Deum
721 1721 791 1787 sive
807 1722 849 1786 ad
866 1741 901 1786 se
918 1721 1024 1806 ipsum
1040 1719 1111 1785 sive
1127 1720 1169 1786 od
1185 1720 1267 1785 alios
1282 1719 1469 1798 fundatum,
1487 1742 1530 1786 se
1549 1723 1710 1789 extendit,

535 1827 573 1892 In
597 1827 840 1912 comparatione
864 1831 975 1894 autem
998 1825 1041 1893 ad
1063 1825 1224 1893 iustitiam
1243 1829 1374 1912 proprie
1389 1828 1527 1910 dictam,
1557 1844 1709 1911 quaeest

447 1934 553 2001 virtus
577 1935 762 2014 cardinalis,
790 1935 911 2001 iustum
935 1939 970 2001 et
992 1934 1044 1999 ius
1066 1933 1191 2018 pariter
1214 1935 1256 2000 ad
1280 1954 1352 1999 eam
1375 1935 1476 1999 colom
1503 1935 1707 2001 obiectivan

446 2041 676 2108 rectitudinem
700 2041 933 2123 designandam
959 2039 1214 2123 restringuntur,
1239 2060 1322 2122 quae
1345 2039 1450 2104 eidem
1475 2041 1629 2124 speciali
1649 2041 1706 2105 vir

445 2147 508 2213 tuti
533 2153 584 2214 est
602 2151 741 2233 proprio
764 2168 822 2212 seu
846 2168 930 2229 quae
952 2147 985 2212 in
1002 2155 1088 2213 recto
1103 2148 1305 2213 ordinatione
1320 2148 1484 2211 hominem
1503 2149 1558 2212 od
1575 2151 1705 2213 invem

445 2257 533 2320 etad
549 2259 723 2321 societatem
741 2253 900 2320 consistit.
929 2253 1067 2338 Nempe,
1084 2257 1121 2319 ut
1136 2254 1169 2318 S.
1191 2253 1326 2318 ltroonoo
1341 2253 1511 2325 observat,
1536 2253 1703 2329 ,iustitiae

445 2359 609 2444 proprium
635 2364 687 2426 est
709 2361 796 2427 inter
819 2361 902 2426 alias
922 2359 1073 2437 virtutes,
1097 2363 1135 2424 ut
1150 2359 1279 2426 ordinet
1295 2359 1456 2425 hominem
1473 2359 1509 2424 in
1526 2359 1598 2440 his,
1624 2383 1704 2444 quse

444 2473 521 2534 sunt
544 2468 585 2532 ad
610 2469 759 2534 alterum.
793 2466 955 2551 Importat
977 2465 1064 2532 enim
1084 2466 1318 2548 aequalitatem
1334 2465 1512 2548 quandam,
1538 2471 1584 2534 ut
1600 2467 1702 2552 ipsum

445 2595 561 2639 nomen
580 2575 800 2640 demonstret:
821 2573 972 2639 dicuntur
988 2572 1075 2638 enim
1091 2573 1273 2655 vulgariter
1289 2593 1337 2650 ea,
1355 2593 1439 2654 quae
1454 2573 1702 2656 adaequantur.

444 2683 585 2760 ἐπαινὴ
614 2679 797 2763 aequalitas
827 2683 938 2746 autem
969 2679 1011 2744 ad
1041 2679 1182 2746 alterum
1212 2682 1319 2746 est.“¹
1363 2679 1455 2755 Quod
1479 2679 1614 2747 dicitur
1643 2683 1702 2762 ,od

445 2784 613 2869 otterom“,
637 2806 679 2851 ex
702 2789 812 2852 mente
828 2787 859 2852 S.
877 2786 1031 2852 Doctoris
1050 2785 1082 2850 in
1099 2790 1171 2852 toto
1187 2806 1285 2870 opere
1300 2785 1487 2864 manifesta,
1513 2789 1702 2870 generalis·

444 2891 525 2957 sime
549 2892 588 2956 de
612 2891 728 2973 quavis
751 2891 915 2958 hominum
938 2892 1053 2958 sociali
1076 2892 1236 2958 relatione
1255 2897 1324 2958 tum
1342 2875 1453 2958 mutim
1468 2896 1559 2959 inter
1581 2917 1617 2961 se
1633 2901 1700 2962 tum

445 3000 489 3063 od
513 3003 761 3064 communitatem
789 2999 1043 3080 intellegendum
1067 3002 1119 3064 est
1127 3001 1149 3066 ².
1196 2999 1317 3064 Contra
1339 3019 1419 3064 vero
1442 3019 1553 3080 neque
1579 3000 1617 3066 in
1641 3003 1700 3067 hae

445 3105 656 3190 expressione
684 3107 743 3186 ,ad
767 3107 924 3172 alterum“
953 3127 1058 3188 neque
1080 3106 1113 3170 in
1133 3105 1261 3172 ratione
1275 3104 1421 3172 iustitiae
1436 3107 1575 3189 proprie
1593 3109 1700 3175 dict-se

445 3211 556 3278 debita
583 3212 721 3278 hominis
744 3215 856 3280 relatio
879 3215 924 3277 od
948 3213 1049 3277 Deum
1074 3212 1174 3294 vulgo
1198 3211 1427 3295 comprehendi
1449 3211 1548 3292 solet,
1583 3237 1701 3298 quam-

446 3339 542 3401 quam
560 3321 630 3385 Deo
653 3319 686 3384 in
710 3319 857 3384 homines
881 3319 1058 3384 absolutum
1075 3321 1127 3384 ior
1142 3320 1308 3402 competit.
1340 3318 1420 3383 Itius
1435 3318 1607 3387 rationem
1624 3345 1700 3405 sug·

443 3426 530 3510 gerit
547 3427 578 3492 S.
596 3425 759 3490 Thomas:
788 3424 888 3503 ,Quia
907 3423 1034 3489 iustitia
1050 3425 1284 3506 aequalitatem
1299 3424 1467 3508 importat,
1491 3425 1566 3491 Deo
1584 3433 1698 3494 autem

442 3553 506 3597 non
530 3553 703 3616 possumus
726 3531 938 3614 aequivalens
963 3526 1185 3616 compensare,
1212 3530 1288 3597 inde
1311 3534 1363 3596 est
1385 3531 1471 3613 quod
1495 3535 1624 3600 iustum
1647 3557 1698 3601 se

442 3638 581 3702 cundum
598 3637 778 3722 perfectam
795 3639 956 3704 rationem
971 3658 1036 3702 non
1051 3658 1225 3721 possumus
1240 3638 1377 3704 reddere
1393 3637 1478 3710 Deo;
1503 3643 1541 3705 et
1556 3645 1698 3726 propter

441 3744 502 3810 hoc
532 3766 597 3810 non
627 3745 746 3812 dicitur
775 3746 906 3829 proprie
937 3749 989 3811 ios
1018 3746 1073 3810 lex
1104 3745 1224 3823 divina,
1255 3745 1313 3810 sed
1337 3745 1403 3828 fos,
1434 3745 1512 3828 quia
1537 3745 1697 3813 tidelicet

441 3851 563 3918 sufficit
586 3853 665 3930 Deo,
691 3857 728 3918 ut
750 3852 953 3937 impleamus,
978 3852 1064 3934 quod
1088 3853 1315 3936 possumus.“³

440 3991 510 4064 435.
601 3993 645 4059 Et
668 3993 718 4058 ius
740 3993 879 4075 quidem,
905 3993 991 4076 quod
1006 3991 1059 4058 hic
1075 3993 1328 4058 examinandum
1343 3992 1550 4075 suscipimus,
1574 4015 1694 4060 secun·
1761 4004 1762 4043 l

440 4100 515 4166 dum
543 4101 627 4167 hanc
650 4099 826 4184 specialem
848 4103 977 4166 tantum
1003 4103 1037 4164 et
1060 4100 1225 4182 propriam
1250 4099 1320 4165 eius
1342 4098 1619 4181 significationem
1644 4104 1692 4166 in·

439 4207 608 4274 tellectum
638 4207 799 4284 volumus,
832 4228 897 4289 qus
919 4207 1133 4289 restringitur
1156 4207 1197 4273 ad
1221 4209 1371 4272 obiectum
1396 4209 1538 4271 iustitiae
1559 4213 1689 4294 proprio

440 4315 552 4394 dictae,
577 4317 610 4378 et
634 4313 685 4379 cui
709 4313 851 4397 speciale
874 4334 991 4378 nomen
1021 4315 1129 4395 ,loric
1152 4312 1299 4379 sociolir“
1323 4313 1510 4397 respondet.

528 4419 643 4502 Itaque
667 4421 718 4485 ius
741 4422 801 4485 hoc
824 4421 919 4486 modo
945 4426 1115 4505 acceptum
1140 4421 1254 4496 solam,
1278 4419 1335 4484 sed
1359 4420 1522 4502 integram
1550 4431 1686 4502 ,rectum

438 4529 673 4592 ordinationem
696 4529 857 4592 hominum
882 4529 926 4592 ud
949 4531 1080 4594 invicem
1105 4537 1133 4593 et
1157 4529 1202 4594 od
1218 4526 1412 4595 societotmt“
1430 4528 1684 4611 comprehendit.

441 4644 535 4650 ——--
550 4645 573 4650 -
582 4645 613 4650 --
623 4643 746 4650 ..u

529 4685 537 4716 ¹
557 4683 583 4737 S.
603 4683 684 4738 theol.
704 4685 722 4739 l.
743 4703 780 4748 c.;
800 4685 835 4739 cf.
855 4701 880 4754 q.
902 4685 944 4748 58,
964 4703 988 4740 a.
1008 4685 1039 4743 2:
1060 4703 1085 4753 q.
1105 4685 1148 4740 80.

527 4773 538 4806 ¹
549 4773 617 4837 fluo
636 4773 772 4842 pertinent
792 4774 875 4827 verbs
895 4773 1033 4828 Ciceronis
1052 4773 1092 4828 Dc
1111 4773 1209 4828 officiis
1228 4773 1240 4828 Ι
1260 4775 1283 4838 l,
1304 4790 1373 4841 quae
1392 4791 1408 4827 e
1428 4775 1456 4827 S.
1475 4773 1580 4826 mama
1598 4791 1625 4843 q.
1644 4775 1682 4829 55.
1759 4732 1760 4787 i

437 4877 462 4913 a.
481 4861 512 4924 2,
532 4861 706 4916 invocantur:
730 4863 869 4928 ,Iustitiae
889 4881 920 4916 ea
940 4863 1010 4917 ratio
1030 4868 1087 4926 est,
1107 4881 1160 4932 qua
1180 4863 1297 4916 societas
1316 4862 1453 4916 hominum
1473 4863 1547 4916 inter
1566 4863 1642 4934 ipsos
1658 4867 1683 4914 et

436 4951 510 5004 vitae
529 4951 708 5005 communitas
728 4953 902 5005 continetur.t

527 5039 537 5072 ⁸
556 5039 581 5092 S.
601 5039 684 5093 theol.
705 5041 729 5104 2,
749 5041 773 5106 2,
794 5060 818 5110 q.
839 5043 882 5104 57,
901 5058 925 5094 a.
948 5043 960 5095 1
982 5042 1016 5094 ad
1037 5041 1067 5101 3;
1087 5041 1122 5095 cf.
1142 5059 1167 5110 q.
1187 5041 1229 5094 80.

1759 4856 1761 4899 l
