3909 5842
397 623 460 687 168
622 617 711 673 Sestio
729 618 750 674 1.
787 618 868 674 Liber
886 620 920 674 ll.
957 620 1049 691 Caput
1066 619 1087 674 l.
1124 617 1267 674 Articulua
1284 618 1310 672 2.
1347 618 1408 686 51.

394 817 496 864 eene
519 797 634 863 obiecto
657 817 717 880 per
744 815 781 862 ee
804 800 953 880 spectato
977 797 1079 864 hahet
1100 795 1243 881 speciem
1266 794 1347 862 furti
1369 816 1428 861 seu
1451 795 1646 873 iniustitiae,

394 923 416 970 a
445 905 509 989 fine
539 902 681 988 speciem
711 901 996 987 intemperantiae,
1026 924 1047 969 a
1076 904 1326 970 circumstantiis
1349 922 1429 968 vero
1451 901 1572 968 obiecti
1592 901 1648 968 in·

395 1030 494 1095 super
505 1005 684 1093 sarmegi.
712 1009 966 1078 circumstantia
983 1013 1093 1077 autem
1105 1011 1296 1095 quantitatis
1313 1007 1383 1074 sive
1400 1007 1501 1092 pretii
1510 1007 1649 1074 maioris

395 1117 448 1182 vel
472 1115 606 1182 minoris
628 1115 677 1182 rei
700 1115 833 1184 ablatae
855 1138 920 1182 non
938 1115 1099 1201 specifice,
1122 1115 1182 1182 aad
1197 1114 1419 1198 quantitative
1433 1117 1564 1181 tantum
1585 1135 1649 1181 seu

396 1222 613 1289 materialiter
639 1221 807 1288 modificat
829 1223 955 1306 species
978 1222 1068 1301 mali,
1099 1243 1183 1306 quae
1206 1221 1338 1288 aliunde
1359 1221 1425 1286 iam
1451 1241 1494 1286 ex
1517 1221 1649 1288 obiecto

396 1331 431 1394 et
453 1329 518 1393 line
541 1327 732 1394 derivantur
741 1328 763 1394 ¹.

396 1465 457 1537 191.
546 1464 734 1540 Corollaria:
765 1469 789 1536 Ι.
814 1468 964 1546 Qualitas
994 1469 1128 1536 moralis
1157 1467 1297 1535 actionis
1327 1467 1504 1552 desumpta
1534 1491 1572 1534 ss
1594 1469 1649 1534 ob-

396 1576 473 1640 iecto
502 1571 572 1640 iure
601 1574 719 1641 merito
747 1575 1004 1659 fundomastotis
1033 1575 1162 1654 dicitur,
1197 1573 1275 1657 quia
1304 1573 1427 1640 actioni
1448 1595 1515 1640 non
1538 1575 1650 1640 minus

396 1677 573 1746 intrinsece
602 1684 638 1748 et
667 1681 889 1749 essentialiter
917 1682 1004 1750 inest
1034 1703 1132 1766 quam
1154 1681 1262 1766 ipsum
1285 1681 1463 1759 obiectum,
1495 1700 1558 1763 quo
1589 1681 1651 1746 illa

396 1783 430 1850 in
465 1805 525 1851 sno
559 1806 632 1852 ease
666 1787 858 1870 simpliciter
896 1787 1118 1856 constituitur.
1173 1788 1290 1870 Itaque
1329 1787 1478 1854 defectus
1511 1787 1650 1852 moralis

398 1889 613 1972 rectitudinis,
638 1893 692 1976 qui
717 1893 838 1960 actioni
860 1893 1011 1961 inhaeret
1032 1895 1162 1961 ratione
1184 1895 1303 1974 obiecti,
1327 1893 1377 1960 ita
1398 1892 1652 1961 immutabiliter

399 2017 470 2063 eam
494 1998 603 2067 reddit
625 2000 795 2067 moraliter
817 2001 948 2081 malam,
973 2005 1010 2068 ut
1032 2021 1139 2084 neque
1154 2020 1214 2085 per
1228 2003 1326 2067 finem
1341 2001 1461 2066 honum
1478 1999 1651 2085 operantis

397 2123 504 2187 neque
526 2125 585 2189 per
607 2105 873 2175 circumstantias
895 2108 999 2174 bonas
1014 2127 1169 2190 umquam
1191 2107 1261 2172 fieri
1277 2106 1383 2191 possit
1397 2105 1493 2174 hona.
1525 2107 1652 2174 Contra

399 2211 486 2278 actio
514 2233 533 2277 e
562 2233 621 2278 suo
652 2213 779 2282 obiecto
811 2215 1000 2281 indifferens
1032 2214 1241 2281 nihilominus
1273 2215 1327 2282 vel
1359 2215 1446 2280 bona
1473 2214 1529 2278 vel
1558 2213 1651 2278 mala

398 2317 437 2385 fit
459 2339 519 2402 per
542 2319 737 2386 alterutram
761 2320 955 2403 qualitatem
979 2321 1137 2388 moralem
1162 2343 1204 2388 ax
1226 2321 1367 2388 fineval
1391 2320 1651 2387 circumstantiis

400 2429 516 2491 ortam.

487 2529 529 2598 ΙΙ.
559 2531 607 2598 Ut
637 2533 723 2598 aetio
754 2531 924 2599 moraliter
953 2533 1040 2599 bona
1066 2533 1119 2613 sit,
1150 2533 1337 2616 requiritur,
1369 2539 1406 2600 ut
1428 2537 1500 2600 turn
1523 2552 1566 2598 ex
1589 2531 1649 2598 ob-

399 2635 495 2714 iecto,
519 2641 588 2703 tum
613 2657 656 2703 ex
678 2639 753 2718 fine,
777 2642 847 2705 tum
872 2659 890 2704 e
913 2638 1169 2706 circumstantiis
1192 2661 1327 2706 normae
1349 2638 1549 2705 moralitatis
1568 2659 1647 2703 con·

400 2742 540 2820 sentiat;
571 2748 609 2810 ut
638 2747 748 2811 autem
777 2745 866 2812 mala
895 2745 949 2824 sit,
981 2745 1114 2823 sufficit,
1144 2750 1182 2813 ut
1211 2746 1265 2812 vel
1288 2767 1332 2811 ex
1354 2744 1449 2810 unico
1473 2744 1584 2829 capite
1606 2743 1650 2809 ab

400 2849 458 2915 illa
481 2848 621 2917 deficiat.
653 2851 738 2918 Hinc
761 2852 909 2918 axioma:
937 2853 1082 2932 ,Bonum
1106 2873 1149 2918 ex
1171 2853 1303 2935 integra
1326 2873 1436 2929 eausa,
1459 2853 1583 2917 malum
1607 2871 1651 2916 ex

401 2955 547 3039 quolibet
570 2957 757 3024 defectu.“²

489 3061 547 3130 Ill.
571 3061 601 3129 Α
625 3063 754 3129 diverso
777 3065 883 3147 gradu
906 3063 1118 3148 perfeetionis
1141 3083 1180 3130 ao
1204 3062 1368 3148 puritatis,
1394 3083 1457 3146 quo
1481 3064 1515 3128 in
1538 3061 1652 3146 aliqua

401 3169 530 3236 actione
552 3174 623 3237 tum
643 3191 686 3236 ex
702 3169 840 3250 obiecto,
864 3175 935 3237 tum
952 3191 970 3236 e
986 3173 1059 3251 fine,
1084 3177 1154 3238 tum
1171 3192 1189 3237 e
1205 3169 1460 3236 circumstantiis
1476 3169 1650 3236 rationalis

401 3276 480 3342 ordo
510 3275 717 3362 adimpletur,
748 3275 870 3344 diversi
900 3297 1028 3360 quoque
1056 3277 1178 3359 gradus
1196 3277 1405 3362 perfectionis
1426 3279 1561 3342 moratis
1583 3276 1649 3341 ori·

401 3386 510 3449 untur.
557 3379 661 3448 Simili
689 3381 796 3460 modo,
827 3401 891 3465 quo
921 3380 1028 3464 magia
1050 3381 1136 3447 idem
1161 3381 1240 3447 ordo
1263 3382 1335 3447 sive
1358 3401 1400 3447 ex
1423 3402 1489 3447 uno
1512 3381 1584 3446 sive
1606 3401 1650 3447 ex

401 3488 550 3554 omnibus
573 3487 638 3553 illis
663 3488 824 3572 capitibus
846 3487 1010 3568 turbatur,
1035 3508 1074 3554 eo
1094 3486 1247 3553 maioris
1263 3491 1341 3554 actu
1356 3487 1499 3553 humano
1514 3487 1650 3553 moralis

401 3593 529 3660 malitia
551 3597 696 3660 notatur.

490 3698 547 3766 IV.
579 3699 722 3766 Intentio
752 3699 828 3766 boni
857 3699 981 3785 proprii
1011 3699 1110 3765 etiam
1142 3698 1344 3764 delectabilis
1370 3721 1430 3784 per
1458 3699 1650 3782 sequidem

402 3825 608 3888 nequaquam
624 3805 732 3872 reddit
748 3805 909 3872 actionem
925 3805 1054 3871 ratione
1068 3803 1143 3870 finis
1157 3804 1290 3882 malam,
1313 3803 1412 3869 immo
1429 3804 1560 3870 omnino
1576 3825 1650 3870 curn

402 3915 494 3978 recto
518 3911 631 3977 ordine
654 3911 826 3991 consentit,
851 3910 1006 3994 quamdiu
1022 3910 1176 3977 voluntas
1191 3910 1224 3975 in
1239 3910 1297 3975 illo
1312 3931 1421 3976 verum
1436 3911 1558 3976 bonum
1572 3932 1651 3995 pro·

403 4017 551 4102 sequitur
573 4039 634 4084 nec
656 4019 689 4084 in
714 4020 797 4084 bono
821 4041 885 4105 qua
908 4016 1095 4085 delectabili
1117 4021 1285 4100 tamquam
1307 4019 1372 4102 fine
1394 4019 1430 4083 ia
1452 4040 1487 4083 ss
1501 4016 1650 4100 quiescit.

402 4125 621 4192 Nihilominus
659 4133 817 4211 respectos
853 4125 1025 4190 veluntatis
1067 4125 1354 4190 eudaemonisticus
1394 4122 1429 4188 in
1466 4123 1652 4189 actionibus

402 4230 592 4314 ceteroquin
621 4231 703 4297 bene
733 4229 892 4297 ordinatis
922 4231 1062 4314 gradum
1092 4228 1251 4297 bonitatis
1280 4227 1415 4294 moralia
1444 4229 1555 4312 signat
1584 4249 1651 4293 non

401 4337 596 4422 perlectum,
620 4339 678 4403 sed
700 4341 824 4403 ratione
845 4337 921 4421 finis
942 4337 1178 4423 perfeetititem.
1218 4335 1287 4413 Quo
1311 4335 1424 4420 purius
1446 4336 1567 4422 quippe
1590 4355 1651 4400 vo·

402 4445 515 4510 luntas
538 4444 668 4509 divinae
692 4444 863 4512 sanctitati
886 4445 1120 4522 conformatur,
1144 4443 1177 4509 id
1201 4448 1263 4522 est,
1287 4463 1351 4526 quo
1375 4442 1481 4526 magis
1504 4443 1546 4507 ab
1562 4440 1652 4506 omni

403 4555 554 4634 respectu
583 4551 718 4632 formali
745 4549 820 4616 boni
840 4553 1054 4637 pedicularis
1077 4549 1303 4617 abstractam
1326 4549 1446 4615 bonum
1469 4549 1651 4614 enitescis

404 4675 462 4721 seu
492 4655 623 4740 proprie
645 4656 814 4723 'rationale
844 4657 1063 4736 convertitur,
1095 4678 1134 4723 eo
1164 4658 1271 4741 magis
1299 4656 1387 4724 actio
1417 4655 1545 4721 ratione
1574 4652 1651 4719 finis

404 4762 555 4830 absoluto
579 4762 683 4828 ordini
707 4763 939 4831 conformatur.

403 4887 575 4894 —-..---
589 4887 715 4895 ...ι-

497 4947 506 4980 ¹
525 4949 554 5002 S.
580 4947 681 5016 Titum,
701 4945 727 5001 S.
747 4945 829 5000 theol.
851 4947 874 5012 1,
893 4947 919 5011 2,
937 4963 964 5016 q.
985 4945 1028 5012 18,
1047 4963 1072 5001 a.
1092 4946 1134 5000 ll.
1243 4945 1315 5000 ’et
1333 4945 1368 4999 ih.
1388 4962 1413 4999 a
1431 4945 1449 4998 4
1467 4943 1503 4998 ad
1522 4943 1548 4998 3.

1791 728 1800 765 l
