3909 5842
452 699 492 753 De
510 700 586 753 fiuad
604 702 730 769 respectu
748 705 864 754 naturae
882 700 1018 754 humanae
1036 700 1070 754 ad
1090 700 1295 753 beatitudiuem.
1455 702 1496 767 35

257 879 360 954 audit,
389 884 551 961 quatenus
579 900 643 945 uon
666 881 770 945 solum
795 880 915 947 obiecti
936 880 1068 947 boantis
1091 880 1329 965 possessionem
1353 882 1385 947 in
1411 904 1499 948 oom-

257 986 351 1060 muni‚
376 986 434 1050 sed
456 984 552 1050 huius
574 986 791 1070 possessionis
815 986 986 1051 formalem
1012 990 1120 1051 actum
1137 988 1316 1054 atmodum
1334 989 1498 1072 exprimit.

340 1090 519 1157 Praeterea
542 1091 773 1175 distinguenda
796 1095 848 1158 est
871 1091 1041 1158 beatitudo
1063 1096 1227 1159 naturalia
1251 1098 1284 1161 et
1308 1105 1499 1181 supernatu-

258 1200 343 1262 ralis.
380 1196 441 1262 llla
463 1197 552 1263 intre
574 1195 696 1264 limites
719 1202 754 1264 et
770 1198 988 1282 capacitatem
1009 1198 1205 1265 facultatum
1221 1200 1418 1267 naturalium
1436 1202 1501 1268 sita

258 1308 314 1379 est,
338 1302 420 1368 haec
434 1324 513 1369 vero
528 1308 669 1371 naturae
684 1304 805 1370 limites
824 1306 1108 1390 praetergreditur
1124 1310 1157 1371 et
1177 1308 1417 1390 supernaturali
1436 1310 1500 1375 ele-

258 1408 378 1474 vationi
401 1408 519 1474 vinum
544 1414 579 1475 et
602 1410 797 1495 capacitatis
820 1413 1006 1495 respondet.
1044 1412 1133 1478 Talis
1158 1418 1218 1491 est,
1244 1433 1327 1496 quae
1351 1416 1502 1482 consistit

258 1516 288 1579 iu
310 1515 435 1581 visione
451 1516 512 1580 Dei
534 1515 699 1592 intuitum,
724 1538 796 1583 oum
821 1537 932 1583 amore
956 1524 990 1584 et
1013 1519 1178 1597 fruitione,
1204 1540 1287 1601 quae
1311 1520 1400 1585 illam
1425 1542 1501 1587 con-

259 1627 445 1703 sequuntur,
460 1622 494 1687 in
511 1623 677 1705 praesenti
692 1623 921 1707 providentiae
934 1624 1056 1702 ordine,
1074 1625 1137 1691 fide
1150 1625 1329 1692 christiana
1344 1632 1501 1705 testante,

260 1729 375 1794 bomini
398 1730 568 1814 proposita
577 1733 598 1796 ¹.
639 1731 754 1813 ltaque
777 1730 947 1795 beatitudo
970 1732 1141 1809 naturalia,
1166 1752 1362 1815 quamquam
1386 1732 1419 1798 in
1444 1756 1501 1799 suo

260 1836 367 1899 ordine
388 1836 548 1920 perfecta,
574 1842 626 1903 est
648 1842 759 1903 tamen
781 1836 985 1922 imperfecta,
1014 1837 1042 1902 si
1066 1858 1139 1903 cum
1162 1838 1364 1905 beatitudine
1388 1862 1501 1925 super-

260 1942 398 2007 naturali
422 1943 620 2009 conferatur.
660 1944 782 2008 Verum
806 1943 847 2008 de
869 1943 932 2008 hac
955 1943 1116 2009 disserere
1140 1944 1181 2009 ad
1204 1944 1404 2028 theologiam
1428 1968 1502 2031 per-

261 2046 355 2121 tinet;
380 2068 440 2113 nos
463 2050 599 2132 proinde
622 2050 710 2115 intra
727 2050 951 2133 philosophiae
967 2051 1124 2116 ambitum
1142 2050 1299 2116 eiusmodi
1319 2053 1502 2135 perfectum

261 2152 396 2217 hominis
424 2158 548 2220 statum
575 2155 819 2221 considerantes
842 2156 973 2221 nomine
997 2156 1208 2222 beatitudinis
1231 2179 1295 2223 nou
1320 2158 1417 2223 aliam
1441 2160 1503 2225 nisi

263 2262 438 2325 naturalem
460 2261 698 2344 intellegemus.

601 2451 633 2505 Β.
669 2449 705 2505 lle
722 2449 837 2505 naturali
854 2448 972 2521 appetitu
989 2448 1161 2507 beadtudinia

264 2564 304 2634 51.
392 2555 550 2639 'Phasis
578 2556 652 2638 IV.
693 2581 827 2644 lntnrtu
853 2582 1009 2644 romara
1039 2582 1163 2645 ocreae
1190 2584 1376 2647 voluntatis
1405 2584 1503 2647 nomo

264 2677 409 2740 naturali
431 2676 583 2755 appetitu
603 2677 642 2739 fn
662 2677 906 2741 beatitudinem
927 2680 1012 2741 ferri
1034 2684 1126 2741 recte
1148 2678 1284 2742 dicitur.

350 2811 650 2878 Praeuotanda.
699 2814 760 2880 Est
789 2814 871 2879 haec
894 2814 1045 2880 doctrina
1075 2814 1145 2881 fere
1169 2816 1387 2895 corollarium,
1419 2820 1504 2900 quod

264 2916 395 3001 simplici
414 2920 602 2985 evolutione
618 2924 795 3004 conceptus
812 2942 830 2986 e
846 2920 943 2987 Theai
960 2920 991 2986 II
1011 2926 1045 2988 et
1060 2920 1107 2987 Ill
1124 2923 1343 3005 consequitur.
1379 2922 1506 2990 Nihilo-

264 3024 364 3089 minus
380 3024 536 3109 explicite
552 3030 604 3091 est
626 3046 685 3109 per
707 3024 837 3092 modurn
861 3026 993 3093 theseos
1014 3028 1201 3107 asserenda,
1225 3032 1295 3094 tum
1312 3030 1388 3113 quia
1404 3032 1507 3097 totius

264 3132 487 3213 praecedentis
501 3130 720 3213 inquisitionis
735 3134 987 3217 psychologicae
1003 3156 1163 3201 summam
1176 3136 1331 3214 continet,
1348 3140 1418 3203 tum
1431 3138 1507 3219 quia

264 3236 294 3299 in
316 3242 436 3303 natura
457 3238 602 3304 humana
623 3239 809 3305 formaliter
830 3239 863 3306 id
885 3240 992 3325 ipsum
1010 3240 1171 3323 designat,
1196 3262 1255 3325 per
1270 3242 1355 3324 quod
1372 3264 1411 3308 ea
1428 3265 1506 3308 vere

265 3364 300 3407 ac
322 3343 470 3427 proxime
493 3344 682 3411 dialecticus
706 3346 780 3411 fons
804 3346 1019 3429 cognoscendi
1043 3346 1116 3411 finis
1132 3347 1283 3416 efficitur.
1300 3387 1343 3396 —
1360 3349 1411 3416 Ad
1431 3372 1506 3415 eeu-

266 3469 330 3513 sum
354 3452 547 3517 assertionis
569 3452 758 3530 notandum,
783 3454 1019 3519 beatitudinem
1043 3454 1173 3520 interim
1198 3454 1300 3538 accipi
1324 3460 1452 3521 tantum
1473 3456 1507 3521 in

267 3562 430 3643 commum,
456 3559 477 3625 i.
502 3580 530 3624 e.
554 3559 812 3641 praescindendo
836 3560 877 3625 ab
900 3561 1058 3625 ulteriore
1082 3560 1283 3642 quaestione,
1308 3562 1341 3625 in
1365 3582 1504 3643 quanam

266 3682 299 3726 re
319 3664 351 3728 in
374 3665 567 3749 particulari
589 3664 648 3730 illa
670 3666 850 3732 consistere
873 3666 1037 3731 censenda
1059 3666 1112 3732 sit.

348 3800 517 3876 Probatur.
550 3806 678 3890 Duplici
703 3804 797 3872 modo
813 3806 910 3871 homo
926 3806 1068 3871 naturali
1093 3806 1242 3889 appetitu
1259 3806 1336 3871 ferri
1353 3808 1385 3872 in
1402 3808 1506 3877 beati-

268 3909 406 3977 tudinem
438 3912 500 3977 dici
531 3918 657 3996 potest,
689 3913 814 3980 scilicet
846 3916 874 3979 1.
904 3916 1044 3999 appetitu
1076 3916 1231 3997 naturali,
1263 3922 1397 3998 spectato
1425 3939 1507 3982 mere

266 4022 437 4100 potentiali,
463 4020 517 4102 qui
540 4021 573 4084 in
596 4022 668 4085 sola
691 4020 857 4086 essentiali
881 4020 1091 4086 inclinatione
1114 4020 1282 4103 potentiae
1305 4022 1508 4105 appetitivae

268 4122 305 4185 ad
319 4124 553 4191 beatitudinem
571 4127 723 4193 consistit
739 4131 773 4191 et
788 4126 914 4211 pondus
930 4132 1070 4193 naturae
1086 4126 1148 4192 dici
1163 4130 1290 4210 potest;
1313 4130 1343 4194 2.
1366 4133 1506 4213 appetitu

270 4236 405 4298 naturali
430 4235 538 4316 elicito,
563 4240 724 4317 quatenus
747 4232 844 4300 bomo
867 4234 1044 4301 secundum
1067 4232 1157 4299 illam
1181 4232 1348 4316 potentiae
1371 4234 1507 4301 inclina·

269 4332 382 4401 tionem
406 4359 465 4404 seu
488 4343 626 4405 naturae
650 4340 834 4423 impulsum,
857 4340 991 4423 iusuper
1007 4342 1127 4405 actuali
1142 4338 1344 4422 appetitione
1360 4340 1431 4405 sive
1445 4342 1507 4406 im-

353 4504 408 4557 ¹8.
432 4504 539 4572 raom,
565 4502 590 4557 S.
610 4504 692 4559 theol.
713 4506 743 4567 l,
770 4522 795 4573 q.
815 4505 864 4568 62,
892 4522 917 4556 a.
939 4505 969 4557 l:
998 4504 1117 4570 ,Ultima
1136 4503 1267 4573 perfectio
1292 4502 1433 4559 rationalis
1458 4523 1507 4560 seu

270 4588 457 4646 intellectualis
481 4600 595 4647 naturae
622 4592 788 4659 (creaturae)
815 4595 859 4646 est
876 4590 994 4662 duplex:
1021 4610 1074 4645 una
1100 4592 1223 4661 quidem,
1250 4607 1330 4661 quam
1356 4596 1447 4663 potest
1465 4614 1507 4650 as·

271 4680 341 4748 aequi
359 4681 462 4735 virtute
486 4700 552 4737 suae
576 4686 692 4735 naturae
718 4686 746 4735 et
771 4680 838 4734 haec
864 4681 1060 4750 quodammodo
1079 4680 1219 4734 beatitudo
1238 4680 1283 4734 vel
1302 4680 1420 4736 felicitas
1442 4682 1507 4737 dici·

272 4771 311 4820 tur
323 4810 329 4821 .
343 4810 369 4821 ..
406 4770 459 4823 Sed
477 4786 560 4839 super
578 4769 648 4823 banc
667 4768 828 4823 felicitatem
848 4772 891 4822 est
910 4768 963 4821 alia
982 4768 1117 4832 felicitas,
1137 4786 1218 4836 quam
1238 4769 1265 4821 in
1285 4770 1376 4823 futuro
1395 4788 1507 4841 exspec-

273 4858 361 4923 tamus,
380 4876 434 4927 qua
446 4860 599 4913 videbimus
612 4858 698 4912 Deum
712 4858 794 4912 sicuti
808 4862 865 4921 est;
885 4858 955 4926 quod
975 4858 1083 4927 quidem
1103 4862 1146 4911 est
1163 4874 1247 4927 supra
1266 4858 1412 4913 cuiuslibet
1429 4860 1507 4914 intel-

273 4942 351 5000 lectus
374 4948 457 5001 creati
477 4950 627 5001 naturam*
668 4947 708 5000 cf.
725 4948 754 5010 1,
780 4964 806 5013 q.
826 4944 876 5009 23,
903 4962 927 4997 a.
950 4947 972 4998 l.
1012 4948 1131 5011 Saurea,
1157 4945 1197 4997 De
1223 4946 1276 4998 fine
1302 4945 1373 5000 hom.
1393 4948 1460 5017 disp.
1481 4950 1506 5013 4,

274 5038 331 5086 sect.
350 5036 373 5095 3,
393 5036 418 5089 2.

1263 5122 1298 5171 ll*
