3909 5842
441 680 506 745 260
651 675 742 730 Sentio
762 677 782 730 1.
818 675 901 730 Liber
919 675 967 730 IlL
1005 673 1095 746 Caput
1112 675 1160 730 Ill.
1196 674 1337 730 Articulus
1355 675 1380 731 2.
1418 675 1479 743 ἕΙ.

524 846 686 921 Probatur
706 848 734 920 Ιο
758 874 795 918 en
813 859 935 917 notnro
951 851 1154 939 ohliqntionio
1170 851 1312 915 morolio.
1345 848 1502 932 Obligare
1518 857 1684 916 creaturas

436 955 617 1025 rationales
638 979 697 1042 per
719 979 752 1024 oe
774 957 836 1023 soli
859 957 930 1023 Deo
954 957 1122 1041 competit,
1147 975 1299 1040 supremo
1323 959 1358 1022 et
1373 955 1542 1022 essentiali
1557 955 1685 1022 ordina·

436 1063 503 1131 tori
524 1062 635 1128 mundi
661 1063 804 1130 moralis.
850 1063 968 1146 Itaque
992 1067 1026 1130 et
1048 1084 1107 1148 pro
1132 1062 1366 1130 communitate
1388 1063 1496 1144 legem
1519 1063 1609 1129 ferre
1633 1064 1686 1129 oh·

437 1168 559 1235 iactive
588 1168 733 1234 validam
761 1190 820 1234 sen
846 1171 1036 1255 ohligantem
1058 1189 1153 1236 nemo
1177 1172 1289 1253 potest
1311 1169 1374 1234 nisi
1397 1172 1444 1236 oel
1465 1169 1536 1253 ipse
1560 1169 1687 1235 divinus

437 1274 610 1358 legislator
632 1279 679 1342 oel
702 1275 758 1357 qui
781 1279 815 1341 et
839 1280 1007 1358 quatenus
1026 1295 1068 1340 ex
1091 1274 1245 1341 missione
1268 1274 1379 1340 divina
1402 1275 1486 1341 hanc
1510 1276 1552 1340 ab
1575 1297 1617 1341 eo
1632 1297 1687 1359 pe

436 1385 595 1448 testatem
619 1380 680 1446 sibi
704 1381 975 1448 communicatam
1001 1381 1111 1460 habet,
1135 1381 1233 1463 idque
1255 1383 1320 1447 sice
1338 1380 1373 1446 vi
1388 1381 1512 1446 ordinis
1527 1381 1688 1448 naturalis

437 1487 472 1570 (a
487 1487 558 1552 Deo
581 1491 619 1553 ut
642 1491 778 1553 auctore
801 1484 954 1568 naturae)
977 1490 1042 1552 sive
1065 1487 1097 1550 vi
1122 1489 1233 1552 certae
1255 1485 1533 1552 manifestationis
1558 1486 1688 1553 divinae

436 1597 571 1678 praeter
593 1597 734 1660 naturae
757 1593 904 1659 ordinem
927 1592 1038 1659 factae
1062 1591 1096 1676 (a
1111 1593 1182 1658 Deo
1200 1596 1239 1659 ut
1254 1592 1446 1675 legislatore
1460 1591 1631 1676 positivo).
1647 1629 1689 1638 --

437 1703 538 1786 Atqui
560 1721 620 1784 pro
644 1719 848 1782 quacumque
875 1698 1034 1764 eiusmodi
1057 1698 1233 1783 hypothesi
1257 1697 1428 1782 proximae
1451 1719 1531 1764 suae
1555 1699 1690 1781 originis

435 1808 492 1873 lex
521 1806 666 1890 positiva
696 1807 803 1891 quood
833 1807 896 1870 nm
918 1805 1085 1890 obliqnndi
1108 1805 1140 1870 in
1165 1804 1372 1889 legislatione
1395 1808 1552 1890 naturali,
1582 1805 1688 1889 logica

436 1911 687 1998 praerequisita,
711 1911 840 1978 nitatur
861 1931 998 1976 necesse
1021 1914 1082 1977 est.
1129 1911 1216 1996 Ergo
1240 1909 1345 1976 omnis
1368 1909 1499 1976 omnino
1522 1911 1578 1977 lex
1603 1911 1688 1996 posi·

436 2019 518 2097 tiva,
549 2018 620 2084 sive
649 2017 793 2084 humana
822 2017 894 2083 sive
924 2017 1046 2097 divina,
1077 2016 1263 2083 formaliter
1292 2021 1327 2083 et
1356 2016 1526 2083 reductive
1555 2017 1589 2082 in
1615 2019 1687 2101 lege

437 2125 567 2192 demum
590 2124 735 2191 naturali
757 2124 925 2191 tundatur.

525 2233 643 2298 Prob.
667 2232 800 2298 maior
823 2254 861 2297 en
883 2234 952 2317 ipso
975 2238 1124 2315 concepto
1141 2237 1168 2296 et
1184 2232 1346 2295 essentiali
1358 2230 1423 2313 fine
1437 2232 1541 2295 omnia
1556 2231 1688 2295 morolio

436 2341 637 2426 obligationis
660 2337 707 2419 (n.
732 2341 797 2404 223
813 2337 899 2420 sqq).
946 2337 993 2402 Et
1016 2357 1106 2413 eane,
1138 2335 1210 2418 quis
1240 2334 1302 2400 nisi
1330 2335 1419 2401 solus
1442 2337 1532 2402 Deus
1555 2336 1689 2420 propria

436 2445 636 2512 auctoritate
659 2448 831 2511 creaturae
854 2442 1009 2508 rationali
1033 2440 1276 2508 ineluctabilem
1296 2439 1526 2507 disiunctivam
1543 2441 1687 2508 necessi·

435 2557 541 2619 tatem
563 2551 731 2635 imponere
754 2548 870 2633 possit,
895 2549 930 2613 vi
954 2548 1047 2614 cuius
1070 2547 1158 2614 actio
1181 2547 1236 2614 vel
1260 2547 1401 2626 omissio,
1425 2548 1560 2614 tametsi
1575 2569 1640 2632 per
1654 2568 1688 2613 se

436 2656 605 2724 moraliter
638 2654 845 2733 indifferens,
877 2654 1104 2730 nihilominus,
1138 2651 1210 2716 sola
1241 2651 1482 2720 interveniente
1514 2654 1688 2720 voluntate

435 2761 636 2846 legislatoris
665 2760 818 2844 deinceps
848 2759 1013 2826 efficiatur
1043 2760 1186 2826 condicio
1215 2761 1284 2824 sine
1313 2780 1377 2844 qno
1406 2781 1471 2824 non
1494 2768 1522 2826 et
1544 2762 1686 2826 medinm

436 2871 652 2936 necessarium
682 2867 878 2949 assequendi
906 2869 1001 2951 finem
1031 2866 1204 2932 ultionum?
1225 2899 1269 2910 -
1292 2865 1414 2948 Ecquis
1436 2865 1484 2932 ita
1508 2865 1550 2930 ad
1574 2867 1687 2932 mundi

435 2979 534 3042 finem
556 2973 708 3040 absolute
732 2975 888 3040 ordinare
909 2973 1075 3039 hominem
1098 2972 1221 3050 valeat,
1252 2969 1315 3036 nisi
1338 2971 1376 3050 is,
1408 2972 1463 3054 qni
1486 2974 1583 3038 finem
1611 2993 1687 3038 con·

435 3081 546 3149 stituit
574 3079 742 3162 totiusque
770 3081 897 3146 ordinis
920 3087 966 3146 est
989 3085 1100 3144 auctor
1123 3082 1157 3146 et
1180 3076 1367 3143 essentialis
1392 3082 1526 3145 custos?
1549 3113 1593 3123 —
1619 3077 1686 3144 Aut

435 3187 507 3273 quis
529 3188 616 3254 inter
640 3191 823 3254 creatorem
844 3189 878 3252 et
901 3187 1073 3251 creaturas
1090 3182 1295 3249 condiciones
1311 3183 1501 3250 authentice
1516 3183 1687 3250 declarare

434 3299 493 3361 aut
523 3294 749 3379 praescribere
782 3297 892 3376 queat,
923 3289 1084 3374 aquibus
1116 3289 1244 3356 aeterni
1274 3293 1415 3376 praemii
1444 3289 1610 3356 assecutio
1635 3291 1685 3356 vel

434 3423 499 3466 non
529 3400 694 3467 assecutio
725 3399 919 3483 dependeat,
950 3397 1012 3462 nisi
1044 3416 1147 3478 agens
1172 3395 1302 3462 nomine
1326 3397 1495 3476 creatoris,
1527 3395 1580 3478 qui
1606 3397 1686 3462 illud

434 3527 494 3590 per
525 3509 655 3573 modum
690 3510 830 3572 naturae
862 3503 1036 3589 promisit?
1059 3539 1103 3548 -
1126 3502 1289 3580 osterum,
1323 3523 1451 3568 omnem
1484 3506 1684 3586 potestatem

434 3633 507 3678 esso
530 3634 551 3678 a
574 3615 654 3690 Deo,
685 3616 772 3678 teste
796 3611 897 3678 etiam
921 3611 1073 3694 apostolo
1097 3607 1194 3692 (Rom
1221 3611 1271 3686 13,
1300 3607 1331 3691 1)
1356 3614 1497 3688 constat,
1527 3630 1587 3674 neo
1621 3631 1684 3676 non

435 3717 583 3797 inferius,
606 3719 661 3784 ubi
685 3719 726 3783 de
749 3717 863 3784 sociali
886 3720 921 3784 et
943 3715 1137 3782 nominatim
1161 3715 1200 3781 de
1223 3715 1354 3799 publica
1377 3715 1464 3780 civili
1485 3716 1684 3784 auctoritate

435 3823 597 3908 agendum
622 3824 694 3903 erit,
719 3824 824 3890 fusius
847 3824 1049 3890 ostendetur.

525 3930 642 3996 Proh.
665 3930 803 4000 minor.
842 3929 964 4008 Quodsi
979 3929 1036 3995 lex
1050 3927 1195 4012 positiva
1211 3948 1231 3993 a
1247 3931 1414 4012 potestate
1429 3927 1621 3994 humanavi
1635 3951 1682 3994 on

437 4039 711 4111 dinnnotnrnlia
734 4037 893 4121 legitima,
917 4036 939 4102 i.
963 4056 992 4102 e.
1017 4056 1038 4101 a
1061 4035 1130 4100 Deo
1154 4038 1192 4100 ut
1215 4037 1349 4100 auctore
1368 4037 1507 4100 naturae
1518 4055 1682 4112 concessa,

435 4144 506 4210 lata
535 4164 608 4210 osse
638 4144 843 4229 supponitur,
874 4141 1015 4209 assertio
1046 4139 1181 4206 minoris
1210 4141 1301 4206 nulla
1332 4140 1458 4223 indiget
1481 4140 1681 4224 probatione.

435 4251 522 4317 Nam
546 4271 606 4333 per
628 4271 665 4317 se
689 4250 824 4316 evidens
847 4253 909 4328 est,
933 4268 993 4332 pro
1011 4247 1074 4312 hac
1089 4229 1264 4329 hypothesi
1280 4265 1408 4312 omnem
1424 4246 1491 4311 vim
1508 4247 1681 4330 obligandi,

436 4379 501 4441 qua
530 4357 586 4422 lex
616 4355 760 4440 positiva
791 4354 944 4440 praedita
975 4357 1036 4432 est,
1070 4351 1235 4418 mediante
1261 4351 1333 4436 ipsa
1356 4356 1523 4436 potestate
1546 4351 1681 4435 legifera

437 4463 560 4530 directe
584 4484 605 4529 a
627 4464 702 4546 lege
725 4461 870 4528 naturali
894 4459 1048 4526 derivari.

526 4569 622 4636 Unde
651 4591 711 4653 pro
741 4589 782 4635 ea
804 4572 935 4636 tantum
959 4565 1078 4650 duplici
1102 4563 1277 4648 hypothesi
1301 4563 1406 4630 minor
1429 4565 1599 4649 probanda
1621 4567 1678 4640 est,

436 4696 501 4758 qua
524 4676 580 4741 lex
595 4675 739 4760 positiva
754 4678 800 4741 oel
818 4677 846 4740 1.
864 4675 1046 4740 immediate
1063 4697 1083 4740 o
1099 4675 1166 4742 Deo
1182 4697 1334 4759 supremo
1351 4675 1543 4757 legislatore
1553 4685 1680 4761 praeter

435 4789 575 4848 naturae
604 4784 745 4848 ordinem
776 4782 847 4847 lata
876 4781 931 4858 sit,
961 4785 1009 4847 vel
1039 4783 1069 4848 2.
1094 4783 1135 4848 ab
1166 4786 1354 4848 anctoritate
1376 4783 1520 4848 hnmano
1544 4781 1677 4865 quidem,

436 4889 494 4954 sed
524 4894 659 4975 praeter
688 4893 828 4955 naturae
859 4887 1005 4954 ordinem
1030 4911 1093 4974 per
1117 4891 1290 4974 positivum
1314 4889 1376 4955 Dei
1403 4893 1610 4956 intervenere
1631 4891 1678 4954 in·

435 4999 547 5062 slitnto
578 4996 723 5078 (qualem
755 5017 829 5062 esse
859 4993 1093 5061 auctoritatem
1125 4995 1383 5063 ecclesiasticam
1413 4995 1495 5062 fides
1521 4995 1678 5064 catholica
