3909 5842
630 643 671 697 De
689 593 832 699 solicitata
851 643 945 699 sociali
965 643 1073 714 proprie
1092 645 1173 698 dieta,
1462 650 1527 715 329

371 824 401 887 2.
425 821 477 886 Ne
501 825 595 888 actus
619 821 749 888 socialis
770 827 894 890 temere
911 822 1120 905 suscipiatur,
1144 820 1183 899 is,
1208 821 1263 904 qui
1278 826 1411 905 praeest
1426 823 1528 888 socie·

269 927 354 1006 tati,
386 927 419 992 vi
449 928 592 992 muneris
619 928 794 1012 obligatur,
826 932 904 995 ante
928 927 1037 995 omnia
1060 949 1233 1013 congraum
1256 931 1402 995 socialem
1426 931 1528 1016 cogni-

270 1037 395 1099 tione-m
424 1033 486 1100 sibi
515 1033 694 1115 acquirere,
725 1056 790 1118 qua
822 1035 1014 1101 exercitium
1038 1034 1247 1104 auctoritatis
1270 1055 1334 1100 non
1357 1035 1463 1100 solum
1486 1035 1528 1100 ad

273 1159 395 1204 verum
419 1141 538 1206 bonum
562 1162 743 1221 commune,
768 1143 824 1209 sed
850 1143 950 1210 etiam
973 1143 1016 1210 ad
1039 1147 1131 1209 recta
1155 1142 1307 1226 eligenda
1329 1143 1437 1209 media
1457 1165 1528 1209 rec·

270 1247 415 1328 tumque
439 1248 639 1331 exsequendi
662 1249 792 1314 modum
818 1249 988 1332 dirigatur.

366 1353 443 1418 'Huc
465 1353 498 1418 in
522 1355 714 1438 particulari
737 1359 885 1440 spectat:
917 1356 951 1437 a)
973 1355 1114 1439 provida
1136 1355 1310 1438 vigilantia
1333 1357 1420 1422 circa
1443 1356 1529 1440 peri-

272 1461 364 1537 cula,
390 1479 473 1541 quae
489 1461 538 1525 rei
561 1463 722 1527 communi
745 1462 969 1544 undecumque
992 1461 1146 1544 ingruere
1168 1462 1311 1546 possint;
1340 1462 1373 1544 b)
1397 1462 1529 1529 assidua

271 1569 311 1630 et
327 1565 491 1632 benevola
513 1567 682 1650 indagatio
705 1569 739 1634 in
763 1569 901 1635 sociales
924 1569 1150 1646 necessitates,
1174 1589 1232 1635 eas
1251 1568 1421 1653 imprimis,
1446 1590 1529 1652 quae
1633 1621 1638 1629 .

272 1671 381 1736 latius
397 1693 515 1756 corpus
530 1675 652 1741 sociale
667 1675 816 1741 afficiunt
832 1679 890 1741 aut
906 1697 966 1741 sua
983 1675 1151 1758 gravitate
1165 1676 1399 1760 promptiorem
1417 1697 1528 1741 euram

273 1777 416 1860 exigere
449 1779 619 1858 videntur;
654 1781 685 1862 e)
715 1781 803 1848 iusta
835 1782 1034 1866 appretiatio
1068 1781 1302 1847 desideriorum
1334 1780 1528 1866 praesertim

274 1885 511 1966 communium,
544 1909 628 1972 quae
652 1909 694 1955 ex
717 1892 813 1973 parte
836 1889 1040 1955 subditorum
1062 1888 1334 1965 manifestantur3
1365 1888 1399 1970 d)
1421 1886 1530 1952 facilis

275 2011 434 2057 accessus
465 1996 499 2058 et
530 1995 618 2060 auris
643 1999 759 2079 aperta
781 1995 986 2079 petentibus;
1018 1993 1051 2075 e)
1074 1994 1217 2060 sollicita
1239 1997 1274 2059 et
1296 1997 1427 2059 matura
1449 1993 1529 2075 deli-

276 2097 409 2163 beratio
432 2098 465 2162 in
489 2100 586 2164 rebus
611 2101 804 2184 praesertim
829 2101 1046 2184 gravioribus,
1070 2100 1104 2164 in
1121 2100 1290 2165 consilium
1306 2100 1434 2164 vocatis
1450 2098 1530 2164 viris

278 2206 341 2268 aut
364 2204 510 2287 collegiis
523 2207 574 2271 ad
599 2205 661 2271 hoc
682 2228 799 2272 munus
816 2207 992 2290 deputatis,
1015 2206 1057 2271 iis
1071 2206 1220 2288 denique,
1245 2205 1300 2288 qui
1322 2204 1430 2271 studio
1455 2205 1530 2269 boni

279 2309 472 2390 communis,
502 2311 681 2397 impartiali
705 2314 869 2397 probitate
893 2317 927 2379 et
955 2313 1161 2396 experientia
1184 2312 1298 2378 sociali
1321 2315 1530 2396 praestantes

280 2436 356 2481 esse
386 2423 635 2500 cognoscuntur.
667 2457 711 2465 —
740 2420 927 2498 Praeterea,
959 2423 997 2485 ut
1027 2419 1062 2484 in
1092 2419 1201 2504 speeie
1233 2419 1440 2484 consiliorum
1470 2439 1528 2483 ex·

279 2523 407 2590 secutio
435 2527 469 2590 et
498 2525 678 2590 mediorum
710 2527 897 2610 applicatio,
927 2525 1043 2592 habita
1065 2525 1194 2592 ratione
1216 2523 1375 2608 temperis
1398 2528 1433 2590 et
1455 2544 1529 2608 per·

278 2649 445 2708 sonarum,
477 2633 568 2696 recte
598 2634 633 2696 et
662 2631 843 2717 prudenter
870 2633 939 2709 fiat,
970 2632 1072 2715 probe
1102 2636 1342 2714 cognoscantur
1371 2633 1406 2696 et
1429 2630 1529 2695 aesti-

279 2737 413 2799 mentur
435 2741 581 2819 oportet:
604 2736 673 2803 turn
699 2738 771 2804 iura
794 2742 828 2804 et
851 2737 1019 2822 legitimae
1043 2739 1304 2817 consuetudines,
1327 2742 1399 2804 tum
1422 2758 1530 2803 mores

280 2845 317 2906 et
345 2841 470 2908 indoles
498 2845 685 2926 gradusque
714 2846 897 2924 ,culturae“
928 2846 1147 2923 subditorum,
1177 2849 1249 2910 turn
1275 2863 1432 2928 praesens
1459 2842 1530 2906 ani-

278 2967 407 3013 morum
425 2949 594 3033 dispositio
611 2955 646 3016 et
666 2952 783 3017 virium
807 2953 877 3016 sive
901 2951 1072 3017 moralium
1097 2951 1168 3016 sire
1192 2951 1399 3035 physicarum
1424 2947 1527 3032 copia.

373 3057 402 3120 3.
428 3054 502 3120 Non
522 3056 600 3123 licet
616 3056 807 3123 auctoritati
823 3057 948 3136 sociali,
974 3057 1113 3123 subditis
1130 3078 1231 3123 onera
1245 3057 1413 3140 imponere
1428 3053 1529 3119 solius

279 3160 459 3243 potestatis
488 3160 522 3225 in
546 3183 603 3226 eos
627 3163 831 3229 exercendae
854 3164 974 3246 gratia.
1022 3163 1098 3229 Ideo
1123 3167 1158 3228 et
1180 3163 1317 3228 libertas
1341 3167 1375 3228 et
1398 3160 1530 3244 privata

281 3265 473 3332 autonomia
484 3269 704 3333 membrorum
720 3268 888 3335 societatis
904 3291 969 3336 non
986 3269 1092 3352 magis
1108 3266 1338 3350 restringenda
1354 3271 1415 3343 est,
1432 3286 1528 3348 quam

280 3391 363 3435 vera
386 3371 462 3436 boni
486 3373 667 3440 communis
690 3375 775 3440 ratio
800 3379 834 3440 et
856 3380 949 3441 recta
972 3395 1083 3440 eorum
1105 3375 1148 3440 ad
1172 3375 1269 3438 finem
1296 3372 1451 3438 socialem
1475 3392 1528 3436 or·

280 3476 405 3543 dinatio
429 3479 671 3546 rationabiliter
701 3481 857 3565 postulat.
904 3481 936 3545 N
939 3502 981 3546 on
1014 3481 1101 3546 enim
1133 3480 1229 3546 homo
1264 3502 1323 3564 pro
1358 3478 1527 3553 societte,

280 3583 342 3648 sed
364 3583 505 3656 societas,
528 3606 586 3668 pro
611 3585 741 3651 homine
765 3586 906 3653 exsistit.

371 3693 402 3756 4.
426 3689 585 3756 Nefariae
611 3691 830 3776 usurpationis
855 3696 889 3760 et
912 3693 1094 3760 iniustitiae
1117 3716 1153 3760 se
1175 3716 1265 3761 reum
1285 3693 1367 3760 facit
1381 3691 1527 3775 regimen
1635 3692 1638 3695 ’

281 3795 459 3872 societatis,
484 3797 622 3880 quoties,
646 3799 821 3884 posthabito
846 3798 924 3866 bono
948 3803 1107 3866 columam
1124 3803 1219 3866 totius
1234 3803 1376 3886 eorporis
1390 3801 1528 3881 socialis,

281 3921 361 3967 suae
384 3903 536 3986 propriae
560 3903 728 3970 ambitioni
752 3909 786 3972 et
810 3906 972 3972 avaritiae
994 3906 1143 3985 inservit,
1176 3911 1234 3974 aut
1260 3928 1325 3972 non
1349 3905 1527 3984 societatis,

283 4006 341 4072 sed
370 4007 506 4072 alicuius
536 4008 688 4074 factionis
719 4009 752 4075 in
776 4011 937 4077 societate
967 4011 1029 4076 sibi
1062 4011 1264 4077 dominatum
1296 4011 1406 4094 inique
1436 4031 1527 4076 arro·

282 4115 392 4197 gantis
416 4115 599 4180 communia
622 4117 756 4199 negotia
775 4119 855 4201 agit,
880 4118 1014 4200 eiusque
1030 4117 1166 4184 arbitrio
1183 4122 1217 4183 et
1231 4116 1424 4203 particulari
1439 4137 1527 4182 aom-

283 4221 376 4286 modo
400 4222 502 4288 totius
525 4223 693 4289 societatis
716 4224 804 4291 vires
828 4229 862 4292 et
885 4225 1030 4290 subsidia
1053 4225 1220 4308 mancipat
1230 4227 1250 4290 ¹.

373 4451 381 4482 ¹
400 4449 442 4503 lta
460 4449 488 4502 in
507 4449 577 4504 hane
595 4465 653 4502 rem
677 4451 705 4504 S.
723 4451 814 4502 ibon-r.
833 4450 876 4502 vel
897 4453 992 4504 auctor
1009 4451 1080 4517 libri,
1099 4450 1140 4505 De
1152 4451 1247 4520 regim.
1266 4450 1352 4520 princ.
1371 4448 1389 4502 l.
1410 4450 1434 4511 l,
1453 4465 1475 4502 e.
1498 4449 1527 4502 l:

289 4535 442 4606 ,Contingit
459 4539 488 4592 in
506 4538 678 4607 quibusdam,
698 4557 766 4608 quae
786 4539 947 4592 ordinantur
965 4538 1000 4593 sd
1019 4538 1110 4603 finem,
1130 4543 1159 4594 et
1176 4543 1250 4592 recte
1269 4541 1298 4592 et
1314 4553 1368 4590 non
1381 4539 1456 4590 reete
1467 4552 1527 4604 pro·

286 4623 384 4678 cedere.
410 4623 499 4688 Quare
519 4631 546 4679 et
564 4626 592 4679 in
611 4626 743 4694 regimine
762 4626 946 4680 multitudinis
965 4629 994 4680 et
1013 4631 1118 4680 rectum
1138 4630 1165 4678 et
1184 4644 1237 4679 non
1255 4627 1361 4678 rectum
1380 4623 1526 4677 invenitur.

286 4709 366 4766 Recte
385 4717 476 4768 autern
496 4714 624 4782 dirigitur
642 4714 861 4784 unumquodque,
881 4715 989 4784 quando
1008 4716 1043 4769 ad
1061 4714 1144 4768 finem
1156 4713 1363 4768 convenientem
1377 4712 1527 4772 deducitur.

287 4817 336 4854 non
353 4806 427 4856 recte
446 4806 544 4868 autem,
564 4805 671 4874 quando
691 4805 723 4858 ad
743 4805 824 4858 finem
843 4822 896 4858 non
916 4804 1132 4859 convenientem.
1146 4844 1153 4858 .
1166 4844 1194 4858 ..
1232 4803 1261 4857 Si
1279 4802 1364 4872 igitur
1382 4802 1527 4856 liberorum

289 4887 443 4960 (hominum)
465 4891 611 4946 multitudo
630 4910 647 4945 a
666 4896 777 4960 regente
791 4894 824 4946 ad
837 4893 938 4947 bonum
950 4910 1092 4947 commune
1112 4891 1296 4946 multitudinis
1309 4892 1456 4956 ordinetur,
1475 4891 1527 4944 erit

287 4979 401 5046 regimen
426 4983 530 5034 rectum
557 4984 585 5034 et
609 4980 725 5046 iustum,
752 4981 832 5050 quale
859 4982 987 5035 convenit
1011 4981 1113 5036 liberis.
1151 4980 1178 5034 Si
1198 4999 1263 5036 vero
1288 4999 1342 5035 non
1367 4981 1400 5034 ad
1428 4981 1526 5034 bonnm
