<?xml version="1.0" encoding="UTF-8"?>
<!DOCTYPE html PUBLIC "-//W3C//DTD XHTML 1.0 Transitional//EN"
    "http://www.w3.org/TR/xhtml1/DTD/xhtml1-transitional.dtd">
<html xmlns="http://www.w3.org/1999/xhtml" xml:lang="en" lang="en">
 <head>
  <title>
</title>
<meta http-equiv="Content-Type" content="text/html;charset=utf-8" />
  <meta name='ocr-system' content='tesseract 3.04.00' />
  <meta name='ocr-capabilities' content='ocr_page ocr_carea ocr_par ocr_line ocrx_word'/>
</head>
<body>
  <div class='ocr_page' id='page_1' title='image "./institutionesiu00meyegoog_0293.png"; bbox 0 0 3909 5842; ppageno 0'>
   <div class='ocr_carea' id='block_1_1' title="bbox 433 687 1539 760">
    <p class='ocr_par' dir='ltr' id='par_1_1' title="bbox 433 687 1539 760">
     <span class='ocr_line' id='line_1_1' title="bbox 433 687 1539 760; baseline 0.002 -18"><span class='ocrx_word' id='word_1_1' title='bbox 433 687 475 742; x_wconf 90' lang='lat' dir='ltr'><strong>De</strong></span> <span class='ocrx_word' id='word_1_2' title='bbox 493 688 647 759; x_wconf 72' lang='lat' dir='ltr'>praecipuis</span> <span class='ocrx_word' id='word_1_3' title='bbox 663 688 734 756; x_wconf 78' lang='lat' dir='ltr'><strong>logis</strong></span> <span class='ocrx_word' id='word_1_4' title='bbox 753 687 887 744; x_wconf 84' lang='lat' dir='ltr'><strong>naturalis</strong></span> <span class='ocrx_word' id='word_1_5' title='bbox 905 689 1126 760; x_wconf 84' lang='lat' dir='ltr'><strong>proprietatibus.</strong></span> <span class='ocrx_word' id='word_1_6' title='bbox 1147 719 1180 727; x_wconf 89' lang='lat'><em>-</em></span> <span class='ocrx_word' id='word_1_7' title='bbox 1200 689 1408 744; x_wconf 78' lang='lat' dir='ltr'><strong>Universalitas.</strong></span> <span class='ocrx_word' id='word_1_8' title='bbox 1476 695 1539 758; x_wconf 82' lang='lat'><strong>241</strong></span> 
     </span>
    </p>
   </div>
   <div class='ocr_carea' id='block_1_2' title="bbox 292 867 1543 1376">
    <p class='ocr_par' dir='ltr' id='par_1_2' title="bbox 292 867 1543 1376">
     <span class='ocr_line' id='line_1_2' title="bbox 292 867 1542 954; baseline 0.002 -22"><span class='ocrx_word' id='word_1_9' title='bbox 292 867 455 932; x_wconf 90' lang='lat' dir='ltr'><strong>accedere</strong></span> <span class='ocrx_word' id='word_1_10' title='bbox 485 867 663 934; x_wconf 88' lang='lat' dir='ltr'><strong>videretur.</strong></span> <span class='ocrx_word' id='word_1_11' title='bbox 718 867 755 932; x_wconf 93' lang='lat' dir='ltr'><strong>In</strong></span> <span class='ocrx_word' id='word_1_12' title='bbox 789 871 885 934; x_wconf 90' lang='lat' dir='ltr'><strong>tanta</strong></span> <span class='ocrx_word' id='word_1_13' title='bbox 914 867 1016 950; x_wconf 89' lang='lat' dir='ltr'><strong>igitur</strong></span> <span class='ocrx_word' id='word_1_14' title='bbox 1047 877 1184 934; x_wconf 86' lang='lat' dir='ltr'><strong>naturae</strong></span> <span class='ocrx_word' id='word_1_15' title='bbox 1214 872 1317 954; x_wconf 80' lang='lat' dir='ltr'><strong>ipsius</strong></span> <span class='ocrx_word' id='word_1_16' title='bbox 1348 867 1542 946; x_wconf 88' lang='lat' dir='ltr'><strong>deficientia,</strong></span> 
     </span>
     <span class='ocr_line' id='line_1_3' title="bbox 294 972 1543 1059; baseline 0.002 -22"><span class='ocrx_word' id='word_1_17' title='bbox 294 992 384 1054; x_wconf 90' lang='lat' dir='ltr'><strong>quae</strong></span> <span class='ocrx_word' id='word_1_18' title='bbox 413 972 446 1037; x_wconf 90' lang='lat' dir='ltr'><strong>in</strong></span> <span class='ocrx_word' id='word_1_19' title='bbox 476 973 590 1039; x_wconf 92' lang='lat' dir='ltr'><strong>ordine</strong></span> <span class='ocrx_word' id='word_1_20' title='bbox 621 974 738 1040; x_wconf 90' lang='lat' dir='ltr'><strong>morali</strong></span> <span class='ocrx_word' id='word_1_21' title='bbox 768 996 833 1040; x_wconf 91' lang='lat' dir='ltr'><strong>non</strong></span> <span class='ocrx_word' id='word_1_22' title='bbox 863 974 970 1040; x_wconf 88' lang='lat' dir='ltr'><strong>minue</strong></span> <span class='ocrx_word' id='word_1_23' title='bbox 1001 995 1097 1056; x_wconf 88' lang='lat' dir='ltr'><strong>quam</strong></span> <span class='ocrx_word' id='word_1_24' title='bbox 1121 975 1156 1038; x_wconf 93' lang='lat' dir='ltr'><strong>in</strong></span> <span class='ocrx_word' id='word_1_25' title='bbox 1178 975 1291 1040; x_wconf 93' lang='lat' dir='ltr'><strong>ordine</strong></span> <span class='ocrx_word' id='word_1_26' title='bbox 1313 974 1449 1059; x_wconf 87' lang='lat' dir='ltr'><strong>physico</strong></span> <span class='ocrx_word' id='word_1_27' title='bbox 1472 975 1543 1040; x_wconf 92' lang='lat' dir='ltr'><strong>sive</strong></span> 
     </span>
     <span class='ocr_line' id='line_1_4' title="bbox 294 1077 1542 1163; baseline 0.002 -20"><span class='ocrx_word' id='word_1_28' title='bbox 294 1078 341 1143; x_wconf 90' lang='lat' dir='ltr'><strong>ab</strong></span> <span class='ocrx_word' id='word_1_29' title='bbox 370 1077 509 1144; x_wconf 84' lang='lat' dir='ltr'><strong>internis</strong></span> <span class='ocrx_word' id='word_1_30' title='bbox 537 1078 609 1144; x_wconf 85' lang='lat' dir='ltr'><strong>sive</strong></span> <span class='ocrx_word' id='word_1_31' title='bbox 638 1080 680 1144; x_wconf 90' lang='lat' dir='ltr'><strong>ab</strong></span> <span class='ocrx_word' id='word_1_32' title='bbox 710 1079 856 1146; x_wconf 89' lang='lat' dir='ltr'><strong>externis</strong></span> <span class='ocrx_word' id='word_1_33' title='bbox 886 1079 1129 1163; x_wconf 79' lang='lat' dir='ltr'><strong>impedimentis</strong></span> <span class='ocrx_word' id='word_1_34' title='bbox 1152 1079 1327 1161; x_wconf 90' lang='lat' dir='ltr'><strong>aliquando</strong></span> <span class='ocrx_word' id='word_1_35' title='bbox 1351 1081 1471 1159; x_wconf 89' lang='lat' dir='ltr'><strong>evenit,</strong></span> <span class='ocrx_word' id='word_1_36' title='bbox 1495 1081 1542 1146; x_wconf 91' lang='lat' dir='ltr'><strong>in-</strong></span> 
     </span>
     <span class='ocr_line' id='line_1_5' title="bbox 294 1183 1543 1271; baseline 0.003 -23"><span class='ocrx_word' id='word_1_37' title='bbox 294 1183 396 1250; x_wconf 88' lang='lat' dir='ltr'><strong>fitiari</strong></span> <span class='ocrx_word' id='word_1_38' title='bbox 426 1186 586 1264; x_wconf 91' lang='lat' dir='ltr'><strong>nolumus,</strong></span> <span class='ocrx_word' id='word_1_39' title='bbox 617 1205 714 1269; x_wconf 88' lang='lat' dir='ltr'><strong>posse</strong></span> <span class='ocrx_word' id='word_1_40' title='bbox 744 1207 786 1251; x_wconf 88' lang='lat' dir='ltr'><strong>ex</strong></span> <span class='ocrx_word' id='word_1_41' title='bbox 815 1189 911 1271; x_wconf 88' lang='lat' dir='ltr'><strong>parte</strong></span> <span class='ocrx_word' id='word_1_42' title='bbox 935 1185 1035 1251; x_wconf 90' lang='lat' dir='ltr'><strong>etiam</strong></span> <span class='ocrx_word' id='word_1_43' title='bbox 1060 1185 1254 1252; x_wconf 86' lang='lat' dir='ltr'><strong>secundaria</strong></span> <span class='ocrx_word' id='word_1_44' title='bbox 1277 1187 1359 1268; x_wconf 83' lang='lat' dir='ltr'><strong>legis</strong></span> <span class='ocrx_word' id='word_1_45' title='bbox 1383 1188 1543 1254; x_wconf 89' lang='lat' dir='ltr'><strong>naturalis</strong></span> 
     </span>
     <span class='ocr_line' id='line_1_6' title="bbox 294 1292 1420 1376; baseline 0.004 -20"><span class='ocrx_word' id='word_1_46' title='bbox 294 1295 476 1375; x_wconf 88' lang='lat' dir='ltr'><strong>praecepta</strong></span> <span class='ocrx_word' id='word_1_47' title='bbox 497 1292 572 1376; x_wconf 90' lang='lat' dir='ltr'><strong>plus</strong></span> <span class='ocrx_word' id='word_1_48' title='bbox 594 1293 742 1358; x_wconf 87' lang='lat' dir='ltr'><strong>minusve</strong></span> <span class='ocrx_word' id='word_1_49' title='bbox 765 1292 1000 1359; x_wconf 88' lang='lat' dir='ltr'><strong>invincibiliter</strong></span> <span class='ocrx_word' id='word_1_50' title='bbox 1022 1293 1055 1356; x_wconf 93' lang='lat' dir='ltr'><strong>in</strong></span> <span class='ocrx_word' id='word_1_51' title='bbox 1080 1293 1199 1360; x_wconf 86' lang='lat' dir='ltr'><strong>animis</strong></span> <span class='ocrx_word' id='word_1_52' title='bbox 1223 1293 1420 1361; x_wconf 70' lang='lat' dir='ltr'><strong>obscurarii.</strong></span> 
     </span>
    </p>
   </div>
   <div class='ocr_carea' id='block_1_3' title="bbox 293 1429 1543 4701">
    <p class='ocr_par' dir='ltr' id='par_1_3' title="bbox 293 1429 1542 1731">
     <span class='ocr_line' id='line_1_7' title="bbox 294 1429 1539 1521; baseline 0.001 -22"><span class='ocrx_word' id='word_1_53' title='bbox 294 1429 362 1501; x_wconf 82' lang='lat'><strong>271.</strong></span> <span class='ocrx_word' id='word_1_54' title='bbox 450 1429 610 1503; x_wconf 82' lang='lat' dir='ltr'><strong>Probatm</strong></span> <span class='ocrx_word' id='word_1_55' title='bbox 636 1449 714 1520; x_wconf 77' lang='lat' dir='ltr'><strong>pm</strong></span> <span class='ocrx_word' id='word_1_56' title='bbox 740 1432 765 1503; x_wconf 91' lang='lat' dir='ltr'><strong>l.</strong></span> <span class='ocrx_word' id='word_1_57' title='bbox 811 1435 866 1500; x_wconf 76' lang='lat' dir='ltr'><strong>Aa</strong></span> <span class='ocrx_word' id='word_1_58' title='bbox 889 1438 919 1502; x_wconf 85' lang='lat'><strong>1.</strong></span> <span class='ocrx_word' id='word_1_59' title='bbox 966 1435 1135 1520; x_wconf 87' lang='lat' dir='ltr'><strong>Principia</strong></span> <span class='ocrx_word' id='word_1_60' title='bbox 1165 1435 1364 1520; x_wconf 84' lang='lat' dir='ltr'><strong>(praccepta)</strong></span> <span class='ocrx_word' id='word_1_61' title='bbox 1395 1435 1539 1521; x_wconf 53' lang='lat' dir='ltr'><strong>„primm</strong></span> 
     </span>
     <span class='ocr_line' id='line_1_8' title="bbox 294 1539 1542 1620; baseline 0.005 -18"><span class='ocrx_word' id='word_1_62' title='bbox 294 1539 374 1620; x_wconf 76' lang='lat' dir='ltr'><strong>lepis</strong></span> <span class='ocrx_word' id='word_1_63' title='bbox 397 1541 560 1605; x_wconf 81' lang='lat' dir='ltr'><strong>naturalia</strong></span> <span class='ocrx_word' id='word_1_64' title='bbox 588 1541 627 1605; x_wconf 86' lang='lat' dir='ltr'><strong>ab</strong></span> <span class='ocrx_word' id='word_1_65' title='bbox 651 1541 775 1606; x_wconf 79' lang='lat' dir='ltr'><strong>homine</strong></span> <span class='ocrx_word' id='word_1_66' title='bbox 798 1545 922 1607; x_wconf 87' lang='lat' dir='ltr'><strong>ratione</strong></span> <span class='ocrx_word' id='word_1_67' title='bbox 944 1549 1050 1606; x_wconf 66' lang='lat' dir='ltr'><strong>mente</strong></span> <span class='ocrx_word' id='word_1_68' title='bbox 1070 1563 1127 1606; x_wconf 86' lang='lat' dir='ltr'><strong>nec</strong></span> <span class='ocrx_word' id='word_1_69' title='bbox 1149 1543 1375 1607; x_wconf 88' lang='lat' dir='ltr'><strong>inuincibiliter</strong></span> <span class='ocrx_word' id='word_1_70' title='bbox 1397 1565 1453 1608; x_wconf 90' lang='lat' dir='ltr'><strong>ncc</strong></span> <span class='ocrx_word' id='word_1_71' title='bbox 1475 1545 1542 1608; x_wconf 90' lang='lat' dir='ltr'><strong>oin-</strong></span> 
     </span>
     <span class='ocr_line' id='line_1_9' title="bbox 293 1645 765 1731; baseline 0.008 -23"><span class='ocrx_word' id='word_1_72' title='bbox 293 1645 434 1710; x_wconf 79' lang='lat' dir='ltr'><strong>cibilitcr</strong></span> <span class='ocrx_word' id='word_1_73' title='bbox 455 1647 603 1730; x_wconf 55' lang='lat' dir='ltr'><strong>panori</strong></span> <span class='ocrx_word' id='word_1_74' title='bbox 621 1654 765 1731; x_wconf 82' lang='lat' dir='ltr'><strong>poscunt.</strong></span> 
     </span>
    </p>

    <p class='ocr_par' dir='ltr' id='par_1_4' title="bbox 294 1749 1543 3853">
     <span class='ocr_line' id='line_1_10' title="bbox 386 1749 1543 1836; baseline 0.005 -22"><span class='ocrx_word' id='word_1_75' title='bbox 386 1749 424 1814; x_wconf 94' lang='lat' dir='ltr'><strong>Id</strong></span> <span class='ocrx_word' id='word_1_76' title='bbox 439 1749 511 1834; x_wconf 86' lang='lat' dir='ltr'><strong>ipsa</strong></span> <span class='ocrx_word' id='word_1_77' title='bbox 526 1773 638 1817; x_wconf 89' lang='lat' dir='ltr'><strong>eorum</strong></span> <span class='ocrx_word' id='word_1_78' title='bbox 654 1753 775 1818; x_wconf 80' lang='lat' dir='ltr'><strong>natura</strong></span> <span class='ocrx_word' id='word_1_79' title='bbox 791 1757 882 1820; x_wconf 88' lang='lat' dir='ltr'><strong>certo</strong></span> <span class='ocrx_word' id='word_1_80' title='bbox 898 1754 1111 1820; x_wconf 89' lang='lat' dir='ltr'><strong>demonstret.</strong></span> <span class='ocrx_word' id='word_1_81' title='bbox 1144 1753 1304 1836; x_wconf 81' lang='lat' dir='ltr'><strong>Namque,</strong></span> <span class='ocrx_word' id='word_1_82' title='bbox 1328 1759 1365 1820; x_wconf 89' lang='lat' dir='ltr'><strong>ut</strong></span> <span class='ocrx_word' id='word_1_83' title='bbox 1388 1755 1543 1820; x_wconf 86' lang='lat' dir='ltr'><strong>observat</strong></span> 
     </span>
     <span class='ocr_line' id='line_1_11' title="bbox 295 1856 1540 1943; baseline 0.002 -22"><span class='ocrx_word' id='word_1_84' title='bbox 295 1856 440 1923; x_wconf 86' lang='lat' dir='ltr'><strong>Sanctus</strong></span> <span class='ocrx_word' id='word_1_85' title='bbox 454 1857 588 1936; x_wconf 90' lang='lat' dir='ltr'><strong>Doctor,</strong></span> <span class='ocrx_word' id='word_1_86' title='bbox 612 1858 670 1924; x_wconf 91' lang='lat' dir='ltr'><strong>illa</strong></span> <span class='ocrx_word' id='word_1_87' title='bbox 691 1860 771 1936; x_wconf 91' lang='lat' dir='ltr'><strong>,hoc</strong></span> <span class='ocrx_word' id='word_1_88' title='bbox 794 1859 889 1925; x_wconf 92' lang='lat' dir='ltr'><strong>modo</strong></span> <span class='ocrx_word' id='word_1_89' title='bbox 913 1880 949 1925; x_wconf 93' lang='lat' dir='ltr'><strong>se</strong></span> <span class='ocrx_word' id='word_1_90' title='bbox 972 1859 1095 1925; x_wconf 89' lang='lat' dir='ltr'><strong>hebent</strong></span> <span class='ocrx_word' id='word_1_91' title='bbox 1118 1859 1160 1924; x_wconf 89' lang='lat' dir='ltr'><strong>ad</strong></span> <span class='ocrx_word' id='word_1_92' title='bbox 1175 1859 1336 1925; x_wconf 88' lang='lat' dir='ltr'><strong>rationem</strong></span> <span class='ocrx_word' id='word_1_93' title='bbox 1351 1859 1540 1943; x_wconf 78' lang='lat' dir='ltr'><strong>practicam,</strong></span> 
     </span>
     <span class='ocr_line' id='line_1_12' title="bbox 295 1961 1540 2048; baseline 0.002 -23"><span class='ocrx_word' id='word_1_94' title='bbox 295 1961 383 2028; x_wconf 87' lang='lat' dir='ltr'><strong>sicut</strong></span> <span class='ocrx_word' id='word_1_95' title='bbox 414 1963 574 2047; x_wconf 90' lang='lat' dir='ltr'><strong>principia</strong></span> <span class='ocrx_word' id='word_1_96' title='bbox 604 1965 710 2048; x_wconf 89' lang='lat' dir='ltr'><strong>prima</strong></span> <span class='ocrx_word' id='word_1_97' title='bbox 742 1965 1056 2031; x_wconf 76' lang='lat' dir='ltr'><strong>demonstrationum</strong></span> <span class='ocrx_word' id='word_1_98' title='bbox 1089 1985 1125 2030; x_wconf 87' lang='lat' dir='ltr'><strong>se</strong></span> <span class='ocrx_word' id='word_1_99' title='bbox 1157 1964 1279 2031; x_wconf 87' lang='lat' dir='ltr'><strong>habent</strong></span> <span class='ocrx_word' id='word_1_100' title='bbox 1309 1963 1351 2030; x_wconf 90' lang='lat' dir='ltr'><strong>ad</strong></span> <span class='ocrx_word' id='word_1_101' title='bbox 1380 1965 1540 2030; x_wconf 91' lang='lat' dir='ltr'><strong>rationem</strong></span> 
     </span>
     <span class='ocr_line' id='line_1_13' title="bbox 296 2069 1540 2156; baseline 0.003 -25"><span class='ocrx_word' id='word_1_102' title='bbox 296 2069 552 2151; x_wconf 64' lang='lat' dir='ltr'><strong>speculativam</strong></span> <span class='ocrx_word' id='word_1_103' title='bbox 577 2077 716 2154; x_wconf 88' lang='lat' dir='ltr'><strong>utraque</strong></span> <span class='ocrx_word' id='word_1_104' title='bbox 739 2072 825 2137; x_wconf 90' lang='lat' dir='ltr'><strong>enim</strong></span> <span class='ocrx_word' id='word_1_105' title='bbox 848 2075 925 2137; x_wconf 91' lang='lat' dir='ltr'><strong>sunt</strong></span> <span class='ocrx_word' id='word_1_106' title='bbox 941 2071 1102 2153; x_wconf 81' lang='lat' dir='ltr'><strong>quaedam</strong></span> <span class='ocrx_word' id='word_1_107' title='bbox 1117 2071 1277 2155; x_wconf 89' lang='lat' dir='ltr'><strong>principia</strong></span> <span class='ocrx_word' id='word_1_108' title='bbox 1290 2094 1350 2156; x_wconf 87' lang='lat' dir='ltr'><strong>per</strong></span> <span class='ocrx_word' id='word_1_109' title='bbox 1364 2093 1396 2136; x_wconf 84' lang='lat' dir='ltr'><strong>ac</strong></span> <span class='ocrx_word' id='word_1_110' title='bbox 1410 2075 1503 2136; x_wconf 87' lang='lat' dir='ltr'><strong>nota“</strong></span> <span class='ocrx_word' id='word_1_111' title='bbox 1517 2071 1540 2136; x_wconf 78' lang='lat'><strong>².</strong></span> 
     </span>
     <span class='ocr_line' id='line_1_14' title="bbox 297 2173 1541 2262; baseline 0.002 -24"><span class='ocrx_word' id='word_1_112' title='bbox 297 2173 401 2239; x_wconf 91' lang='lat' dir='ltr'><strong>Porro</strong></span> <span class='ocrx_word' id='word_1_113' title='bbox 423 2175 520 2241; x_wconf 90' lang='lat' dir='ltr'><strong>sicuti</strong></span> <span class='ocrx_word' id='word_1_114' title='bbox 543 2177 703 2261; x_wconf 90' lang='lat' dir='ltr'><strong>principia</strong></span> <span class='ocrx_word' id='word_1_115' title='bbox 725 2177 864 2245; x_wconf 91' lang='lat' dir='ltr'><strong>rationis</strong></span> <span class='ocrx_word' id='word_1_116' title='bbox 886 2177 1111 2262; x_wconf 89' lang='lat' dir='ltr'><strong>speculativae</strong></span> <span class='ocrx_word' id='word_1_117' title='bbox 1134 2177 1332 2242; x_wconf 91' lang='lat' dir='ltr'><strong>reducuntur</strong></span> <span class='ocrx_word' id='word_1_118' title='bbox 1355 2177 1484 2241; x_wconf 91' lang='lat' dir='ltr'><strong>demum</strong></span> <span class='ocrx_word' id='word_1_119' title='bbox 1500 2177 1541 2241; x_wconf 87' lang='lat' dir='ltr'><strong>ed</strong></span> 
     </span>
     <span class='ocr_line' id='line_1_15' title="bbox 297 2281 1541 2368; baseline 0.002 -24"><span class='ocrx_word' id='word_1_120' title='bbox 297 2302 408 2360; x_wconf 92' lang='lat' dir='ltr'><strong>unum,</strong></span> <span class='ocrx_word' id='word_1_121' title='bbox 439 2283 565 2349; x_wconf 83' lang='lat' dir='ltr'><strong>scilicet</strong></span> <span class='ocrx_word' id='word_1_122' title='bbox 594 2284 789 2368; x_wconf 89' lang='lat' dir='ltr'><strong>principium</strong></span> <span class='ocrx_word' id='word_1_123' title='bbox 812 2283 1080 2350; x_wconf 83' lang='lat' dir='ltr'><strong>contradictionis</strong></span> <span class='ocrx_word' id='word_1_124' title='bbox 1103 2303 1161 2348; x_wconf 88' lang='lat' dir='ltr'><strong>seu</strong></span> <span class='ocrx_word' id='word_1_125' title='bbox 1185 2283 1227 2348; x_wconf 87' lang='lat' dir='ltr'><strong>ad</strong></span> <span class='ocrx_word' id='word_1_126' title='bbox 1250 2281 1448 2347; x_wconf 89' lang='lat' dir='ltr'><strong>evidentiam</strong></span> <span class='ocrx_word' id='word_1_127' title='bbox 1471 2281 1541 2346; x_wconf 88' lang='lat' dir='ltr'><strong>veri</strong></span> 
     </span>
     <span class='ocr_line' id='line_1_16' title="bbox 297 2386 1541 2474; baseline 0 -24"><span class='ocrx_word' id='word_1_128' title='bbox 297 2387 432 2470; x_wconf 84' lang='lat' dir='ltr'><strong>cogniti,</strong></span> <span class='ocrx_word' id='word_1_129' title='bbox 455 2388 503 2454; x_wconf 90' lang='lat' dir='ltr'><strong>ita</strong></span> <span class='ocrx_word' id='word_1_130' title='bbox 525 2389 686 2474; x_wconf 89' lang='lat' dir='ltr'><strong>principia</strong></span> <span class='ocrx_word' id='word_1_131' title='bbox 708 2390 845 2455; x_wconf 88' lang='lat' dir='ltr'><strong>rationis</strong></span> <span class='ocrx_word' id='word_1_132' title='bbox 861 2389 1027 2473; x_wconf 86' lang='lat' dir='ltr'><strong>practicae</strong></span> <span class='ocrx_word' id='word_1_133' title='bbox 1043 2387 1210 2454; x_wconf 89' lang='lat' dir='ltr'><strong>reductive</strong></span> <span class='ocrx_word' id='word_1_134' title='bbox 1226 2411 1327 2453; x_wconf 89' lang='lat' dir='ltr'><strong>unum</strong></span> <span class='ocrx_word' id='word_1_135' title='bbox 1342 2391 1428 2465; x_wconf 88' lang='lat' dir='ltr'><strong>sunt,</strong></span> <span class='ocrx_word' id='word_1_136' title='bbox 1452 2386 1541 2470; x_wconf 91' lang='lat' dir='ltr'><strong>prin·</strong></span> 
     </span>
     <span class='ocr_line' id='line_1_17' title="bbox 298 2492 1542 2578; baseline 0.002 -22"><span class='ocrx_word' id='word_1_137' title='bbox 298 2492 384 2576; x_wconf 93' lang='lat' dir='ltr'><strong>cipio</strong></span> <span class='ocrx_word' id='word_1_138' title='bbox 407 2495 674 2561; x_wconf 83' lang='lat' dir='ltr'><strong>contradictionis</strong></span> <span class='ocrx_word' id='word_1_139' title='bbox 698 2497 883 2578; x_wconf 86' lang='lat' dir='ltr'><strong>analogum,</strong></span> <span class='ocrx_word' id='word_1_140' title='bbox 916 2501 949 2562; x_wconf 91' lang='lat' dir='ltr'><strong>et</strong></span> <span class='ocrx_word' id='word_1_141' title='bbox 973 2496 1058 2578; x_wconf 92' lang='lat' dir='ltr'><strong>quod</strong></span> <span class='ocrx_word' id='word_1_142' title='bbox 1082 2496 1114 2560; x_wconf 91' lang='lat' dir='ltr'><strong>in</strong></span> <span class='ocrx_word' id='word_1_143' title='bbox 1139 2494 1283 2560; x_wconf 87' lang='lat' dir='ltr'><strong>evidenti</strong></span> <span class='ocrx_word' id='word_1_144' title='bbox 1306 2492 1423 2558; x_wconf 90' lang='lat' dir='ltr'><strong>iudicio</strong></span> <span class='ocrx_word' id='word_1_145' title='bbox 1446 2515 1542 2577; x_wconf 91' lang='lat' dir='ltr'><strong>prac-</strong></span> 
     </span>
     <span class='ocr_line' id='line_1_18' title="bbox 297 2598 1542 2681; baseline 0 -17"><span class='ocrx_word' id='word_1_146' title='bbox 297 2598 364 2665; x_wconf 89' lang='lat' dir='ltr'><strong>tico</strong></span> <span class='ocrx_word' id='word_1_147' title='bbox 388 2602 549 2681; x_wconf 85' lang='lat' dir='ltr'><strong>consistit,</strong></span> <span class='ocrx_word' id='word_1_148' title='bbox 573 2604 688 2668; x_wconf 79' lang='lat' dir='ltr'><strong>donum</strong></span> <span class='ocrx_word' id='word_1_149' title='bbox 710 2605 830 2668; x_wconf 84' lang='lat' dir='ltr'><strong>morale</strong></span> <span class='ocrx_word' id='word_1_150' title='bbox 854 2604 899 2667; x_wconf 88' lang='lat' dir='ltr'><strong>od</strong></span> <span class='ocrx_word' id='word_1_151' title='bbox 921 2605 1064 2668; x_wconf 82' lang='lat' dir='ltr'><strong>ordinem</strong></span> <span class='ocrx_word' id='word_1_152' title='bbox 1089 2604 1226 2667; x_wconf 80' lang='lat' dir='ltr'><strong>rationis</strong></span> <span class='ocrx_word' id='word_1_153' title='bbox 1248 2602 1460 2666; x_wconf 82' lang='lat' dir='ltr'><strong>rceccseoriurn</strong></span> <span class='ocrx_word' id='word_1_154' title='bbox 1479 2623 1542 2665; x_wconf 84' lang='lat' dir='ltr'><strong>csse</strong></span> 
     </span>
     <span class='ocr_line' id='line_1_19' title="bbox 294 2706 1541 2792; baseline 0.002 -22"><span class='ocrx_word' id='word_1_155' title='bbox 294 2706 494 2788; x_wconf 75' lang='lat' dir='ltr'><strong>faciendum.</strong></span> <span class='ocrx_word' id='word_1_156' title='bbox 520 2707 861 2784; x_wconf 82' lang='lat' dir='ltr'><strong>-Quemadmodum</strong></span> <span class='ocrx_word' id='word_1_157' title='bbox 890 2709 992 2790; x_wconf 86' lang='lat' dir='ltr'><strong>igitur</strong></span> <span class='ocrx_word' id='word_1_158' title='bbox 1020 2707 1180 2792; x_wconf 90' lang='lat' dir='ltr'><strong>principie</strong></span> <span class='ocrx_word' id='word_1_159' title='bbox 1210 2707 1315 2790; x_wconf 90' lang='lat' dir='ltr'><strong>prima</strong></span> <span class='ocrx_word' id='word_1_160' title='bbox 1338 2707 1541 2789; x_wconf 88' lang='lat' dir='ltr'><strong>speculativa</strong></span> 
     </span>
     <span class='ocr_line' id='line_1_20' title="bbox 299 2812 1539 2896; baseline 0 -18"><span class='ocrx_word' id='word_1_161' title='bbox 299 2833 321 2878; x_wconf 90' lang='lat' dir='ltr'><strong>a</strong></span> <span class='ocrx_word' id='word_1_162' title='bbox 349 2813 495 2891; x_wconf 92' lang='lat' dir='ltr'><strong>nemine,</strong></span> <span class='ocrx_word' id='word_1_163' title='bbox 529 2813 584 2895; x_wconf 93' lang='lat' dir='ltr'><strong>qui</strong></span> <span class='ocrx_word' id='word_1_164' title='bbox 616 2814 744 2880; x_wconf 89' lang='lat' dir='ltr'><strong>ratione</strong></span> <span class='ocrx_word' id='word_1_165' title='bbox 775 2815 898 2893; x_wconf 87' lang='lat' dir='ltr'><strong>utitur,</strong></span> <span class='ocrx_word' id='word_1_166' title='bbox 930 2814 1076 2896; x_wconf 89' lang='lat' dir='ltr'><strong>ignorari</strong></span> <span class='ocrx_word' id='word_1_167' title='bbox 1110 2835 1150 2879; x_wconf 92' lang='lat' dir='ltr'><strong>ne</strong></span> <span class='ocrx_word' id='word_1_168' title='bbox 1183 2812 1380 2878; x_wconf 88' lang='lat' dir='ltr'><strong>vincibiliter</strong></span> <span class='ocrx_word' id='word_1_169' title='bbox 1412 2814 1539 2895; x_wconf 89' lang='lat' dir='ltr'><strong>quidem</strong></span> 
     </span>
     <span class='ocr_line' id='line_1_21' title="bbox 297 2919 1541 3007; baseline 0.002 -24"><span class='ocrx_word' id='word_1_170' title='bbox 297 2923 453 3002; x_wconf 83' lang='lat' dir='ltr'><strong>possunt,</strong></span> <span class='ocrx_word' id='word_1_171' title='bbox 484 2919 533 2985; x_wconf 88' lang='lat' dir='ltr'><strong>ita</strong></span> <span class='ocrx_word' id='word_1_172' title='bbox 562 2924 598 2986; x_wconf 86' lang='lat' dir='ltr'><strong>et</strong></span> <span class='ocrx_word' id='word_1_173' title='bbox 622 2924 733 3005; x_wconf 87' lang='lat' dir='ltr'><strong>prima</strong></span> <span class='ocrx_word' id='word_1_174' title='bbox 753 2930 923 3007; x_wconf 60' lang='lat' dir='ltr'><strong>precepto</strong></span> <span class='ocrx_word' id='word_1_175' title='bbox 953 2923 1029 3007; x_wconf 80' lang='lat' dir='ltr'><strong>lepis</strong></span> <span class='ocrx_word' id='word_1_176' title='bbox 1052 2923 1230 3002; x_wconf 84' lang='lat' dir='ltr'><strong>naturalia,</strong></span> <span class='ocrx_word' id='word_1_177' title='bbox 1262 2940 1346 3001; x_wconf 90' lang='lat' dir='ltr'><strong>quae</strong></span> <span class='ocrx_word' id='word_1_178' title='bbox 1370 2925 1447 2986; x_wconf 89' lang='lat' dir='ltr'><strong>sunt</strong></span> <span class='ocrx_word' id='word_1_179' title='bbox 1469 2919 1541 3003; x_wconf 84' lang='lat' dir='ltr'><strong>ipsa</strong></span> 
     </span>
     <span class='ocr_line' id='line_1_22' title="bbox 297 3024 1541 3110; baseline 0.003 -21"><span class='ocrx_word' id='word_1_180' title='bbox 297 3024 404 3108; x_wconf 89' lang='lat' dir='ltr'><strong>prima</strong></span> <span class='ocrx_word' id='word_1_181' title='bbox 427 3025 587 3110; x_wconf 85' lang='lat' dir='ltr'><strong>principia</strong></span> <span class='ocrx_word' id='word_1_182' title='bbox 609 3026 756 3109; x_wconf 90' lang='lat' dir='ltr'><strong>practica</strong></span> <span class='ocrx_word' id='word_1_183' title='bbox 779 3026 927 3104; x_wconf 90' lang='lat' dir='ltr'><strong>rationis,</strong></span> <span class='ocrx_word' id='word_1_184' title='bbox 952 3026 1078 3093; x_wconf 88' lang='lat' dir='ltr'><strong>cunctis</strong></span> <span class='ocrx_word' id='word_1_185' title='bbox 1099 3026 1319 3092; x_wconf 86' lang='lat' dir='ltr'><strong>essentialiter</strong></span> <span class='ocrx_word' id='word_1_186' title='bbox 1334 3025 1541 3093; x_wconf 86' lang='lat' dir='ltr'><strong>innotescant</strong></span> 
     </span>
     <span class='ocr_line' id='line_1_23' title="bbox 296 3131 1541 3216; baseline 0.002 -22"><span class='ocrx_word' id='word_1_187' title='bbox 296 3151 432 3196; x_wconf 87' lang='lat' dir='ltr'><strong>necesse</strong></span> <span class='ocrx_word' id='word_1_188' title='bbox 455 3135 515 3199; x_wconf 89' lang='lat' dir='ltr'><strong>est.</strong></span> <span class='ocrx_word' id='word_1_189' title='bbox 548 3131 699 3214; x_wconf 88' lang='lat' dir='ltr'><strong>Utraque</strong></span> <span class='ocrx_word' id='word_1_190' title='bbox 718 3153 836 3216; x_wconf 89' lang='lat' dir='ltr'><strong>nempe</strong></span> <span class='ocrx_word' id='word_1_191' title='bbox 851 3133 1001 3198; x_wconf 86' lang='lat' dir='ltr'><strong>similiter</strong></span> <span class='ocrx_word' id='word_1_192' title='bbox 1016 3131 1154 3199; x_wconf 89' lang='lat' dir='ltr'><strong>rationis</strong></span> <span class='ocrx_word' id='word_1_193' title='bbox 1169 3141 1322 3198; x_wconf 87' lang='lat' dir='ltr'><strong>naturum</strong></span> <span class='ocrx_word' id='word_1_194' title='bbox 1339 3131 1541 3197; x_wconf 86' lang='lat' dir='ltr'><strong>constituunt</strong></span> 
     </span>
     <span class='ocr_line' id='line_1_24' title="bbox 297 3237 1540 3321; baseline 0 -19"><span class='ocrx_word' id='word_1_195' title='bbox 297 3241 333 3302; x_wconf 91' lang='lat' dir='ltr'><strong>et</strong></span> <span class='ocrx_word' id='word_1_196' title='bbox 355 3237 428 3303; x_wconf 90' lang='lat' dir='ltr'><strong>ideo</strong></span> <span class='ocrx_word' id='word_1_197' title='bbox 452 3238 522 3303; x_wconf 89' lang='lat' dir='ltr'><strong>eius</strong></span> <span class='ocrx_word' id='word_1_198' title='bbox 544 3237 765 3304; x_wconf 85' lang='lat' dir='ltr'><strong>functionibus</strong></span> <span class='ocrx_word' id='word_1_199' title='bbox 789 3239 1011 3305; x_wconf 89' lang='lat' dir='ltr'><strong>essentialiter</strong></span> <span class='ocrx_word' id='word_1_200' title='bbox 1026 3237 1224 3321; x_wconf 88' lang='lat' dir='ltr'><strong>praesident.</strong></span> <span class='ocrx_word' id='word_1_201' title='bbox 1257 3237 1351 3304; x_wconf 92' lang='lat' dir='ltr'><strong>Unde</strong></span> <span class='ocrx_word' id='word_1_202' title='bbox 1367 3237 1540 3302; x_wconf 89' lang='lat' dir='ltr'><strong>manifeste</strong></span> 
     </span>
     <span class='ocr_line' id='line_1_25' title="bbox 297 3343 1539 3427; baseline 0 -20"><span class='ocrx_word' id='word_1_203' title='bbox 297 3345 516 3426; x_wconf 86' lang='lat' dir='ltr'><strong>consequitur,</strong></span> <span class='ocrx_word' id='word_1_204' title='bbox 541 3344 626 3426; x_wconf 91' lang='lat' dir='ltr'><strong>quod</strong></span> <span class='ocrx_word' id='word_1_205' title='bbox 643 3344 674 3410; x_wconf 88' lang='lat' dir='ltr'><strong>S.</strong></span> <span class='ocrx_word' id='word_1_206' title='bbox 691 3343 834 3409; x_wconf 79' lang='lat' dir='ltr'><strong>Thomas</strong></span> <span class='ocrx_word' id='word_1_207' title='bbox 854 3345 1033 3410; x_wconf 90' lang='lat' dir='ltr'><strong>concludit:</strong></span> <span class='ocrx_word' id='word_1_208' title='bbox 1063 3345 1186 3426; x_wconf 84' lang='lat' dir='ltr'><strong>,legem</strong></span> <span class='ocrx_word' id='word_1_209' title='bbox 1212 3347 1369 3426; x_wconf 90' lang='lat' dir='ltr'><strong>quantum</strong></span> <span class='ocrx_word' id='word_1_210' title='bbox 1393 3343 1435 3408; x_wconf 88' lang='lat' dir='ltr'><strong>ad</strong></span> <span class='ocrx_word' id='word_1_211' title='bbox 1447 3347 1539 3427; x_wconf 86' lang='lat' dir='ltr'><strong>prin-</strong></span> 
     </span>
     <span class='ocr_line' id='line_1_26' title="bbox 296 3447 1538 3534; baseline -0.002 -19"><span class='ocrx_word' id='word_1_212' title='bbox 296 3453 383 3534; x_wconf 87' lang='lat' dir='ltr'><strong>cipia</strong></span> <span class='ocrx_word' id='word_1_213' title='bbox 414 3453 592 3516; x_wconf 86' lang='lat' dir='ltr'><strong>communia</strong></span> <span class='ocrx_word' id='word_1_214' title='bbox 622 3450 711 3515; x_wconf 91' lang='lat' dir='ltr'><strong>nullo</strong></span> <span class='ocrx_word' id='word_1_215' title='bbox 739 3450 835 3514; x_wconf 90' lang='lat' dir='ltr'><strong>modo</strong></span> <span class='ocrx_word' id='word_1_216' title='bbox 859 3471 954 3534; x_wconf 86' lang='lat' dir='ltr'><strong>posse</strong></span> <span class='ocrx_word' id='word_1_217' title='bbox 978 3473 999 3516; x_wconf 87' lang='lat' dir='ltr'><strong>a</strong></span> <span class='ocrx_word' id='word_1_218' title='bbox 1022 3450 1172 3515; x_wconf 90' lang='lat' dir='ltr'><strong>cordibus</strong></span> <span class='ocrx_word' id='word_1_219' title='bbox 1195 3449 1359 3514; x_wconf 90' lang='lat' dir='ltr'><strong>hominum</strong></span> <span class='ocrx_word' id='word_1_220' title='bbox 1384 3447 1482 3514; x_wconf 92' lang='lat' dir='ltr'><strong>deleri</strong></span> <span class='ocrx_word' id='word_1_221' title='bbox 1507 3447 1538 3513; x_wconf 92' lang='lat' dir='ltr'><strong>in</strong></span> 
     </span>
     <span class='ocr_line' id='line_1_27' title="bbox 296 3554 1539 3641; baseline -0.002 -21"><span class='ocrx_word' id='word_1_222' title='bbox 296 3558 505 3633; x_wconf 78' lang='lat' dir='ltr'><strong>nniocr·aali“,</strong></span> <span class='ocrx_word' id='word_1_223' title='bbox 537 3554 686 3637; x_wconf 87' lang='lat' dir='ltr'><strong>quamvis</strong></span> <span class='ocrx_word' id='word_1_224' title='bbox 721 3555 840 3632; x_wconf 90' lang='lat' dir='ltr'><strong>,deleri</strong></span> <span class='ocrx_word' id='word_1_225' title='bbox 864 3555 971 3640; x_wconf 88' lang='lat' dir='ltr'><strong>possit</strong></span> <span class='ocrx_word' id='word_1_226' title='bbox 994 3555 1027 3620; x_wconf 91' lang='lat' dir='ltr'><strong>in</strong></span> <span class='ocrx_word' id='word_1_227' title='bbox 1049 3558 1243 3640; x_wconf 71' lang='lat' dir='ltr'><strong>particulari</strong></span> <span class='ocrx_word' id='word_1_228' title='bbox 1267 3555 1436 3641; x_wconf 84' lang='lat' dir='ltr'><strong>operabili“</strong></span> <span class='ocrx_word' id='word_1_229' title='bbox 1450 3557 1472 3620; x_wconf 78' lang='lat'><strong>³.</strong></span> <span class='ocrx_word' id='word_1_230' title='bbox 1496 3591 1539 3601; x_wconf 92' lang='lat'>—</span> 
     </span>
     <span class='ocr_line' id='line_1_28' title="bbox 297 3660 1539 3747; baseline -0.002 -20"><span class='ocrx_word' id='word_1_231' title='bbox 297 3663 448 3728; x_wconf 75' lang='lat' dir='ltr'><strong>Ceterum</strong></span> <span class='ocrx_word' id='word_1_232' title='bbox 478 3661 583 3727; x_wconf 90' lang='lat' dir='ltr'><strong>eidem</strong></span> <span class='ocrx_word' id='word_1_233' title='bbox 614 3662 749 3728; x_wconf 89' lang='lat' dir='ltr'><strong>veritati</strong></span> <span class='ocrx_word' id='word_1_234' title='bbox 780 3670 814 3727; x_wconf 90' lang='lat' dir='ltr'><strong>et</strong></span> <span class='ocrx_word' id='word_1_235' title='bbox 845 3664 1037 3747; x_wconf 90' lang='lat' dir='ltr'><strong>populorum</strong></span> <span class='ocrx_word' id='word_1_236' title='bbox 1061 3661 1199 3730; x_wconf 88' lang='lat' dir='ltr'><strong>historia</strong></span> <span class='ocrx_word' id='word_1_237' title='bbox 1228 3665 1262 3726; x_wconf 90' lang='lat' dir='ltr'><strong>et</strong></span> <span class='ocrx_word' id='word_1_238' title='bbox 1291 3660 1454 3726; x_wconf 86' lang='lat' dir='ltr'><strong>cotidiana</strong></span> <span class='ocrx_word' id='word_1_239' title='bbox 1482 3682 1539 3725; x_wconf 85' lang='lat' dir='ltr'><strong>ex·</strong></span> 
     </span>
     <span class='ocr_line' id='line_1_29' title="bbox 297 3767 818 3853; baseline 0.004 -21"><span class='ocrx_word' id='word_1_240' title='bbox 297 3768 458 3851; x_wconf 89' lang='lat' dir='ltr'><strong>perientia</strong></span> <span class='ocrx_word' id='word_1_241' title='bbox 480 3769 578 3853; x_wconf 93' lang='lat' dir='ltr'><strong>plane</strong></span> <span class='ocrx_word' id='word_1_242' title='bbox 601 3767 818 3834; x_wconf 88' lang='lat' dir='ltr'><strong>consentiunt.</strong></span> 
     </span>
    </p>

    <p class='ocr_par' dir='ltr' id='par_1_5' title="bbox 296 3873 1541 4065">
     <span class='ocr_line' id='line_1_30' title="bbox 386 3873 1541 3960; baseline -0.001 -20"><span class='ocrx_word' id='word_1_243' title='bbox 386 3878 441 3940; x_wconf 80' lang='lat' dir='ltr'><strong>Ad</strong></span> <span class='ocrx_word' id='word_1_244' title='bbox 463 3879 495 3940; x_wconf 85' lang='lat'><strong>2.</strong></span> <span class='ocrx_word' id='word_1_245' title='bbox 533 3876 704 3960; x_wconf 84' lang='lat' dir='ltr'><strong>Principia</strong></span> <span class='ocrx_word' id='word_1_246' title='bbox 730 3873 965 3956; x_wconf 81' lang='lat' dir='ltr'><strong>,secundaria“</strong></span> <span class='ocrx_word' id='word_1_247' title='bbox 992 3877 1069 3960; x_wconf 79' lang='lat' dir='ltr'><strong>lepis</strong></span> <span class='ocrx_word' id='word_1_248' title='bbox 1085 3874 1123 3939; x_wconf 82' lang='lat' dir='ltr'><strong>ab</strong></span> <span class='ocrx_word' id='word_1_249' title='bbox 1140 3875 1274 3955; x_wconf 79' lang='lat' dir='ltr'><strong>homine,</strong></span> <span class='ocrx_word' id='word_1_250' title='bbox 1300 3881 1403 3939; x_wconf 88' lang='lat' dir='ltr'><strong>utente</strong></span> <span class='ocrx_word' id='word_1_251' title='bbox 1417 3877 1541 3939; x_wconf 85' lang='lat' dir='ltr'><strong>ratione</strong></span> 
     </span>
     <span class='ocr_line' id='line_1_31' title="bbox 296 3983 1359 4065; baseline -0.004 -17"><span class='ocrx_word' id='word_1_252' title='bbox 296 3985 514 4048; x_wconf 67' lang='lat' dir='ltr'><strong>amarulenter</strong></span> <span class='ocrx_word' id='word_1_253' title='bbox 538 3983 668 4060; x_wconf 81' lang='lat' dir='ltr'><strong>evoluta,</strong></span> <span class='ocrx_word' id='word_1_254' title='bbox 692 3983 884 4047; x_wconf 79' lang='lat' dir='ltr'><strong>vincibiliter</strong></span> <span class='ocrx_word' id='word_1_255' title='bbox 905 3988 1028 4046; x_wconf 86' lang='lat' dir='ltr'><strong>tanturn</strong></span> <span class='ocrx_word' id='word_1_256' title='bbox 1053 3983 1199 4065; x_wconf 81' lang='lat' dir='ltr'><strong>ipuorari</strong></span> <span class='ocrx_word' id='word_1_257' title='bbox 1220 3989 1359 4065; x_wconf 65' lang='lat' dir='ltr'><strong>manunt.</strong></span> 
     </span>
    </p>

    <p class='ocr_par' dir='ltr' id='par_1_6' title="bbox 294 4085 1541 4701">
     <span class='ocr_line' id='line_1_32' title="bbox 387 4085 1539 4172; baseline -0.005 -18"><span class='ocrx_word' id='word_1_258' title='bbox 387 4087 421 4154; x_wconf 91' lang='lat' dir='ltr'><strong>Si</strong></span> <span class='ocrx_word' id='word_1_259' title='bbox 443 4087 539 4154; x_wconf 90' lang='lat' dir='ltr'><strong>istius</strong></span> <span class='ocrx_word' id='word_1_260' title='bbox 563 4088 679 4153; x_wconf 87' lang='lat' dir='ltr'><strong>classis</strong></span> <span class='ocrx_word' id='word_1_261' title='bbox 701 4087 871 4172; x_wconf 88' lang='lat' dir='ltr'><strong>principie,</strong></span> <span class='ocrx_word' id='word_1_262' title='bbox 895 4088 944 4155; x_wconf 92' lang='lat' dir='ltr'><strong>uti</strong></span> <span class='ocrx_word' id='word_1_263' title='bbox 967 4107 1083 4152; x_wconf 87' lang='lat' dir='ltr'><strong>sensus</strong></span> <span class='ocrx_word' id='word_1_264' title='bbox 1106 4087 1296 4152; x_wconf 85' lang='lat' dir='ltr'><strong>assertionis</strong></span> <span class='ocrx_word' id='word_1_265' title='bbox 1319 4085 1448 4150; x_wconf 90' lang='lat' dir='ltr'><strong>omnino</strong></span> <span class='ocrx_word' id='word_1_266' title='bbox 1465 4106 1539 4168; x_wconf 88' lang='lat' dir='ltr'><strong>sup-</strong></span> 
     </span>
     <span class='ocr_line' id='line_1_33' title="bbox 297 4191 1541 4278; baseline -0.003 -19"><span class='ocrx_word' id='word_1_267' title='bbox 297 4195 399 4278; x_wconf 90' lang='lat' dir='ltr'><strong>ponit,</strong></span> <span class='ocrx_word' id='word_1_268' title='bbox 423 4195 528 4259; x_wconf 90' lang='lat' dir='ltr'><strong>solum</strong></span> <span class='ocrx_word' id='word_1_269' title='bbox 551 4193 727 4259; x_wconf 87' lang='lat' dir='ltr'><strong>secundum</strong></span> <span class='ocrx_word' id='word_1_270' title='bbox 751 4215 797 4272; x_wconf 87' lang='lat' dir='ltr'><strong>se,</strong></span> <span class='ocrx_word' id='word_1_271' title='bbox 820 4215 880 4278; x_wconf 91' lang='lat' dir='ltr'><strong>pro</strong></span> <span class='ocrx_word' id='word_1_272' title='bbox 899 4214 960 4258; x_wconf 89' lang='lat' dir='ltr'><strong>sua</strong></span> <span class='ocrx_word' id='word_1_273' title='bbox 975 4193 1145 4258; x_wconf 87' lang='lat' dir='ltr'><strong>abstracta</strong></span> <span class='ocrx_word' id='word_1_274' title='bbox 1161 4191 1380 4274; x_wconf 87' lang='lat' dir='ltr'><strong>generalitate</strong></span> <span class='ocrx_word' id='word_1_275' title='bbox 1396 4195 1429 4256; x_wconf 91' lang='lat' dir='ltr'><strong>et</strong></span> <span class='ocrx_word' id='word_1_276' title='bbox 1445 4195 1541 4256; x_wconf 82' lang='lat' dir='ltr'><strong>extra</strong></span> 
     </span>
     <span class='ocr_line' id='line_1_34' title="bbox 298 4297 1539 4385; baseline -0.006 -18"><span class='ocrx_word' id='word_1_277' title='bbox 298 4305 452 4367; x_wconf 81' lang='lat' dir='ltr'><strong>actualem</strong></span> <span class='ocrx_word' id='word_1_278' title='bbox 477 4300 737 4385; x_wconf 76' lang='lat' dir='ltr'><strong>‘applicationem</strong></span> <span class='ocrx_word' id='word_1_279' title='bbox 761 4301 803 4364; x_wconf 90' lang='lat' dir='ltr'><strong>ad</strong></span> <span class='ocrx_word' id='word_1_280' title='bbox 826 4300 1059 4383; x_wconf 87' lang='lat' dir='ltr'><strong>particularem</strong></span> <span class='ocrx_word' id='word_1_281' title='bbox 1084 4298 1255 4364; x_wconf 90' lang='lat' dir='ltr'><strong>materiam</strong></span> <span class='ocrx_word' id='word_1_282' title='bbox 1281 4297 1539 4373; x_wconf 89' lang='lat' dir='ltr'><strong>considerantur,</strong></span> 
     </span>
     <span class='ocr_line' id='line_1_35' title="bbox 297 4405 1541 4485; baseline -0.002 -13"><span class='ocrx_word' id='word_1_283' title='bbox 297 4409 330 4472; x_wconf 93' lang='lat' dir='ltr'><strong>in</strong></span> <span class='ocrx_word' id='word_1_284' title='bbox 353 4407 492 4485; x_wconf 90' lang='lat' dir='ltr'><strong>homine,</strong></span> <span class='ocrx_word' id='word_1_285' title='bbox 523 4412 637 4474; x_wconf 88' lang='lat' dir='ltr'><strong>utente</strong></span> <span class='ocrx_word' id='word_1_286' title='bbox 660 4407 787 4472; x_wconf 88' lang='lat' dir='ltr'><strong>ratione</strong></span> <span class='ocrx_word' id='word_1_287' title='bbox 811 4407 1043 4473; x_wconf 88' lang='lat' dir='ltr'><strong>convenienter</strong></span> <span class='ocrx_word' id='word_1_288' title='bbox 1067 4406 1210 4482; x_wconf 89' lang='lat' dir='ltr'><strong>evolute,</strong></span> <span class='ocrx_word' id='word_1_289' title='bbox 1242 4405 1327 4470; x_wconf 90' lang='lat' dir='ltr'><strong>ratio</strong></span> <span class='ocrx_word' id='word_1_290' title='bbox 1351 4407 1479 4469; x_wconf 72' lang='lat' dir='ltr'><strong>lauterna</strong></span> <span class='ocrx_word' id='word_1_291' title='bbox 1504 4427 1541 4469; x_wconf 79' lang='lat' dir='ltr'><strong>en</strong></span> 
     </span>
     <span class='ocr_line' id='line_1_36' title="bbox 294 4509 1539 4600; baseline -0.003 -22"><span class='ocrx_word' id='word_1_292' title='bbox 294 4521 388 4600; x_wconf 77' lang='lat' dir='ltr'><strong>parte</strong></span> <span class='ocrx_word' id='word_1_293' title='bbox 417 4517 600 4580; x_wconf 78' lang='lat' dir='ltr'><strong>intellectiva</strong></span> <span class='ocrx_word' id='word_1_294' title='bbox 621 4513 787 4595; x_wconf 79' lang='lat' dir='ltr'><strong>facultatis</strong></span> <span class='ocrx_word' id='word_1_295' title='bbox 810 4513 900 4578; x_wconf 91' lang='lat' dir='ltr'><strong>nulla</strong></span> <span class='ocrx_word' id='word_1_296' title='bbox 924 4533 996 4577; x_wconf 88' lang='lat' dir='ltr'><strong>esse</strong></span> <span class='ocrx_word' id='word_1_297' title='bbox 1027 4515 1148 4596; x_wconf 87' lang='lat' dir='ltr'><strong>potest,</strong></span> <span class='ocrx_word' id='word_1_298' title='bbox 1179 4511 1281 4576; x_wconf 90' lang='lat' dir='ltr'><strong>multo</strong></span> <span class='ocrx_word' id='word_1_299' title='bbox 1305 4509 1411 4574; x_wconf 90' lang='lat' dir='ltr'><strong>minus</strong></span> <span class='ocrx_word' id='word_1_300' title='bbox 1434 4509 1539 4574; x_wconf 92' lang='lat' dir='ltr'><strong>invin-</strong></span> 
     </span>
     <span class='ocr_line' id='line_1_37' title="bbox 298 4614 1539 4701; baseline -0.003 -18"><span class='ocrx_word' id='word_1_301' title='bbox 298 4618 417 4699; x_wconf 88' lang='lat' dir='ltr'><strong>cibilis,</strong></span> <span class='ocrx_word' id='word_1_302' title='bbox 453 4621 493 4684; x_wconf 93' lang='lat' dir='ltr'><strong>ob</strong></span> <span class='ocrx_word' id='word_1_303' title='bbox 526 4639 623 4700; x_wconf 90' lang='lat' dir='ltr'><strong>quam</strong></span> <span class='ocrx_word' id='word_1_304' title='bbox 655 4618 795 4701; x_wconf 82' lang='lat' dir='ltr'><strong>cognitis</strong></span> <span class='ocrx_word' id='word_1_305' title='bbox 827 4617 995 4701; x_wconf 91' lang='lat' dir='ltr'><strong>principiis</strong></span> <span class='ocrx_word' id='word_1_306' title='bbox 1027 4617 1139 4701; x_wconf 89' lang='lat' dir='ltr'><strong>primis</strong></span> <span class='ocrx_word' id='word_1_307' title='bbox 1171 4614 1364 4680; x_wconf 85' lang='lat' dir='ltr'><strong>secundaria</strong></span> <span class='ocrx_word' id='word_1_308' title='bbox 1396 4615 1539 4696; x_wconf 91' lang='lat' dir='ltr'><strong>ignorari</strong></span> 
     </span>
    </p>
   </div>
   <div class='ocr_carea' id='block_1_4' title="bbox 298 4759 601 4767">
    <p class='ocr_par' dir='ltr' id='par_1_7' title="bbox 298 4759 601 4767">
     <span class='ocr_line' id='line_1_38' title="bbox 298 4759 601 4767; baseline -0.007 -1"><span class='ocrx_word' id='word_1_309' title='bbox 298 4759 601 4767; x_wconf 72' lang='lat'><strong>——-—-.—..—-</strong></span> 
     </span>
    </p>
   </div>
   <div class='ocr_carea' id='block_1_5' title="bbox 297 4821 1539 5150">
    <p class='ocr_par' dir='ltr' id='par_1_8' title="bbox 297 4821 1539 5150">
     <span class='ocr_line' id='line_1_39' title="bbox 388 4821 1539 4894; baseline 0 -16"><span class='ocrx_word' id='word_1_310' title='bbox 388 4827 396 4858; x_wconf 92' lang='lat'>¹</span> <span class='ocrx_word' id='word_1_311' title='bbox 416 4823 457 4878; x_wconf 78' lang='lat' dir='ltr'><strong>Oi.</strong></span> <span class='ocrx_word' id='word_1_312' title='bbox 476 4825 509 4878; x_wconf 91' lang='lat' dir='ltr'><strong>de</strong></span> <span class='ocrx_word' id='word_1_313' title='bbox 528 4825 622 4878; x_wconf 86' lang='lat' dir='ltr'><strong>eadem</strong></span> <span class='ocrx_word' id='word_1_314' title='bbox 639 4824 667 4878; x_wconf 86' lang='lat' dir='ltr'><strong>S.</strong></span> <span class='ocrx_word' id='word_1_315' title='bbox 680 4823 799 4878; x_wconf 83' lang='lat' dir='ltr'><strong>Thomae</strong></span> <span class='ocrx_word' id='word_1_316' title='bbox 818 4824 941 4878; x_wconf 89' lang='lat' dir='ltr'><strong>doctrina</strong></span> <span class='ocrx_word' id='word_1_317' title='bbox 960 4825 1067 4894; x_wconf 72' lang='lat' dir='ltr'><strong>Boniti,</strong></span> <span class='ocrx_word' id='word_1_318' title='bbox 1087 4825 1198 4880; x_wconf 86' lang='lat' dir='ltr'><strong>Summa</strong></span> <span class='ocrx_word' id='word_1_319' title='bbox 1218 4821 1315 4892; x_wconf 83' lang='lat' dir='ltr'><strong>philos.</strong></span> <span class='ocrx_word' id='word_1_320' title='bbox 1328 4821 1367 4874; x_wconf 87' lang='lat' dir='ltr'><strong>lli</strong></span> <span class='ocrx_word' id='word_1_321' title='bbox 1387 4839 1413 4876; x_wconf 90' lang='lat' dir='ltr'><strong>n.</strong></span> <span class='ocrx_word' id='word_1_322' title='bbox 1433 4822 1485 4878; x_wconf 77' lang='lat'><strong>320</strong></span> <span class='ocrx_word' id='word_1_323' title='bbox 1498 4840 1539 4892; x_wconf 84' lang='lat' dir='ltr'><strong>sq,</strong></span> 
     </span>
     <span class='ocr_line' id='line_1_40' title="bbox 297 4909 1466 4982; baseline -0.003 -14"><span class='ocrx_word' id='word_1_324' title='bbox 297 4919 487 4982; x_wconf 82' lang='lat' dir='ltr'><strong>nostrumque:</strong></span> <span class='ocrx_word' id='word_1_325' title='bbox 506 4913 556 4966; x_wconf 86' lang='lat' dir='ltr'><strong>Die</strong></span> <span class='ocrx_word' id='word_1_326' title='bbox 576 4911 746 4966; x_wconf 78' lang='lat' dir='ltr'><strong>Grundstttze</strong></span> <span class='ocrx_word' id='word_1_327' title='bbox 765 4913 812 4966; x_wconf 90' lang='lat' dir='ltr'><strong>der</strong></span> <span class='ocrx_word' id='word_1_328' title='bbox 831 4911 1000 4966; x_wconf 80' lang='lat' dir='ltr'><strong>Sittlichlreit</strong></span> <span class='ocrx_word' id='word_1_329' title='bbox 1020 4913 1072 4965; x_wconf 92' lang='lat' dir='ltr'><strong>und</strong></span> <span class='ocrx_word' id='word_1_330' title='bbox 1093 4913 1141 4966; x_wconf 87' lang='lat' dir='ltr'><strong>des</strong></span> <span class='ocrx_word' id='word_1_331' title='bbox 1160 4909 1262 4964; x_wconf 81' lang='lat' dir='ltr'><strong>Rechts</strong></span> <span class='ocrx_word' id='word_1_332' title='bbox 1281 4910 1297 4978; x_wconf 68' lang='lat'>5</span> <span class='ocrx_word' id='word_1_333' title='bbox 1318 4911 1466 4966; x_wconf 80' lang='lat'><strong>145-147.</strong></span> 
     </span>
     <span class='ocr_line' id='line_1_41' title="bbox 386 4999 1539 5070; baseline -0.002 -14"><span class='ocrx_word' id='word_1_334' title='bbox 386 5003 437 5056; x_wconf 77' lang='lat'><strong>²8.</strong></span> <span class='ocrx_word' id='word_1_335' title='bbox 455 5002 556 5070; x_wconf 64' lang='lat' dir='ltr'><strong>llrom„</strong></span> <span class='ocrx_word' id='word_1_336' title='bbox 570 5001 597 5054; x_wconf 90' lang='lat' dir='ltr'><strong>S.</strong></span> <span class='ocrx_word' id='word_1_337' title='bbox 606 5001 689 5054; x_wconf 91' lang='lat' dir='ltr'><strong>theol.</strong></span> <span class='ocrx_word' id='word_1_338' title='bbox 702 5002 724 5064; x_wconf 91' lang='lat' dir='ltr'><strong>l,</strong></span> <span class='ocrx_word' id='word_1_339' title='bbox 738 5001 763 5063; x_wconf 77' lang='grc'><strong>2,</strong></span> <span class='ocrx_word' id='word_1_340' title='bbox 776 5017 802 5070; x_wconf 90' lang='lat' dir='ltr'><strong>q.</strong></span> <span class='ocrx_word' id='word_1_341' title='bbox 812 5002 855 5067; x_wconf 81' lang='lat'><strong>94,</strong></span> <span class='ocrx_word' id='word_1_342' title='bbox 869 5017 893 5054; x_wconf 86' lang='lat' dir='ltr'><strong>a.</strong></span> <span class='ocrx_word' id='word_1_343' title='bbox 903 5001 932 5056; x_wconf 76' lang='lat'><strong>2:</strong></span> <span class='ocrx_word' id='word_1_344' title='bbox 950 5004 971 5066; x_wconf 88' lang='lat'><strong>1,</strong></span> <span class='ocrx_word' id='word_1_345' title='bbox 986 5017 1011 5068; x_wconf 94' lang='lat' dir='ltr'><strong>q.</strong></span> <span class='ocrx_word' id='word_1_346' title='bbox 1023 5001 1064 5066; x_wconf 71' lang='lat'><strong>79,</strong></span> <span class='ocrx_word' id='word_1_347' title='bbox 1078 5019 1102 5054; x_wconf 88' lang='lat' dir='ltr'><strong>a.</strong></span> <span class='ocrx_word' id='word_1_348' title='bbox 1116 5002 1155 5054; x_wconf 85' lang='lat'><strong>12.</strong></span> <span class='ocrx_word' id='word_1_349' title='bbox 1230 4999 1290 5052; x_wconf 65' lang='grc' dir='ltr'><strong>8ΙΙ).</strong></span> <span class='ocrx_word' id='word_1_350' title='bbox 1306 4999 1329 5064; x_wconf 89' lang='lat'><strong>1,</strong></span> <span class='ocrx_word' id='word_1_351' title='bbox 1343 5003 1367 5058; x_wconf 78' lang='lat'><strong>2.</strong></span> <span class='ocrx_word' id='word_1_352' title='bbox 1381 5017 1406 5068; x_wconf 92' lang='lat' dir='ltr'><strong>q.</strong></span> <span class='ocrx_word' id='word_1_353' title='bbox 1420 5001 1462 5064; x_wconf 85' lang='grc'><strong>94,</strong></span> <span class='ocrx_word' id='word_1_354' title='bbox 1476 5017 1500 5054; x_wconf 93' lang='lat' dir='ltr'><strong>a.</strong></span> <span class='ocrx_word' id='word_1_355' title='bbox 1514 5001 1539 5054; x_wconf 87' lang='grc'><strong>6.</strong></span> 
     </span>
     <span class='ocr_line' id='line_1_42' title="bbox 349 5087 1332 5150; baseline 0.002 -12"><span class='ocrx_word' id='word_1_356' title='bbox 349 5097 456 5150; x_wconf 71' lang='lat' dir='ltr'><strong>Meyer,</strong></span> <span class='ocrx_word' id='word_1_357' title='bbox 470 5098 508 5140; x_wconf 81' lang='lat' dir='ltr'><strong>Ius</strong></span> <span class='ocrx_word' id='word_1_358' title='bbox 523 5096 634 5140; x_wconf 77' lang='lat' dir='ltr'><strong>naturale.</strong></span> <span class='ocrx_word' id='word_1_359' title='bbox 657 5098 675 5140; x_wconf 93' lang='lat'><strong>1.</strong></span> <span class='ocrx_word' id='word_1_360' title='bbox 694 5096 734 5137; x_wconf 84' lang='lat' dir='ltr'><strong>Ed.</strong></span> <span class='ocrx_word' id='word_1_361' title='bbox 749 5097 768 5140; x_wconf 71' lang='lat'><strong>2.</strong></span> <span class='ocrx_word' id='word_1_362' title='bbox 1300 5087 1332 5141; x_wconf 88' lang='grc'><strong>16</strong></span> 
     </span>
    </p>
   </div>
   <div class='ocr_carea' id='block_1_6' title="bbox 0 0 1961 5842">
    <p class='ocr_par' dir='ltr' id='par_1_9' title="bbox 0 0 1961 5842">
     <span class='ocr_line' id='line_1_43' title="bbox 0 0 1961 5842; baseline 0 0"><span class='ocrx_word' id='word_1_363' title='bbox 0 0 1961 5842; x_wconf 95' lang='lat' dir='ltr'><strong> </strong></span> 
     </span>
    </p>
   </div>
  </div>
 </body>
</html>
