<?xml version="1.0" encoding="UTF-8"?>
<!DOCTYPE html PUBLIC "-//W3C//DTD XHTML 1.0 Transitional//EN"
    "http://www.w3.org/TR/xhtml1/DTD/xhtml1-transitional.dtd">
<html xmlns="http://www.w3.org/1999/xhtml" xml:lang="en" lang="en">
 <head>
  <title>
</title>
<meta http-equiv="Content-Type" content="text/html;charset=utf-8" />
  <meta name='ocr-system' content='tesseract 3.04.00' />
  <meta name='ocr-capabilities' content='ocr_page ocr_carea ocr_par ocr_line ocrx_word'/>
</head>
<body>
  <div class='ocr_page' id='page_1' title='image "./institutionesiu00meyegoog_0310.png"; bbox 0 0 3909 5842; ppageno 0'>
   <div class='ocr_carea' id='block_1_1' title="bbox 442 653 1480 750">
    <p class='ocr_par' dir='ltr' id='par_1_1' title="bbox 442 653 1480 750">
     <span class='ocr_line' id='line_1_1' title="bbox 442 653 1480 750; baseline -0.006 -14"><span class='ocrx_word' id='word_1_1' title='bbox 442 681 507 746; x_wconf 83' lang='lat'>258</span> <span class='ocrx_word' id='word_1_2' title='bbox 652 677 742 733; x_wconf 70' lang='lat' dir='ltr'>secio</span> <span class='ocrx_word' id='word_1_3' title='bbox 761 678 782 732; x_wconf 91' lang='lat'>1.</span> <span class='ocrx_word' id='word_1_4' title='bbox 820 677 901 733; x_wconf 67' lang='lat' dir='ltr'>nicer</span> <span class='ocrx_word' id='word_1_5' title='bbox 919 677 967 732; x_wconf 88' lang='lat' dir='ltr'>m.</span> <span class='ocrx_word' id='word_1_6' title='bbox 1006 677 1094 750; x_wconf 73' lang='lat' dir='ltr'>caput</span> <span class='ocrx_word' id='word_1_7' title='bbox 1113 677 1160 734; x_wconf 88' lang='lat'>111.</span> <span class='ocrx_word' id='word_1_8' title='bbox 1197 653 1338 732; x_wconf 63' lang='lat' dir='ltr'>monia</span> <span class='ocrx_word' id='word_1_9' title='bbox 1356 677 1382 731; x_wconf 82' lang='lat' dir='ltr'>a.</span> <span class='ocrx_word' id='word_1_10' title='bbox 1419 676 1480 746; x_wconf 74' lang='lat' dir='ltr'>sl·</span> 
     </span>
    </p>
   </div>
   <div class='ocr_carea' id='block_1_2' title="bbox 441 854 1688 1161">
    <p class='ocr_par' dir='ltr' id='par_1_2' title="bbox 441 854 1688 1161">
     <span class='ocr_line' id='line_1_2' title="bbox 441 854 1685 940; baseline -0.001 -20"><span class='ocrx_word' id='word_1_11' title='bbox 441 855 624 922; x_wconf 88' lang='lat' dir='ltr'>infirmitati</span> <span class='ocrx_word' id='word_1_12' title='bbox 653 854 766 940; x_wconf 89' lang='lat' dir='ltr'>potius</span> <span class='ocrx_word' id='word_1_13' title='bbox 795 876 838 922; x_wconf 84' lang='lat' dir='ltr'>ex</span> <span class='ocrx_word' id='word_1_14' title='bbox 868 854 1045 939; x_wconf 89' lang='lat' dir='ltr'>originario</span> <span class='ocrx_word' id='word_1_15' title='bbox 1076 859 1214 922; x_wconf 88' lang='lat' dir='ltr'>naturae</span> <span class='ocrx_word' id='word_1_16' title='bbox 1243 855 1338 939; x_wconf 90' lang='lat' dir='ltr'>lapsu</span> <span class='ocrx_word' id='word_1_17' title='bbox 1369 857 1560 922; x_wconf 88' lang='lat' dir='ltr'>contractae</span> <span class='ocrx_word' id='word_1_18' title='bbox 1593 873 1685 936; x_wconf 90' lang='lat' dir='ltr'>quam</span> 
     </span>
     <span class='ocr_line' id='line_1_3' title="bbox 442 960 1360 1046; baseline -0.002 -18"><span class='ocrx_word' id='word_1_19' title='bbox 442 960 630 1046; x_wconf 79' lang='lat' dir='ltr'>exigentiae</span> <span class='ocrx_word' id='word_1_20' title='bbox 654 981 733 1027; x_wconf 91' lang='lat' dir='ltr'>vere</span> <span class='ocrx_word' id='word_1_21' title='bbox 755 961 900 1028; x_wconf 89' lang='lat' dir='ltr'>naturali</span> <span class='ocrx_word' id='word_1_22' title='bbox 922 961 1115 1027; x_wconf 79' lang='lat' dir='ltr'>subvenisse</span> <span class='ocrx_word' id='word_1_23' title='bbox 1139 961 1275 1027; x_wconf 86' lang='lat' dir='ltr'>dicenda</span> <span class='ocrx_word' id='word_1_24' title='bbox 1299 963 1360 1026; x_wconf 90' lang='lat' dir='ltr'>est.</span> 
     </span>
     <span class='ocr_line' id='line_1_4' title="bbox 532 1073 1688 1161; baseline -0.003 -19"><span class='ocrx_word' id='word_1_25' title='bbox 532 1077 616 1143; x_wconf 81' lang='lat' dir='ltr'>Esse</span> <span class='ocrx_word' id='word_1_26' title='bbox 638 1080 749 1144; x_wconf 91' lang='lat' dir='ltr'>antem</span> <span class='ocrx_word' id='word_1_27' title='bbox 772 1081 946 1161; x_wconf 91' lang='lat' dir='ltr'>praeterea</span> <span class='ocrx_word' id='word_1_28' title='bbox 970 1076 1108 1143; x_wconf 89' lang='lat' dir='ltr'>alicuius</span> <span class='ocrx_word' id='word_1_29' title='bbox 1130 1075 1347 1160; x_wconf 81' lang='lat' dir='ltr'>legislationis</span> <span class='ocrx_word' id='word_1_30' title='bbox 1370 1073 1534 1160; x_wconf 78' lang='lat' dir='ltr'>positivae</span> <span class='ocrx_word' id='word_1_31' title='bbox 1548 1073 1688 1140; x_wconf 87' lang='lat' dir='ltr'>necessi·</span> 
     </span>
    </p>
   </div>
   <div class='ocr_carea' id='block_1_3' title="bbox 442 1181 1781 1264">
    <p class='ocr_par' dir='ltr' id='par_1_3' title="bbox 442 1181 1781 1264">
     <span class='ocr_line' id='line_1_5' title="bbox 442 1181 1781 1264; baseline -0.004 -15"><span class='ocrx_word' id='word_1_32' title='bbox 442 1187 548 1250; x_wconf 88' lang='lat' dir='ltr'>tatem</span> <span class='ocrx_word' id='word_1_33' title='bbox 571 1203 649 1249; x_wconf 90' lang='lat' dir='ltr'>vere</span> <span class='ocrx_word' id='word_1_34' title='bbox 668 1182 863 1261; x_wconf 76' lang='lat' dir='ltr'>naturalem,</span> <span class='ocrx_word' id='word_1_35' title='bbox 887 1203 951 1248; x_wconf 91' lang='lat' dir='ltr'>non</span> <span class='ocrx_word' id='word_1_36' title='bbox 967 1186 1037 1248; x_wconf 88' lang='lat' dir='ltr'>tam</span> <span class='ocrx_word' id='word_1_37' title='bbox 1053 1181 1088 1248; x_wconf 96' lang='lat' dir='ltr'>in</span> <span class='ocrx_word' id='word_1_38' title='bbox 1105 1181 1293 1247; x_wconf 89' lang='lat' dir='ltr'>condicione</span> <span class='ocrx_word' id='word_1_39' title='bbox 1308 1185 1447 1248; x_wconf 88' lang='lat' dir='ltr'>naturae</span> <span class='ocrx_word' id='word_1_40' title='bbox 1462 1181 1576 1264; x_wconf 86' lang='lat' dir='ltr'>lapsae</span> <span class='ocrx_word' id='word_1_41' title='bbox 1594 1201 1687 1262; x_wconf 86' lang='lat' dir='ltr'>qoam</span> <span class='ocrx_word' id='word_1_42' title='bbox 1780 1227 1781 1244; x_wconf 61' lang='lat'>,</span> 
     </span>
    </p>
   </div>
   <div class='ocr_carea' id='block_1_4' title="bbox 344 1285 1781 2860">
    <p class='ocr_par' dir='ltr' id='par_1_4' title="bbox 344 1285 1781 2860">
     <span class='ocr_line' id='line_1_6' title="bbox 443 1285 1690 1374; baseline -0.002 -20"><span class='ocrx_word' id='word_1_43' title='bbox 443 1289 477 1354; x_wconf 95' lang='lat' dir='ltr'>in</span> <span class='ocrx_word' id='word_1_44' title='bbox 507 1290 582 1374; x_wconf 90' lang='lat' dir='ltr'>ipsa</span> <span class='ocrx_word' id='word_1_45' title='bbox 613 1289 757 1356; x_wconf 89' lang='lat' dir='ltr'>naturali</span> <span class='ocrx_word' id='word_1_46' title='bbox 790 1287 911 1355; x_wconf 86' lang='lat' dir='ltr'>ordinis</span> <span class='ocrx_word' id='word_1_47' title='bbox 943 1288 1077 1354; x_wconf 88' lang='lat' dir='ltr'>moralis</span> <span class='ocrx_word' id='word_1_48' title='bbox 1110 1287 1299 1355; x_wconf 88' lang='lat' dir='ltr'>oeconomia</span> <span class='ocrx_word' id='word_1_49' title='bbox 1331 1287 1514 1366; x_wconf 83' lang='lat' dir='ltr'>fundatam,</span> <span class='ocrx_word' id='word_1_50' title='bbox 1546 1285 1690 1354; x_wconf 88' lang='lat' dir='ltr'>rationes</span> 
     </span>
     <span class='ocr_line' id='line_1_7' title="bbox 443 1392 1691 1480; baseline -0.003 -18"><span class='ocrx_word' id='word_1_51' title='bbox 443 1416 545 1480; x_wconf 90' lang='lat' dir='ltr'>supra</span> <span class='ocrx_word' id='word_1_52' title='bbox 573 1393 619 1476; x_wconf 89' lang='lat' dir='ltr'>(n.</span> <span class='ocrx_word' id='word_1_53' title='bbox 651 1396 731 1479; x_wconf 82' lang='lat'>289)</span> <span class='ocrx_word' id='word_1_54' title='bbox 761 1399 973 1463; x_wconf 90' lang='lat' dir='ltr'>enumeratae</span> <span class='ocrx_word' id='word_1_55' title='bbox 1006 1395 1088 1462; x_wconf 90' lang='lat' dir='ltr'>satis</span> <span class='ocrx_word' id='word_1_56' title='bbox 1121 1394 1286 1462; x_wconf 80' lang='lat' dir='ltr'>evincmrt.</span> <span class='ocrx_word' id='word_1_57' title='bbox 1333 1393 1450 1478; x_wconf 90' lang='lat' dir='ltr'>Neque</span> <span class='ocrx_word' id='word_1_58' title='bbox 1479 1393 1587 1460; x_wconf 91' lang='lat' dir='ltr'>minus</span> <span class='ocrx_word' id='word_1_59' title='bbox 1618 1392 1691 1458; x_wconf 91' lang='lat' dir='ltr'>inde</span> 
     </span>
     <span class='ocr_line' id='line_1_8' title="bbox 443 1499 1781 1586; baseline -0.002 -19"><span class='ocrx_word' id='word_1_60' title='bbox 443 1504 593 1586; x_wconf 89' lang='lat' dir='ltr'>apparet,</span> <span class='ocrx_word' id='word_1_61' title='bbox 617 1500 776 1568; x_wconf 90' lang='lat' dir='ltr'>eiusmodi</span> <span class='ocrx_word' id='word_1_62' title='bbox 795 1499 973 1567; x_wconf 87' lang='lat' dir='ltr'>subsidium</span> <span class='ocrx_word' id='word_1_63' title='bbox 997 1501 1118 1584; x_wconf 91' lang='lat' dir='ltr'>requiri</span> <span class='ocrx_word' id='word_1_64' title='bbox 1141 1523 1205 1566; x_wconf 94' lang='lat' dir='ltr'>non</span> <span class='ocrx_word' id='word_1_65' title='bbox 1229 1521 1289 1586; x_wconf 89' lang='lat' dir='ltr'>per</span> <span class='ocrx_word' id='word_1_66' title='bbox 1311 1501 1442 1566; x_wconf 92' lang='lat' dir='ltr'>modum</span> <span class='ocrx_word' id='word_1_67' title='bbox 1466 1504 1560 1568; x_wconf 87' lang='lat' dir='ltr'>actus</span> <span class='ocrx_word' id='word_1_68' title='bbox 1583 1504 1692 1566; x_wconf 90' lang='lat' dir='ltr'>trans·</span> <span class='ocrx_word' id='word_1_69' title='bbox 1780 1501 1781 1512; x_wconf 65' lang='lat'><em>²</em></span> 
     </span>
     <span class='ocr_line' id='line_1_9' title="bbox 444 1605 1692 1693; baseline -0.003 -20"><span class='ocrx_word' id='word_1_70' title='bbox 444 1607 562 1687; x_wconf 89' lang='lat' dir='ltr'>euntis,</span> <span class='ocrx_word' id='word_1_71' title='bbox 586 1608 645 1673; x_wconf 90' lang='lat' dir='ltr'>sed</span> <span class='ocrx_word' id='word_1_72' title='bbox 667 1629 726 1693; x_wconf 91' lang='lat' dir='ltr'>per</span> <span class='ocrx_word' id='word_1_73' title='bbox 749 1607 881 1673; x_wconf 91' lang='lat' dir='ltr'>modum</span> <span class='ocrx_word' id='word_1_74' title='bbox 903 1607 1120 1674; x_wconf 89' lang='lat' dir='ltr'>institutionis</span> <span class='ocrx_word' id='word_1_75' title='bbox 1141 1606 1279 1687; x_wconf 89' lang='lat' dir='ltr'>stabilis,</span> <span class='ocrx_word' id='word_1_76' title='bbox 1305 1605 1417 1690; x_wconf 85' lang='lat' dir='ltr'>generi</span> <span class='ocrx_word' id='word_1_77' title='bbox 1439 1605 1582 1672; x_wconf 91' lang='lat' dir='ltr'>humano</span> <span class='ocrx_word' id='word_1_78' title='bbox 1608 1607 1692 1671; x_wconf 89' lang='lat' dir='ltr'>eius·</span> 
     </span>
     <span class='ocr_line' id='line_1_10' title="bbox 444 1713 1694 1798; baseline -0.004 -19"><span class='ocrx_word' id='word_1_79' title='bbox 444 1735 507 1796; x_wconf 92' lang='lat' dir='ltr'>que</span> <span class='ocrx_word' id='word_1_80' title='bbox 530 1715 725 1780; x_wconf 82' lang='lat' dir='ltr'>successivis</span> <span class='ocrx_word' id='word_1_81' title='bbox 748 1713 1016 1798; x_wconf 85' lang='lat' dir='ltr'>generationibus</span> <span class='ocrx_word' id='word_1_82' title='bbox 1039 1713 1161 1797; x_wconf 91' lang='lat' dir='ltr'>iugiter</span> <span class='ocrx_word' id='word_1_83' title='bbox 1184 1713 1377 1798; x_wconf 88' lang='lat' dir='ltr'>praesentis.</span> <span class='ocrx_word' id='word_1_84' title='bbox 1409 1713 1531 1795; x_wconf 85' lang='lat' dir='ltr'>Ecquis</span> <span class='ocrx_word' id='word_1_85' title='bbox 1553 1734 1622 1778; x_wconf 92' lang='lat' dir='ltr'>non</span> <span class='ocrx_word' id='word_1_86' title='bbox 1637 1731 1694 1795; x_wconf 89' lang='lat' dir='ltr'>per</span> 
     </span>
     <span class='ocr_line' id='line_1_11' title="bbox 444 1817 1781 1908; baseline -0.005 -20"><span class='ocrx_word' id='word_1_87' title='bbox 444 1823 550 1908; x_wconf 91' lang='lat' dir='ltr'>ipsum</span> <span class='ocrx_word' id='word_1_88' title='bbox 573 1822 760 1889; x_wconf 89' lang='lat' dir='ltr'>universale</span> <span class='ocrx_word' id='word_1_89' title='bbox 782 1819 940 1888; x_wconf 90' lang='lat' dir='ltr'>historiae</span> <span class='ocrx_word' id='word_1_90' title='bbox 963 1821 1101 1900; x_wconf 88' lang='lat' dir='ltr'>factum,</span> <span class='ocrx_word' id='word_1_91' title='bbox 1133 1841 1195 1903; x_wconf 90' lang='lat' dir='ltr'>quo</span> <span class='ocrx_word' id='word_1_92' title='bbox 1219 1819 1338 1902; x_wconf 89' lang='lat' dir='ltr'>ubique</span> <span class='ocrx_word' id='word_1_93' title='bbox 1361 1823 1524 1886; x_wconf 90' lang='lat' dir='ltr'>terrarum</span> <span class='ocrx_word' id='word_1_94' title='bbox 1549 1821 1585 1885; x_wconf 89' lang='lat' dir='ltr'>et</span> <span class='ocrx_word' id='word_1_95' title='bbox 1608 1817 1694 1884; x_wconf 92' lang='lat' dir='ltr'>omni</span> <span class='ocrx_word' id='word_1_96' title='bbox 1780 1883 1781 1896; x_wconf 50' lang='lat'>,</span> 
     </span>
     <span class='ocr_line' id='line_1_12' title="bbox 443 1925 1694 2013; baseline -0.006 -17"><span class='ocrx_word' id='word_1_97' title='bbox 443 1933 592 2013; x_wconf 87' lang='lat' dir='ltr'>tempore</span> <span class='ocrx_word' id='word_1_98' title='bbox 616 1928 747 1996; x_wconf 90' lang='lat' dir='ltr'>socialis</span> <span class='ocrx_word' id='word_1_99' title='bbox 769 1927 927 2012; x_wconf 85' lang='lat' dir='ltr'>legiferae</span> <span class='ocrx_word' id='word_1_100' title='bbox 951 1925 1160 1994; x_wconf 79' lang='lat' dir='ltr'>auctoritatis</span> <span class='ocrx_word' id='word_1_101' title='bbox 1178 1927 1365 1994; x_wconf 88' lang='lat' dir='ltr'>institutum</span> <span class='ocrx_word' id='word_1_102' title='bbox 1381 1947 1500 1992; x_wconf 90' lang='lat' dir='ltr'>revera</span> <span class='ocrx_word' id='word_1_103' title='bbox 1514 1925 1694 1992; x_wconf 84' lang='lat' dir='ltr'>subsistere</span> 
     </span>
     <span class='ocr_line' id='line_1_13' title="bbox 344 2031 1781 2118; baseline -0.004 -16"><span class='ocrx_word' id='word_1_104' title='bbox 344 2060 347 2066; x_wconf 62' lang='lat'>¹</span> <span class='ocrx_word' id='word_1_105' title='bbox 445 2037 600 2116; x_wconf 89' lang='lat' dir='ltr'>cernitur,</span> <span class='ocrx_word' id='word_1_106' title='bbox 629 2035 770 2101; x_wconf 87' lang='lat' dir='ltr'>idealem</span> <span class='ocrx_word' id='word_1_107' title='bbox 798 2033 889 2099; x_wconf 91' lang='lat' dir='ltr'>illam</span> <span class='ocrx_word' id='word_1_108' title='bbox 913 2037 1052 2099; x_wconf 90' lang='lat' dir='ltr'>naturae</span> <span class='ocrx_word' id='word_1_109' title='bbox 1075 2032 1290 2116; x_wconf 88' lang='lat' dir='ltr'>indigentiam</span> <span class='ocrx_word' id='word_1_110' title='bbox 1313 2033 1411 2118; x_wconf 86' lang='lat' dir='ltr'>plane</span> <span class='ocrx_word' id='word_1_111' title='bbox 1435 2032 1624 2098; x_wconf 84' lang='lat' dir='ltr'>confirmari</span> <span class='ocrx_word' id='word_1_112' title='bbox 1646 2031 1694 2096; x_wconf 92' lang='lat' dir='ltr'>in·</span> <span class='ocrx_word' id='word_1_113' title='bbox 1780 2113 1781 2116; x_wconf 8' lang='grc' dir='ltr'><strong>Ἴ</strong></span> 
     </span>
     <span class='ocr_line' id='line_1_14' title="bbox 444 2138 1694 2227; baseline -0.008 -17"><span class='ocrx_word' id='word_1_114' title='bbox 444 2143 583 2225; x_wconf 89' lang='lat' dir='ltr'>tellegat</span> <span class='ocrx_word' id='word_1_115' title='bbox 621 2140 857 2227; x_wconf 89' lang='lat' dir='ltr'>providamque</span> <span class='ocrx_word' id='word_1_116' title='bbox 895 2138 1039 2222; x_wconf 90' lang='lat' dir='ltr'>supremi</span> <span class='ocrx_word' id='word_1_117' title='bbox 1076 2139 1220 2205; x_wconf 88' lang='lat' dir='ltr'>auctoris</span> <span class='ocrx_word' id='word_1_118' title='bbox 1252 2143 1352 2222; x_wconf 91' lang='lat' dir='ltr'>atque</span> <span class='ocrx_word' id='word_1_119' title='bbox 1384 2139 1522 2205; x_wconf 89' lang='lat' dir='ltr'>rectoris</span> <span class='ocrx_word' id='word_1_120' title='bbox 1554 2143 1694 2205; x_wconf 87' lang='lat' dir='ltr'>naturae</span> 
     </span>
     <span class='ocr_line' id='line_1_15' title="bbox 445 2244 1694 2333; baseline -0.005 -19"><span class='ocrx_word' id='word_1_121' title='bbox 445 2271 576 2316; x_wconf 91' lang='lat' dir='ltr'>manum</span> <span class='ocrx_word' id='word_1_122' title='bbox 600 2249 783 2333; x_wconf 80' lang='lat' dir='ltr'>agnoscat?</span> <span class='ocrx_word' id='word_1_123' title='bbox 805 2281 849 2291; x_wconf 89' lang='lat'>—</span> <span class='ocrx_word' id='word_1_124' title='bbox 864 2246 927 2311; x_wconf 78' lang='lat' dir='ltr'>list</span> <span class='ocrx_word' id='word_1_125' title='bbox 948 2245 1051 2328; x_wconf 88' lang='lat' dir='ltr'>igitur</span> <span class='ocrx_word' id='word_1_126' title='bbox 1074 2245 1232 2311; x_wconf 91' lang='lat' dir='ltr'>eiusmodi</span> <span class='ocrx_word' id='word_1_127' title='bbox 1255 2245 1472 2328; x_wconf 89' lang='lat' dir='ltr'>legislationis</span> <span class='ocrx_word' id='word_1_128' title='bbox 1494 2244 1694 2321; x_wconf 88' lang='lat' dir='ltr'>institutum,</span> 
     </span>
     <span class='ocr_line' id='line_1_16' title="bbox 443 2345 1781 2440; baseline -0.006 -18"><span class='ocrx_word' id='word_1_129' title='bbox 443 2355 579 2422; x_wconf 88' lang='lat' dir='ltr'>tametsi</span> <span class='ocrx_word' id='word_1_130' title='bbox 611 2353 760 2440; x_wconf 84' lang='lat' dir='ltr'>proxime</span> <span class='ocrx_word' id='word_1_131' title='bbox 793 2355 828 2418; x_wconf 89' lang='lat' dir='ltr'>et</span> <span class='ocrx_word' id='word_1_132' title='bbox 858 2351 892 2417; x_wconf 92' lang='lat' dir='ltr'>in</span> <span class='ocrx_word' id='word_1_133' title='bbox 922 2351 1114 2436; x_wconf 82' lang='lat' dir='ltr'>particulari</span> <span class='ocrx_word' id='word_1_134' title='bbox 1146 2373 1167 2418; x_wconf 85' lang='lat' dir='ltr'>a</span> <span class='ocrx_word' id='word_1_135' title='bbox 1196 2351 1298 2416; x_wconf 89' lang='lat' dir='ltr'>libero</span> <span class='ocrx_word' id='word_1_136' title='bbox 1329 2350 1463 2417; x_wconf 88' lang='lat' dir='ltr'>consilio</span> <span class='ocrx_word' id='word_1_137' title='bbox 1493 2350 1695 2434; x_wconf 86' lang='lat' dir='ltr'>legislatoris</span> <span class='ocrx_word' id='word_1_138' title='bbox 1780 2345 1781 2362; x_wconf 60' lang='lat'>¹</span> 
     </span>
     <span class='ocr_line' id='line_1_17' title="bbox 445 2457 1781 2546; baseline -0.004 -19"><span class='ocrx_word' id='word_1_139' title='bbox 445 2462 645 2546; x_wconf 89' lang='lat' dir='ltr'>dependeat,</span> <span class='ocrx_word' id='word_1_140' title='bbox 675 2480 782 2542; x_wconf 93' lang='lat' dir='ltr'>neque</span> <span class='ocrx_word' id='word_1_141' title='bbox 811 2457 933 2540; x_wconf 89' lang='lat' dir='ltr'>aliquid</span> <span class='ocrx_word' id='word_1_142' title='bbox 963 2457 1174 2524; x_wconf 89' lang='lat' dir='ltr'>arbitrarium</span> <span class='ocrx_word' id='word_1_143' title='bbox 1199 2459 1251 2522; x_wconf 93' lang='lat' dir='ltr'>vel</span> <span class='ocrx_word' id='word_1_144' title='bbox 1277 2478 1366 2523; x_wconf 91' lang='lat' dir='ltr'>mere</span> <span class='ocrx_word' id='word_1_145' title='bbox 1392 2457 1613 2533; x_wconf 86' lang='lat' dir='ltr'>accidentale,</span> <span class='ocrx_word' id='word_1_146' title='bbox 1639 2478 1694 2522; x_wconf 92' lang='lat' dir='ltr'>ue·</span> <span class='ocrx_word' id='word_1_147' title='bbox 1780 2489 1781 2522; x_wconf 83' lang='lat' dir='ltr'>l</span> 
     </span>
     <span class='ocr_line' id='line_1_18' title="bbox 445 2563 1781 2651; baseline -0.004 -17"><span class='ocrx_word' id='word_1_148' title='bbox 445 2590 509 2651; x_wconf 92' lang='lat' dir='ltr'>que</span> <span class='ocrx_word' id='word_1_149' title='bbox 532 2569 573 2634; x_wconf 90' lang='lat' dir='ltr'>ab</span> <span class='ocrx_word' id='word_1_150' title='bbox 596 2568 668 2651; x_wconf 91' lang='lat' dir='ltr'>ipso</span> <span class='ocrx_word' id='word_1_151' title='bbox 691 2564 860 2651; x_wconf 89' lang='lat' dir='ltr'>proposito</span> <span class='ocrx_word' id='word_1_152' title='bbox 883 2563 966 2647; x_wconf 89' lang='lat' dir='ltr'>legis</span> <span class='ocrx_word' id='word_1_153' title='bbox 990 2563 1151 2630; x_wconf 88' lang='lat' dir='ltr'>naturalis</span> <span class='ocrx_word' id='word_1_154' title='bbox 1172 2585 1232 2648; x_wconf 90' lang='lat' dir='ltr'>per</span> <span class='ocrx_word' id='word_1_155' title='bbox 1253 2584 1290 2630; x_wconf 91' lang='lat' dir='ltr'>se</span> <span class='ocrx_word' id='word_1_156' title='bbox 1310 2563 1468 2640; x_wconf 86' lang='lat' dir='ltr'>alienum;</span> <span class='ocrx_word' id='word_1_157' title='bbox 1492 2563 1592 2628; x_wconf 92' lang='lat' dir='ltr'>immo</span> <span class='ocrx_word' id='word_1_158' title='bbox 1617 2584 1694 2629; x_wconf 89' lang='lat' dir='ltr'>vero</span> <span class='ocrx_word' id='word_1_159' title='bbox 1780 2577 1781 2584; x_wconf 76' lang='grc'>’</span> 
     </span>
     <span class='ocr_line' id='line_1_19' title="bbox 444 2669 1694 2756; baseline -0.003 -18"><span class='ocrx_word' id='word_1_160' title='bbox 444 2674 540 2740; x_wconf 93' lang='lat' dir='ltr'>huius</span> <span class='ocrx_word' id='word_1_161' title='bbox 562 2673 669 2740; x_wconf 91' lang='lat' dir='ltr'>ideale</span> <span class='ocrx_word' id='word_1_162' title='bbox 692 2672 894 2756; x_wconf 89' lang='lat' dir='ltr'>postulatum</span> <span class='ocrx_word' id='word_1_163' title='bbox 924 2675 959 2737; x_wconf 93' lang='lat' dir='ltr'>et</span> <span class='ocrx_word' id='word_1_164' title='bbox 982 2669 1111 2737; x_wconf 90' lang='lat' dir='ltr'>ratione</span> <span class='ocrx_word' id='word_1_165' title='bbox 1134 2669 1208 2735; x_wconf 87' lang='lat' dir='ltr'>linis</span> <span class='ocrx_word' id='word_1_166' title='bbox 1230 2669 1450 2736; x_wconf 88' lang='lat' dir='ltr'>necessarium</span> <span class='ocrx_word' id='word_1_167' title='bbox 1473 2669 1694 2754; x_wconf 88' lang='lat' dir='ltr'>complemen-</span> 
     </span>
     <span class='ocr_line' id='line_1_20' title="bbox 445 2775 968 2860; baseline -0.008 -15"><span class='ocrx_word' id='word_1_168' title='bbox 445 2785 516 2846; x_wconf 91' lang='lat' dir='ltr'>tum</span> <span class='ocrx_word' id='word_1_169' title='bbox 539 2801 611 2845; x_wconf 90' lang='lat' dir='ltr'>esse</span> <span class='ocrx_word' id='word_1_170' title='bbox 635 2782 726 2845; x_wconf 86' lang='lat' dir='ltr'>certo</span> <span class='ocrx_word' id='word_1_171' title='bbox 750 2775 968 2860; x_wconf 90' lang='lat' dir='ltr'>cognoscitur.</span> 
     </span>
    </p>
   </div>
   <div class='ocr_carea' id='block_1_5' title="bbox 917 2949 1218 3019">
    <p class='ocr_par' dir='ltr' id='par_1_5' title="bbox 917 2949 1218 3019">
     <span class='ocr_line' id='line_1_21' title="bbox 917 2949 1218 3019; baseline 0 -2"><span class='ocrx_word' id='word_1_172' title='bbox 917 2950 1162 3018; x_wconf 78' lang='lat' dir='ltr'>Articulus</span> <span class='ocrx_word' id='word_1_173' title='bbox 1186 2949 1218 3019; x_wconf 81' lang='lat'>2.</span> 
     </span>
    </p>
   </div>
   <div class='ocr_carea' id='block_1_6' title="bbox 795 3087 1339 3172">
    <p class='ocr_par' dir='ltr' id='par_1_6' title="bbox 795 3087 1339 3172">
     <span class='ocr_line' id='line_1_22' title="bbox 795 3087 1339 3172; baseline -0.002 -19"><span class='ocrx_word' id='word_1_174' title='bbox 795 3087 844 3153; x_wconf 86' lang='lat' dir='ltr'>De</span> <span class='ocrx_word' id='word_1_175' title='bbox 867 3088 1056 3172; x_wconf 75' lang='lat' dir='ltr'>obligatione</span> <span class='ocrx_word' id='word_1_176' title='bbox 1079 3088 1155 3171; x_wconf 73' lang='lat' dir='ltr'>lepis</span> <span class='ocrx_word' id='word_1_177' title='bbox 1172 3087 1339 3170; x_wconf 79' lang='lat' dir='ltr'>positivae.</span> 
     </span>
    </p>
   </div>
   <div class='ocr_carea' id='block_1_7' title="bbox 849 3261 1285 3343">
    <p class='ocr_par' dir='ltr' id='par_1_7' title="bbox 849 3261 1285 3343">
     <span class='ocr_line' id='line_1_23' title="bbox 849 3261 1285 3343; baseline -0.007 -15"><span class='ocrx_word' id='word_1_178' title='bbox 849 3261 868 3343; x_wconf 62' lang='grc' dir='ltr'>ὅ</span> <span class='ocrx_word' id='word_1_179' title='bbox 894 3265 923 3330; x_wconf 94' lang='grc'>1.</span> <span class='ocrx_word' id='word_1_180' title='bbox 970 3261 1086 3328; x_wconf 90' lang='lat' dir='ltr'>Unde</span> <span class='ocrx_word' id='word_1_181' title='bbox 1110 3261 1285 3327; x_wconf 88' lang='lat' dir='ltr'>oriatur.</span> 
     </span>
    </p>
   </div>
   <div class='ocr_carea' id='block_1_8' title="bbox 446 3393 1781 5076">
    <p class='ocr_par' dir='ltr' id='par_1_8' title="bbox 446 3393 1781 4631">
     <span class='ocr_line' id='line_1_24' title="bbox 446 3393 1693 3480; baseline 0.002 -20"><span class='ocrx_word' id='word_1_182' title='bbox 446 3395 511 3467; x_wconf 83' lang='grc'><strong>291.</strong></span> <span class='ocrx_word' id='word_1_183' title='bbox 601 3396 651 3460; x_wconf 91' lang='lat' dir='ltr'>De</span> <span class='ocrx_word' id='word_1_184' title='bbox 670 3394 834 3460; x_wconf 88' lang='lat' dir='ltr'>communi</span> <span class='ocrx_word' id='word_1_185' title='bbox 855 3393 984 3460; x_wconf 91' lang='lat' dir='ltr'>ratione</span> <span class='ocrx_word' id='word_1_186' title='bbox 1007 3393 1091 3477; x_wconf 91' lang='lat' dir='ltr'>legis</span> <span class='ocrx_word' id='word_1_187' title='bbox 1114 3399 1166 3461; x_wconf 89' lang='lat' dir='ltr'>eet</span> <span class='ocrx_word' id='word_1_188' title='bbox 1189 3395 1354 3476; x_wconf 87' lang='lat' dir='ltr'>obligare;</span> <span class='ocrx_word' id='word_1_189' title='bbox 1379 3415 1457 3476; x_wconf 90' lang='lat' dir='ltr'>ergo</span> <span class='ocrx_word' id='word_1_190' title='bbox 1481 3399 1516 3461; x_wconf 91' lang='lat' dir='ltr'>et</span> <span class='ocrx_word' id='word_1_191' title='bbox 1533 3395 1590 3460; x_wconf 86' lang='lat' dir='ltr'>lex</span> <span class='ocrx_word' id='word_1_192' title='bbox 1606 3395 1693 3480; x_wconf 86' lang='lat' dir='ltr'>posi·</span> 
     </span>
     <span class='ocr_line' id='line_1_25' title="bbox 447 3499 1693 3585; baseline -0.002 -16"><span class='ocrx_word' id='word_1_193' title='bbox 447 3503 527 3577; x_wconf 89' lang='lat' dir='ltr'>tiva,</span> <span class='ocrx_word' id='word_1_194' title='bbox 544 3521 630 3585; x_wconf 91' lang='lat' dir='ltr'>qnae</span> <span class='ocrx_word' id='word_1_195' title='bbox 645 3522 724 3568; x_wconf 90' lang='lat' dir='ltr'>vere</span> <span class='ocrx_word' id='word_1_196' title='bbox 740 3503 818 3567; x_wconf 89' lang='lat' dir='ltr'>talis</span> <span class='ocrx_word' id='word_1_197' title='bbox 833 3501 887 3579; x_wconf 90' lang='lat' dir='ltr'>sit,</span> <span class='ocrx_word' id='word_1_198' title='bbox 904 3501 967 3566; x_wconf 87' lang='lat' dir='ltr'>bac</span> <span class='ocrx_word' id='word_1_199' title='bbox 986 3499 1135 3566; x_wconf 89' lang='lat' dir='ltr'>efficacia</span> <span class='ocrx_word' id='word_1_200' title='bbox 1151 3521 1264 3566; x_wconf 88' lang='lat' dir='ltr'>carere</span> <span class='ocrx_word' id='word_1_201' title='bbox 1280 3521 1345 3566; x_wconf 91' lang='lat' dir='ltr'>non</span> <span class='ocrx_word' id='word_1_202' title='bbox 1360 3504 1471 3584; x_wconf 89' lang='lat' dir='ltr'>potest</span> <span class='ocrx_word' id='word_1_203' title='bbox 1486 3500 1532 3582; x_wconf 88' lang='lat' dir='ltr'>(n.</span> <span class='ocrx_word' id='word_1_204' title='bbox 1550 3504 1616 3567; x_wconf 88' lang='grc'>219</span> <span class='ocrx_word' id='word_1_205' title='bbox 1633 3522 1693 3584; x_wconf 87' lang='lat' dir='ltr'>sqq</span> 
     </span>
     <span class='ocr_line' id='line_1_26' title="bbox 446 3605 1781 3696; baseline -0.001 -22"><span class='ocrx_word' id='word_1_206' title='bbox 446 3608 537 3690; x_wconf 81' lang='lat'><strong>233).</strong></span> <span class='ocrx_word' id='word_1_207' title='bbox 567 3607 685 3692; x_wconf 88' lang='lat' dir='ltr'>Neque</span> <span class='ocrx_word' id='word_1_208' title='bbox 700 3608 800 3675; x_wconf 89' lang='lat' dir='ltr'>etiam</span> <span class='ocrx_word' id='word_1_209' title='bbox 816 3608 849 3672; x_wconf 92' lang='lat' dir='ltr'>in</span> <span class='ocrx_word' id='word_1_210' title='bbox 865 3605 1059 3690; x_wconf 89' lang='lat' dir='ltr'>quaestione</span> <span class='ocrx_word' id='word_1_211' title='bbox 1082 3611 1253 3672; x_wconf 87' lang='lat' dir='ltr'>versatur:</span> <span class='ocrx_word' id='word_1_212' title='bbox 1278 3627 1363 3690; x_wconf 89' lang='lat' dir='ltr'>quae</span> <span class='ocrx_word' id='word_1_213' title='bbox 1387 3607 1431 3673; x_wconf 89' lang='lat' dir='ltr'>sit</span> <span class='ocrx_word' id='word_1_214' title='bbox 1456 3607 1620 3690; x_wconf 88' lang='lat' dir='ltr'>positivae</span> <span class='ocrx_word' id='word_1_215' title='bbox 1636 3609 1693 3674; x_wconf 93' lang='lat' dir='ltr'>ob·</span> <span class='ocrx_word' id='word_1_216' title='bbox 1780 3673 1781 3696; x_wconf 14' lang='grc' dir='ltr'>χ</span> 
     </span>
     <span class='ocr_line' id='line_1_27' title="bbox 446 3699 1781 3800; baseline 0 -20"><span class='ocrx_word' id='word_1_217' title='bbox 446 3715 615 3797; x_wconf 89' lang='lat' dir='ltr'>ligationis</span> <span class='ocrx_word' id='word_1_218' title='bbox 645 3715 737 3797; x_wconf 85' lang='lat' dir='ltr'>origo</span> <span class='ocrx_word' id='word_1_219' title='bbox 764 3715 916 3800; x_wconf 59' lang='lat' dir='ltr'>murima</span> <span class='ocrx_word' id='word_1_220' title='bbox 945 3733 1004 3779; x_wconf 90' lang='lat' dir='ltr'>seu</span> <span class='ocrx_word' id='word_1_221' title='bbox 1034 3733 1135 3780; x_wconf 89' lang='lat' dir='ltr'>causa</span> <span class='ocrx_word' id='word_1_222' title='bbox 1165 3712 1327 3790; x_wconf 88' lang='lat' dir='ltr'>efficiens;</span> <span class='ocrx_word' id='word_1_223' title='bbox 1358 3735 1431 3778; x_wconf 91' lang='lat' dir='ltr'>cum</span> <span class='ocrx_word' id='word_1_224' title='bbox 1463 3734 1504 3779; x_wconf 86' lang='lat' dir='ltr'>ex</span> <span class='ocrx_word' id='word_1_225' title='bbox 1535 3713 1605 3780; x_wconf 91' lang='lat' dir='ltr'>eius</span> <span class='ocrx_word' id='word_1_226' title='bbox 1636 3736 1693 3780; x_wconf 87' lang='lat' dir='ltr'>no·</span> <span class='ocrx_word' id='word_1_227' title='bbox 1780 3699 1781 3702; x_wconf 21' lang='lat'>¹</span> 
     </span>
     <span class='ocr_line' id='line_1_28' title="bbox 446 3819 1781 3904; baseline -0.002 -16"><span class='ocrx_word' id='word_1_228' title='bbox 446 3821 536 3888; x_wconf 88' lang='lat' dir='ltr'>tione</span> <span class='ocrx_word' id='word_1_229' title='bbox 559 3825 772 3904; x_wconf 89' lang='lat' dir='ltr'>supponatur,</span> <span class='ocrx_word' id='word_1_230' title='bbox 797 3841 870 3886; x_wconf 91' lang='lat' dir='ltr'>eam</span> <span class='ocrx_word' id='word_1_231' title='bbox 893 3819 1042 3904; x_wconf 84' lang='lat' dir='ltr'>proxime</span> <span class='ocrx_word' id='word_1_232' title='bbox 1065 3821 1206 3886; x_wconf 79' lang='lat' dir='ltr'>alibero</span> <span class='ocrx_word' id='word_1_233' title='bbox 1229 3819 1429 3901; x_wconf 85' lang='lat' dir='ltr'>legislatoris</span> <span class='ocrx_word' id='word_1_234' title='bbox 1452 3820 1585 3887; x_wconf 86' lang='lat' dir='ltr'>decreto</span> <span class='ocrx_word' id='word_1_235' title='bbox 1609 3820 1693 3902; x_wconf 88' lang='lat' dir='ltr'>(sive</span> <span class='ocrx_word' id='word_1_236' title='bbox 1780 3847 1781 3870; x_wconf 53' lang='grc' dir='ltr'>ι</span> 
     </span>
     <span class='ocr_line' id='line_1_29' title="bbox 447 3925 1692 4012; baseline -0.001 -18"><span class='ocrx_word' id='word_1_237' title='bbox 447 3927 509 3994; x_wconf 89' lang='lat' dir='ltr'>Dei</span> <span class='ocrx_word' id='word_1_238' title='bbox 531 3927 634 4012; x_wconf 89' lang='lat' dir='ltr'>ipsius</span> <span class='ocrx_word' id='word_1_239' title='bbox 657 3926 728 3992; x_wconf 91' lang='lat' dir='ltr'>sive</span> <span class='ocrx_word' id='word_1_240' title='bbox 751 3925 890 3992; x_wconf 91' lang='lat' dir='ltr'>bominis</span> <span class='ocrx_word' id='word_1_241' title='bbox 912 3926 1094 4011; x_wconf 81' lang='lat' dir='ltr'>legitimam</span> <span class='ocrx_word' id='word_1_242' title='bbox 1118 3928 1317 4009; x_wconf 88' lang='lat' dir='ltr'>potestatem</span> <span class='ocrx_word' id='word_1_243' title='bbox 1342 3925 1508 4010; x_wconf 84' lang='lat' dir='ltr'>habentis)</span> <span class='ocrx_word' id='word_1_244' title='bbox 1529 3947 1692 4006; x_wconf 88' lang='lat' dir='ltr'>emanare,</span> 
     </span>
     <span class='ocr_line' id='line_1_30' title="bbox 447 4030 1781 4118; baseline -0.001 -17"><span class='ocrx_word' id='word_1_245' title='bbox 447 4039 482 4101; x_wconf 91' lang='lat' dir='ltr'>et</span> <span class='ocrx_word' id='word_1_246' title='bbox 504 4034 567 4100; x_wconf 88' lang='lat' dir='ltr'>hac</span> <span class='ocrx_word' id='word_1_247' title='bbox 589 4033 663 4118; x_wconf 87' lang='lat' dir='ltr'>ipsa</span> <span class='ocrx_word' id='word_1_248' title='bbox 686 4032 811 4117; x_wconf 89' lang='lat' dir='ltr'>origine</span> <span class='ocrx_word' id='word_1_249' title='bbox 835 4053 856 4099; x_wconf 90' lang='lat' dir='ltr'>a</span> <span class='ocrx_word' id='word_1_250' title='bbox 878 4033 952 4116; x_wconf 92' lang='lat' dir='ltr'>lege</span> <span class='ocrx_word' id='word_1_251' title='bbox 972 4031 1117 4100; x_wconf 90' lang='lat' dir='ltr'>naturali</span> <span class='ocrx_word' id='word_1_252' title='bbox 1133 4030 1353 4098; x_wconf 84' lang='lat' dir='ltr'>essentialiter</span> <span class='ocrx_word' id='word_1_253' title='bbox 1368 4031 1524 4116; x_wconf 89' lang='lat' dir='ltr'>distingui</span> <span class='ocrx_word' id='word_1_254' title='bbox 1541 4033 1585 4113; x_wconf 85' lang='grc' dir='ltr'>(ιι.</span> <span class='ocrx_word' id='word_1_255' title='bbox 1604 4033 1692 4114; x_wconf 84' lang='grc'>288).</span> <span class='ocrx_word' id='word_1_256' title='bbox 1780 4041 1781 4086; x_wconf 85' lang='lat'>3</span> 
     </span>
     <span class='ocr_line' id='line_1_31' title="bbox 446 4137 1694 4223; baseline -0.002 -17"><span class='ocrx_word' id='word_1_257' title='bbox 446 4141 563 4223; x_wconf 85' lang='lat' dir='ltr'>Itaque</span> <span class='ocrx_word' id='word_1_258' title='bbox 584 4140 625 4206; x_wconf 93' lang='lat' dir='ltr'>de</span> <span class='ocrx_word' id='word_1_259' title='bbox 648 4147 768 4207; x_wconf 83' lang='lat' dir='ltr'>remoto</span> <span class='ocrx_word' id='word_1_260' title='bbox 791 4143 922 4206; x_wconf 89' lang='lat' dir='ltr'>tantum</span> <span class='ocrx_word' id='word_1_261' title='bbox 945 4139 1071 4221; x_wconf 89' lang='lat' dir='ltr'>origine</span> <span class='ocrx_word' id='word_1_262' title='bbox 1094 4138 1145 4204; x_wconf 91' lang='lat' dir='ltr'>bic</span> <span class='ocrx_word' id='word_1_263' title='bbox 1170 4157 1269 4220; x_wconf 89' lang='lat' dir='ltr'>agere</span> <span class='ocrx_word' id='word_1_264' title='bbox 1291 4137 1499 4207; x_wconf 88' lang='lat' dir='ltr'>intendimus.</span> <span class='ocrx_word' id='word_1_265' title='bbox 1530 4140 1575 4207; x_wconf 79' lang='lat' dir='ltr'>ut</span> <span class='ocrx_word' id='word_1_266' title='bbox 1598 4141 1639 4206; x_wconf 90' lang='lat' dir='ltr'>de</span> <span class='ocrx_word' id='word_1_267' title='bbox 1656 4160 1694 4206; x_wconf 89' lang='lat' dir='ltr'>ea</span> 
     </span>
     <span class='ocr_line' id='line_1_32' title="bbox 447 4244 1693 4330; baseline -0.001 -17"><span class='ocrx_word' id='word_1_268' title='bbox 447 4247 576 4330; x_wconf 89' lang='lat' dir='ltr'>quidem</span> <span class='ocrx_word' id='word_1_269' title='bbox 599 4268 665 4312; x_wconf 91' lang='lat' dir='ltr'>non</span> <span class='ocrx_word' id='word_1_270' title='bbox 694 4244 856 4312; x_wconf 86' lang='lat' dir='ltr'>inutiliter</span> <span class='ocrx_word' id='word_1_271' title='bbox 884 4245 1071 4328; x_wconf 89' lang='lat' dir='ltr'>quaeritur:</span> <span class='ocrx_word' id='word_1_272' title='bbox 1101 4248 1210 4310; x_wconf 89' lang='lat' dir='ltr'>utrum</span> <span class='ocrx_word' id='word_1_273' title='bbox 1233 4245 1289 4309; x_wconf 86' lang='lat' dir='ltr'>lex</span> <span class='ocrx_word' id='word_1_274' title='bbox 1312 4245 1466 4328; x_wconf 90' lang='lat' dir='ltr'>positiva,</span> <span class='ocrx_word' id='word_1_275' title='bbox 1489 4244 1559 4312; x_wconf 91' lang='lat' dir='ltr'>sive</span> <span class='ocrx_word' id='word_1_276' title='bbox 1582 4245 1693 4312; x_wconf 88' lang='lat' dir='ltr'>divina</span> 
     </span>
     <span class='ocr_line' id='line_1_33' title="bbox 446 4350 1693 4436; baseline -0.001 -17"><span class='ocrx_word' id='word_1_277' title='bbox 446 4355 518 4420; x_wconf 90' lang='lat' dir='ltr'>sive</span> <span class='ocrx_word' id='word_1_278' title='bbox 540 4353 693 4431; x_wconf 89' lang='lat' dir='ltr'>humana,</span> <span class='ocrx_word' id='word_1_279' title='bbox 717 4351 989 4436; x_wconf 91' lang='lat' dir='ltr'>quemadmodum</span> <span class='ocrx_word' id='word_1_280' title='bbox 1012 4351 1129 4434; x_wconf 90' lang='lat' dir='ltr'>alege</span> <span class='ocrx_word' id='word_1_281' title='bbox 1153 4350 1296 4416; x_wconf 90' lang='lat' dir='ltr'>naturali</span> <span class='ocrx_word' id='word_1_282' title='bbox 1320 4351 1486 4430; x_wconf 91' lang='lat' dir='ltr'>distincta,</span> <span class='ocrx_word' id='word_1_283' title='bbox 1509 4352 1558 4418; x_wconf 91' lang='lat' dir='ltr'>ita</span> <span class='ocrx_word' id='word_1_284' title='bbox 1584 4353 1626 4418; x_wconf 92' lang='lat' dir='ltr'>ab</span> <span class='ocrx_word' id='word_1_285' title='bbox 1654 4371 1693 4418; x_wconf 91' lang='lat' dir='ltr'>ea</span> 
     </span>
     <span class='ocr_line' id='line_1_34' title="bbox 447 4455 1692 4544; baseline -0.002 -18"><span class='ocrx_word' id='word_1_286' title='bbox 447 4459 577 4544; x_wconf 90' lang='lat' dir='ltr'>penitus</span> <span class='ocrx_word' id='word_1_287' title='bbox 609 4459 727 4538; x_wconf 84' lang='lat' dir='ltr'>soluta,</span> <span class='ocrx_word' id='word_1_288' title='bbox 761 4479 804 4523; x_wconf 91' lang='lat' dir='ltr'>an</span> <span class='ocrx_word' id='word_1_289' title='bbox 834 4477 912 4522; x_wconf 92' lang='lat' dir='ltr'>vero</span> <span class='ocrx_word' id='word_1_290' title='bbox 942 4455 1151 4522; x_wconf 90' lang='lat' dir='ltr'>nihilominus</span> <span class='ocrx_word' id='word_1_291' title='bbox 1181 4455 1214 4520; x_wconf 93' lang='lat' dir='ltr'>in</span> <span class='ocrx_word' id='word_1_292' title='bbox 1238 4477 1277 4522; x_wconf 89' lang='lat' dir='ltr'>ea</span> <span class='ocrx_word' id='word_1_293' title='bbox 1301 4455 1410 4538; x_wconf 87' lang='lat' dir='ltr'>aliquo</span> <span class='ocrx_word' id='word_1_294' title='bbox 1433 4457 1529 4524; x_wconf 89' lang='lat' dir='ltr'>modo</span> <span class='ocrx_word' id='word_1_295' title='bbox 1550 4458 1692 4541; x_wconf 82' lang='lat' dir='ltr'>fundato</span> 
     </span>
     <span class='ocr_line' id='line_1_35' title="bbox 447 4564 806 4631; baseline -0.011 0"><span class='ocrx_word' id='word_1_296' title='bbox 447 4564 574 4631; x_wconf 91' lang='lat' dir='ltr'>censeri</span> <span class='ocrx_word' id='word_1_297' title='bbox 596 4565 738 4628; x_wconf 78' lang='lat' dir='ltr'>debeat?</span> <span class='ocrx_word' id='word_1_298' title='bbox 760 4601 806 4611; x_wconf 90' lang='lat'>——</span> 
     </span>
    </p>

    <p class='ocr_par' dir='ltr' id='par_1_9' title="bbox 446 4668 1690 5076">
     <span class='ocr_line' id='line_1_36' title="bbox 536 4668 1690 4754; baseline -0.001 -18"><span class='ocrx_word' id='word_1_299' title='bbox 536 4672 638 4736; x_wconf 91' lang='lat' dir='ltr'>Porro</span> <span class='ocrx_word' id='word_1_300' title='bbox 660 4671 695 4736; x_wconf 93' lang='lat' dir='ltr'>in</span> <span class='ocrx_word' id='word_1_301' title='bbox 710 4671 784 4753; x_wconf 91' lang='lat' dir='ltr'>lege</span> <span class='ocrx_word' id='word_1_302' title='bbox 799 4672 938 4735; x_wconf 91' lang='lat' dir='ltr'>naturae</span> <span class='ocrx_word' id='word_1_303' title='bbox 954 4669 1085 4751; x_wconf 91' lang='lat' dir='ltr'>aliquod</span> <span class='ocrx_word' id='word_1_304' title='bbox 1101 4668 1277 4753; x_wconf 91' lang='lat' dir='ltr'>positivum</span> <span class='ocrx_word' id='word_1_305' title='bbox 1294 4674 1506 4754; x_wconf 87' lang='lat' dir='ltr'>praeceptum</span> <span class='ocrx_word' id='word_1_306' title='bbox 1521 4669 1690 4738; x_wconf 88' lang='lat' dir='ltr'>fundatum</span> 
     </span>
     <span class='ocr_line' id='line_1_37' title="bbox 448 4773 1690 4861; baseline -0.002 -19"><span class='ocrx_word' id='word_1_307' title='bbox 448 4777 511 4843; x_wconf 90' lang='lat' dir='ltr'>dici</span> <span class='ocrx_word' id='word_1_308' title='bbox 535 4777 655 4860; x_wconf 88' lang='lat' dir='ltr'>duplici</span> <span class='ocrx_word' id='word_1_309' title='bbox 678 4775 775 4842; x_wconf 92' lang='lat' dir='ltr'>modo</span> <span class='ocrx_word' id='word_1_310' title='bbox 798 4779 918 4859; x_wconf 91' lang='lat' dir='ltr'>potest,</span> <span class='ocrx_word' id='word_1_311' title='bbox 943 4777 991 4840; x_wconf 82' lang='lat' dir='ltr'>oei</span> <span class='ocrx_word' id='word_1_312' title='bbox 1012 4773 1141 4842; x_wconf 89' lang='lat' dir='ltr'>ratione</span> <span class='ocrx_word' id='word_1_313' title='bbox 1157 4777 1320 4858; x_wconf 68' lang='lat' dir='ltr'>inermos,</span> <span class='ocrx_word' id='word_1_314' title='bbox 1345 4796 1428 4857; x_wconf 93' lang='lat' dir='ltr'>quae</span> <span class='ocrx_word' id='word_1_315' title='bbox 1444 4775 1585 4858; x_wconf 87' lang='lat' dir='ltr'>positive</span> <span class='ocrx_word' id='word_1_316' title='bbox 1600 4795 1690 4861; x_wconf 87' lang='lat' dir='ltr'>prae·</span> 
     </span>
     <span class='ocr_line' id='line_1_38' title="bbox 448 4881 1688 4970; baseline -0.005 -18"><span class='ocrx_word' id='word_1_317' title='bbox 448 4887 567 4970; x_wconf 87' lang='lat' dir='ltr'>cipitur</span> <span class='ocrx_word' id='word_1_318' title='bbox 590 4888 648 4950; x_wconf 87' lang='lat' dir='ltr'>aut</span> <span class='ocrx_word' id='word_1_319' title='bbox 671 4883 872 4967; x_wconf 90' lang='lat' dir='ltr'>prohibetur,</span> <span class='ocrx_word' id='word_1_320' title='bbox 895 4885 943 4948; x_wconf 84' lang='lat' dir='ltr'>vel</span> <span class='ocrx_word' id='word_1_321' title='bbox 961 4881 1091 4948; x_wconf 88' lang='lat' dir='ltr'>ratione</span> <span class='ocrx_word' id='word_1_322' title='bbox 1105 4883 1232 4965; x_wconf 80' lang='lat' dir='ltr'>formae</span> <span class='ocrx_word' id='word_1_323' title='bbox 1246 4885 1385 4961; x_wconf 91' lang='lat' dir='ltr'>tanturn,</span> <span class='ocrx_word' id='word_1_324' title='bbox 1410 4901 1475 4964; x_wconf 88' lang='lat' dir='ltr'>qua</span> <span class='ocrx_word' id='word_1_325' title='bbox 1491 4902 1688 4948; x_wconf 87' lang='lat' dir='ltr'>communem</span> 
     </span>
     <span class='ocr_line' id='line_1_39' title="bbox 446 4987 1228 5076; baseline -0.006 -17"><span class='ocrx_word' id='word_1_326' title='bbox 446 4991 530 5076; x_wconf 89' lang='lat' dir='ltr'>legis</span> <span class='ocrx_word' id='word_1_327' title='bbox 553 4990 734 5057; x_wconf 88' lang='lat' dir='ltr'>efficaciam</span> <span class='ocrx_word' id='word_1_328' title='bbox 757 5009 816 5054; x_wconf 91' lang='lat' dir='ltr'>seu</span> <span class='ocrx_word' id='word_1_329' title='bbox 838 4989 904 5053; x_wconf 91' lang='lat' dir='ltr'>vim</span> <span class='ocrx_word' id='word_1_330' title='bbox 929 4987 1095 5071; x_wconf 91' lang='lat' dir='ltr'>obligandi</span> <span class='ocrx_word' id='word_1_331' title='bbox 1118 4987 1228 5054; x_wconf 90' lang='lat' dir='ltr'>habet.</span> 
     </span>
    </p>
   </div>
   <div class='ocr_carea' id='block_1_9' title="bbox 0 0 1969 5842">
    <p class='ocr_par' dir='ltr' id='par_1_10' title="bbox 0 0 1969 5842">
     <span class='ocr_line' id='line_1_40' title="bbox 0 0 1969 5842; baseline 0 0"><span class='ocrx_word' id='word_1_332' title='bbox 0 0 1969 5842; x_wconf 95' lang='lat' dir='ltr'> </span> 
     </span>
    </p>
   </div>
  </div>
 </body>
</html>
