3909 5842
421 676 442 739 4
706 671 797 726 Sestio
815 672 837 727 1.
872 671 955 726 hiber
972 672 993 727 I.
1032 670 1120 742 Osput
1138 672 1159 725 I.
1198 671 1337 727 Articulus
1357 673 1380 726 1.

421 848 608 916 observatio
630 848 736 915 instar
758 849 963 915 anatomicae
987 848 1133 933 analyeis
1156 848 1309 916 instituta
1331 872 1390 935 per
1409 870 1445 916 se
1462 851 1535 917 sols
1551 870 1682 935 nequa·

421 977 518 1039 quam
542 954 717 1023 sufficeret.
762 955 865 1021 Immo
888 956 974 1039 quod
999 955 1039 1021 de
1063 976 1101 1021 oo
1125 955 1256 1023 novisse
1280 977 1377 1040 quem
1400 958 1547 1023 maxime
1570 958 1682 1023 inter-

422 1066 489 1129 est:
523 1082 677 1145 quorsum
708 1062 834 1129 seilicet
865 1061 1024 1129 eiusmodi
1055 1062 1301 1146 phaenomenon
1334 1068 1463 1147 spectet
1495 1070 1555 1131 aut
1589 1065 1683 1129 unde

421 1168 489 1235 eit?
511 1168 698 1252 —iugiter
725 1168 898 1235 insolubile
920 1168 1079 1235 scientiae
1103 1168 1254 1252 aenigma
1277 1170 1447 1236 dicendum
1472 1174 1581 1249 esset,
1615 1170 1683 1236 nisi

420 1275 587 1351 solvendis
615 1274 666 1341 his
689 1274 936 1357 quaestionibus
965 1274 1065 1342 altius
1095 1276 1239 1360 repetita
1261 1275 1481 1359 cosmologioa
1511 1276 1684 1361 principis

420 1382 660 1467 praelucerent.

509 1496 677 1564 Eiusmodi
698 1500 860 1585 principia
883 1501 920 1565 in
941 1500 1104 1583 praesenti
1119 1499 1266 1566 dhcnrsn
1285 1500 1550 1583 fundamentalia
1569 1504 1681 1583 atque

421 1606 629 1673 essentialiter
651 1605 890 1690 praerequisita
917 1602 999 1669 haec
1027 1603 1089 1669 duc
1117 1604 1321 1689 potissimum
1349 1604 1548 1672 nominanda
1575 1612 1680 1673 suut:

508 1720 534 1787 I.
565 1722 645 1787 Esse
673 1720 730 1785 icoc
758 1722 942 1785 nniversam
974 1741 995 1784 a
1023 1720 1091 1785 Dea
1122 1720 1287 1805 Creatori,
1318 1722 1442 1804 infinite
1471 1725 1617 1807 sapienti
1650 1731 1679 1787 ei

420 1833 537 1907 sanae,
561 1828 731 1891 conditum.

508 1940 549 2007 ΙΙ.
574 1942 653 2007 Esse
676 1946 712 2007 in
734 1942 853 2007 mande
876 1943 1024 2007 ordinem
1047 1964 1155 2007 rernm
1177 1943 1338 2027 finalein¹.

509 2056 599 2134 Quae
614 2055 743 2139 quidem
765 2056 829 2122 duo
853 2060 990 2122 eatenus
1014 2056 1113 2123 etiam
1137 2057 1179 2122 ad
1202 2080 1312 2141 annm,
1336 2056 1487 2122 nimirum
1512 2058 1554 2122 ad
1578 2061 1675 2143 prin·

420 2165 535 2248 cipinm
566 2165 752 2246 creationis,
786 2166 998 2241 revocantur,
1031 2167 1193 2245 quatenus
1217 2163 1356 2229 alterum
1386 2162 1523 2230 alterius
1554 2184 1674 2229 neces·

419 2268 541 2334 sarium
565 2288 638 2334 esee
661 2288 863 2352 consequens
886 2268 1100 2351 intellegitur.

507 2384 691 2468 Utrumque
714 2389 835 2463 autem,
859 2389 1089 2468 praeterquam
1115 2385 1202 2466 quod
1224 2384 1354 2450 aliunde
1376 2384 1441 2450 lide
1462 2384 1575 2451 divina
1591 2407 1672 2451 con-

419 2494 501 2568 stat,
526 2490 630 2555 omnis
654 2511 782 2573 quoque
805 2511 906 2557 sanae
928 2489 1155 2574 philosophiae
1178 2512 1242 2555 non
1266 2491 1370 2557 solnm
1394 2490 1670 2575 pretiosissimum

418 2596 613 2680 palladium,
649 2617 762 2661 verum
796 2595 896 2663 etiam
930 2595 1128 2679 praesidium
1163 2600 1214 2663 eet
1247 2596 1448 2661 inconcussis
1483 2596 1670 2661 rationibus

418 2704 546 2769 firmum
579 2722 684 2785 neque
718 2702 793 2769 ullis
825 2723 977 2785 umquam
1015 2700 1086 2767 sive
1120 2702 1315 2785 pantheismi
1353 2702 1424 2767 sive
1458 2700 1669 2769 naturalismi

419 2808 590 2874 conatibus
613 2808 865 2892 expugnandum
875 2810 897 2874 ².
1396 2822 1397 2827 ’

420 2970 535 2979 -..ι-..-
541 2970 711 2979 αρ’-φ..-
720 2970 728 2977 ⁴

509 3038 598 3123 ¹lpse
617 3052 907 3124 pseudo-philosophus
925 3056 976 3107 Ed.
999 3072 1022 3107 c.
1036 3056 1191 3107 Hartmcnn
1211 3052 1348 3107 intellexit
1367 3054 1445 3106 extra
1463 3051 1664 3121 philosophiam

416 3138 605 3209 telsolcgicam
630 3140 812 3195 moralitatem
829 3140 980 3196 subsistere
1005 3158 1058 3195 non
1077 3156 1171 3210 pesse:
1200 3139 1286 3205 ‚Dsss
1305 3139 1348 3193 die
1368 3138 1537 3193 Sittlichksit
1554 3140 1606 3194 suf
1622 3140 1666 3193 die

417 3230 508 3285 Dauer
531 3249 584 3285 nur
605 3230 737 3285 hestehsn
763 3231 836 3285 kann
861 3231 904 3285 hei
924 3232 999 3285 einer
1017 3229 1165 3298 irgsndwie
1184 3231 1325 3297 gesrteten
1344 3228 1558 3297 teleclogischen
1578 3228 1665 3284 Welt-

417 3320 619 3387 anschauung.‘
647 3318 746 3375 Immo:
768 3320 854 3387 ‚Dese
872 3320 916 3373 ein
934 3316 1201 3387 antiteleologischer
1213 3316 1417 3385 chmstismus
1432 3317 1666 3385 (Materialismns,

417 3408 608 3463 mechanische
634 3407 901 3475 Weltsnschauung)
928 3408 1028 3463 ehensc
1054 3407 1168 3475 unithig
1192 3406 1244 3471 ist‘,
1270 3408 1330 3460 eine
1356 3406 1434 3461 echte
1452 3406 1540 3461 Morsl
1565 3424 1599 3461 su
1621 3406 1666 3461 be-

418 3498 547 3565 granden,
560 3496 612 3549 wie
625 3496 668 3549 ein
682 3495 853 3566 subjelrtiver
865 3494 1025 3549 Ideslismus
1037 3537 1042 3549 .
1054 3538 1059 3548 .
1072 3536 1078 3549 .
1093 3494 1157 3549 oder
1169 3494 1220 3548 wie
1234 3494 1276 3547 ein
1290 3494 1428 3549 absoluter
1441 3494 1663 3565 Shepticismus.'

417 3585 662 3652 Phtncmenclogie
681 3585 729 3638 dee
746 3585 814 3638 sittl.
835 3584 1044 3646 Bewnmtseins,
1063 3583 1155 3637 Berlin
1176 3583 1253 3649 1879,
1273 3584 1325 3637 662
1338 3601 1385 3652 sq;
1406 3584 1440 3637 oi.
1459 3583 1494 3638 ih.
1514 3584 1567 3637 579
1580 3601 1622 3653 sq.

506 3672 518 3707 ¹
537 3674 560 3726 Δ
579 3671 764 3741 compluribus
781 3671 920 3727 decenniis
939 3671 1066 3726 exeuntis
1079 3688 1150 3729 esec.
1164 3670 1229 3725 XlX
1251 3670 1480 3737 „Materialismus
1500 3671 1667 3742 philosophi·

418 3764 480 3817 cus*
498 3760 765 3830 (Darnis-Haeckel)
784 3762 818 3815 de
837 3764 986 3831 apparente
1004 3776 1054 3815 suc
1073 3762 1150 3829 quasi
1170 3760 1307 3830 triumpho
1320 3760 1427 3815 numine
1440 3763 1573 3817 scientiae
1586 3770 1668 3816 nctu-

417 3854 487 3905 rclis
512 3850 645 3918 gloriatus
664 3854 714 3904 est
751 3848 839 3903 Hodie
864 3852 955 3903 sutem
977 3850 1087 3903 ineunte
1106 3866 1178 3903 susc.
1198 3848 1249 3901 XX
1267 3850 1375 3903 nomine
1393 3848 1513 3903 eiusdem
1534 3850 1668 3903 scientiae

418 3940 552 3994 naturalis
571 3928 760 4008 Gtttingsnsis
785 3937 963 4009 philosophus
990 3942 1017 3991 et
1036 3938 1104 4007 prof.
1124 3938 1180 3992 ord.
1199 3938 1403 4005 universitatis,
1430 3940 1506 3993 Mon.
1526 3942 1666 4006 Vereor-n,

420 4027 459 4095 (in
485 4044 577 4097 opusc.
606 4026 901 4093 ‚Neturwissenschaft
923 4028 977 4081 und
1003 4026 1273 4094 welunschauung·
1304 4028 1348 4096 18)
1376 4028 1444 4083 haec
1467 4030 1586 4107 profiteri
1613 4048 1667 4085 non

418 4115 539 4170 dubitat:
567 4115 638 4183 ¹‚Der
663 4111 882 4186 philosophische
901 4112 1114 4169 Msterisllsmus
1140 4114 1189 4169 hat
1213 4116 1288 4169 seins
1314 4115 1476 4171 historieche
1501 4116 1578 4173 Rolls
1604 4135 1667 4172 aus·

418 4204 553 4274 gesplelt.
568 4245 595 4258 ..
625 4203 722 4258 Dieser
739 4203 863 4259 Versuch
882 4205 957 4257 einer
974 4204 1337 4259 neturuisseuschsltllchen
1357 4204 1612 4273 Weltanscheuung
1630 4207 1668 4260 ist

417 4292 462 4345 itlr
480 4292 576 4347 immor
592 4292 784 4362 mieslungen.¹

508 4380 626 4445 Accedit,
639 4380 710 4450 quod
723 4380 750 4434 in
764 4383 843 4434 coetu
856 4379 1083 4449 ‚Verssmmlung
1096 4380 1240 4437 deutschen
1253 4381 1464 4437 Naturiorscher
1481 4382 1535 4435 und
1549 4384 1663 4437 herste¹

420 4470 545 4533 (Breslau
566 4470 647 4536 1904)
673 4473 755 4524 notus
774 4470 801 4523 in
821 4468 967 4523 Germanis
986 4470 1074 4524 cultor
1093 4470 1221 4541 physices
1239 4468 1285 4526 Dr.
1305 4472 1399 4525 Krene
1417 4471 1578 4539 (araeden),
1604 4476 1667 4542 pest

418 4558 567 4626 longiorem
593 4558 747 4613 discursum
772 4558 806 4610 de
830 4561 946 4611 naturas
964 4558 1069 4613 viribus
1095 4574 1242 4627 carumque
1261 4558 1406 4629 multiplici
1424 4560 1527 4613 causali
1546 4561 1666 4629 energia,

417 4646 489 4701 hsuc
506 4647 569 4701 inde
587 4646 787 4701 conclusionem
806 4645 896 4699 ducit:
918 4646 983 4712 „hle
996 4646 1123 4715 Urgrund
1143 4648 1191 4701 des
1204 4647 1384 4703 Universums
1403 4648 1513 4703 bestsht
1531 4649 1591 4703 eine
1610 4652 1666 4704 ein-

418 4734 486 4802 sige,
506 4734 600 4801 surige,
618 4732 851 4788 unerlorschliche
864 4733 953 4798 Kraft,
973 4734 1076 4789 welche
1089 4736 1116 4788 in
1130 4735 1188 4789 sich
1208 4735 1295 4789 eelhst
1308 4736 1407 4790 Gesctz
1419 4736 1457 4791 ist
1468 4736 1522 4790 und
1536 4736 1563 4790 in
1573 4737 1664 4807 jedem

419 4823 527 4878 Punhte
545 4822 611 4877 lebt.
648 4822 704 4877 Der
722 4822 828 4891 Begriff
845 4822 934 4876 dieser
951 4822 1033 4877 Krait
1052 4824 1134 4877 decht
1152 4824 1210 4878 sich
1231 4824 1282 4878 mit
1300 4825 1360 4878 dem
1380 4824 1584 4893 Gotteshegrili.
1610 4826 1666 4881 Der

418 4912 550 4980 Inhegrill
565 4912 654 4966 dieser
673 4910 854 4966 universellsn
868 4900 950 4964 Krsft
967 4911 1005 4965 iet
1023 4903 1066 4966 die
1085 4912 1207 4967 dsnlrhar
1225 4920 1332 4981 grtsste
1351 4912 1599 4969 Velllrommsnheit
1617 4915 1665 4969 des

418 5001 618 5055 Bewusstseins
628 5000 676 5055 der
685 4998 951 5067 Zueckmtssiglreit,
962 4999 1010 5053 der
1020 5000 1158 5069 Orduung,
1170 5001 1217 5055 der
1228 5002 1299 5057 thte
1309 5002 1363 5055 und
1374 5002 1422 5056 der
1432 5001 1662 5071 Gerechtiglieit.‘
