3909 5842
528 634 707 691 Condiciones
725 636 886 692 essentiales
904 637 940 692 ad
958 637 1080 692 valorem
1099 637 1169 706 legis
1187 637 1331 709 positivae.
1489 643 1554 708 263

327 861 333 871 .
398 818 428 881 2.
452 815 619 900 Emporia
641 819 804 898 materiae,
829 820 867 882 61
888 817 944 881 166
967 816 1012 882 611

398 930 431 1012 6)
454 932 550 996 16616.
594 930 693 996 Ratio
725 936 785 1010 est,
817 931 894 1014 quia
923 931 1007 998 61166
1030 931 1063 997 16
1085 931 1160 1014 lege
1182 935 1323 998 naturae
1346 932 1435 998 nullo
1458 931 1554 998 modo

308 1033 440 1099 fundari
468 1038 589 1119 potest.
636 1036 722 1102 Hine
752 1039 785 1104 S.
810 1037 1034 1123 Aepustious¹
1067 1035 1162 1102 dicit:
1198 1037 1291 1115 ,Non
1321 1037 1453 1105 videtur
1482 1058 1555 1104 6666

306 1141 372 1218 166,
397 1161 483 1223 9666
504 1141 593 1206 16616
616 1161 682 1206 666
704 1141 834 1210 fuerit‘
878 1144 911 1210 S.
940 1143 1079 1210 ,11666666
1101 1163 1181 1208 vero
1204 1143 1352 1209 referens
1375 1145 1437 1211 hoo
1460 1144 1555 1211 testi-

307 1246 451 1338 monium
482 1246 589 1314 addit:
624 1247 741 1329 ,(Lex)
764 1248 797 1312 in
821 1253 981 1330 quantum
1005 1250 1106 1316 habet
1129 1249 1170 1314 de
1192 1249 1329 1328 iustitia,
1361 1249 1395 1316 in
1423 1255 1553 1318 tantum

306 1352 408 1419 habet
431 1353 472 1419 de
494 1353 621 1420 virtute
643 1353 783 1436 legis.“2
827 1354 931 1421 Porro
954 1358 1079 1421 16611116
1102 1355 1186 1436 legis
1210 1356 1274 1421 duo
1298 1356 1471 1441 importat:

396 1461 431 1543 6)
457 1470 490 1526 61
512 1483 581 1527 oiim
604 1463 696 1526 66116
720 1463 833 1527 altiore
855 1464 1055 1528 subditorum
1072 1463 1260 1549 obliquatione
1273 1472 1401 1548 969661,
1425 1483 1494 1541 666,
1518 1466 1555 1529 61

308 1587 381 1632 cum
404 1568 556 1633 Isidorol
579 1570 712 1633 veteres
734 1567 957 1635 iurisconsulti
981 1569 1151 1646 docebant,
1183 1573 1221 1635 ut
1248 1569 1292 1634 sit
1318 1569 1493 1648 ,bonesta“
1521 1571 1555 1634 et

311 1672 480 1756 „religioni
504 1677 696 1758 congruat.
729 1674 781 1740 Ad
804 1674 867 1740 hoo
890 1695 1019 1758 966966
1043 1675 1192 1760 apposite
1215 1677 1249 1743 S.
1271 1675 1406 1741 lbomos
1428 1673 1554 1740 subdit:

312 1781 368 1857 ,ln
398 1779 496 1846 rebus
524 1780 675 1846 humanis
706 1781 827 1847 dicitnr
855 1802 929 1847 esse
956 1781 1078 1864 aliquid
1101 1781 1224 1847 iustum
1248 1801 1291 1846 66
1314 1801 1363 1861 eo,
1394 1781 1480 1864 quod
1504 1784 1555 1846 est

307 1890 434 1953 rectum
457 1887 635 1954 seeundum
657 1888 806 1970 regulam
830 1887 978 1954 rationis.
1010 1887 1161 1954 Rationis
1184 1892 1296 1955 autem
1319 1888 1424 1972 prima
1439 1887 1555 1970 regula

308 1994 438 2059 661166
468 1999 618 2060 naturae.
664 1994 761 2060 Unde
793 1997 897 2061 omnis
927 1997 978 2061 166
1010 1997 1198 2060 humanitas
1226 1998 1333 2080 966116
1364 1997 1400 2060 io
1431 2003 1553 2060 tontum

308 2099 400 2163 liutet
430 2101 469 2164 (16
498 2103 733 2187 661166616916,
763 2103 977 2186 inquantum
1002 2123 1022 2166 6
1046 2101 1110 2187 1696
1133 2109 1272 2166 naturae
1296 2103 1470 2167 derivatur.
1518 2101 1555 2167 Si

307 2226 380 2269 vero
401 2207 437 2270 in
460 2208 567 2292 611966
591 2229 613 2271 6
636 2209 699 2294 1696
722 2209 869 2273 natarali
893 2207 1061 2291 discordet,
1085 2209 1153 2271 ium
1167 2229 1232 2273 666
1249 2211 1308 2273 erit
1324 2209 1382 2290 166,
1407 2209 1464 2274 aed
1479 2210 1554 2293 16916

308 2310 524 2395 66669116.11
555 2313 626 2379 Iam
642 2334 722 2379 vero
738 2313 890 2396 quioquid
906 2333 980 2378 cum
997 2315 1108 2379 altiore
1123 2313 1325 2382 subditorum
1343 2314 1553 2396 obligatione,

308 2415 442 2481 tametsi
464 2438 524 2500 per
545 2439 582 2484 se
604 2441 670 2484 non
694 2418 848 2499 naturali,
872 2423 1009 2504 pugnat,
1034 2440 1073 2486 eo
1089 2419 1160 2504 ipso
1176 2424 1288 2486 tamen
1303 2419 1472 2486 reductive
1489 2419 1554 2485 dis-

308 2522 511 2590 oordantiam
536 2547 610 2591 oum
632 2527 706 2611 ipsa
728 2547 858 2610 966966
879 2527 954 2610 lege
977 2530 1116 2592 naturae
1140 2527 1295 2593 eontinet.

395 2629 434 2712 β)
457 2640 493 2696 61
522 2635 567 2697 od
597 2632 712 2698 bonam
743 2655 904 2698 commune
927 2635 1188 2699 6616666666616
1212 2640 1268 2698 661
1291 2635 1380 2699 utilis
1404 2636 1454 2716 611,
1484 2653 1553 2709 666,

309 2738 346 2801 61
369 2742 518 2803 veterum
540 2739 673 2805 axioma
687 2739 798 2818 babet,
826 2739 945 2818 ,saluti
960 2739 1142 2823 proficiat“.
1175 2739 1237 2806 Est
1253 2739 1339 2804 enim
1355 2739 1396 2803 de
1411 2737 1555 2804 essentia

308 2839 402 2923 logis,
425 2848 464 2909 61
485 2844 528 2910 61
551 2846 672 2911 bonum
695 2867 866 2912 commune
889 2846 1058 2912 ordinetur
1081 2844 1126 2926 (n.
1152 2845 1241 2928 230).
1275 2845 1346 2912 Lex
1368 2845 1470 2928 igitur
1492 2843 1554 2910 hae

308 2949 519 3032 proportione
542 2952 585 3017 ad
607 2953 706 3018 finem
728 2953 791 3018 sibi
813 2953 1023 3018 essentialem
1047 2973 1163 3018 carens
1187 2953 1228 3018 ab
1251 2952 1324 3036 ipsa
1346 2951 1428 3034 legis
1446 2951 1555 3035 formo

308 3073 366 3119 seu
389 3077 410 3121 a
432 3055 561 3124 iustitia
583 3057 667 3141 legis
690 3058 822 3124 deficiat
845 3079 979 3124 neeesse
1003 3061 1085 3125 6615.
1132 3059 1205 3124 Η66
1228 3058 1379 3124 similiter
1401 3057 1553 3142 pertinet,

307 3162 394 3242 quod
417 3183 461 3229 66
483 3167 594 3230 mente
619 3164 827 3233 9116616616
849 3169 965 3230 auotor
988 3165 1062 3230 libri
1085 3165 1135 3230 De
1158 3163 1272 3247 regim.
1296 3164 1398 3248 prino.
1424 3165 1464 3229 16
1488 3163 1554 3229 dis·

307 3267 442 3335 crimine
462 3270 550 3337 inter
564 3272 712 3354 regimen
726 3271 850 3338 iustum
866 3275 901 3340 et
915 3271 1074 3338 iniustum
1089 3273 1281 3354 profitetur:
1311 3270 1364 3350 ,Si
1378 3269 1553 3336 multitudo

308 3395 329 3438 a
343 3381 481 3459 regente
505 3377 547 3442 ad
562 3378 681 3443 bonnm
699 3399 870 3444 commune
892 3377 1110 3444 multitudinis
1127 3376 1306 3454 ordinetur,
1330 3376 1393 3442 erit
1408 3375 1552 3458 regimen

307 3487 433 3550 rectum
450 3483 637 3560 elimatum:
654 3486 681 3550 si
698 3506 778 3551 vero
793 3505 859 3550 non
875 3485 918 3550 ad
934 3485 1053 3550 bonum
1066 3503 1235 3549 commune
1251 3481 1479 3559 multitudinis,
1496 3481 1553 3546 sed

307 3587 350 3653 ad
370 3589 491 3654 bonum
513 3592 681 3674 privatum
703 3591 850 3673 regentis
874 3589 1020 3673 regimen
1044 3588 1224 3668 ordinetur,
1250 3589 1313 3654 erit
1333 3587 1480 3670 regimen
1503 3586 1553 3652 in-

306 3693 429 3762 iustum
445 3700 546 3780 atque
560 3701 781 3781 perversum.“
794 3698 808 3740 ⁶
822 3696 1002 3762 Praeterea
1018 3695 1060 3762 ab
1076 3695 1137 3761 hoo
1153 3695 1300 3762 iustitiae
1314 3693 1472 3778 requisito
1488 3693 1553 3768 166,

306 3803 485 3869 secundum
500 3823 537 3869 se
552 3824 617 3869 non
633 3803 765 3882 iniusta,
785 3802 994 3868 nihilominus
1014 3802 1152 3866 delicere
1167 3804 1278 3885 potest
1294 3799 1400 3887 966661
1415 3801 1553 3882 modom,

305 3908 334 3973 si
350 3930 467 3994 nempe
485 3914 718 3998 ,1666966116
732 3934 830 3976 onera
846 3911 1048 3976 multitudini
1064 3911 1303 3994 dispensantur,
1321 3905 1450 3972 etiamsi
1466 3903 1553 3970 ordi-

305 4020 428 4082 nentur
443 4017 484 4082 ad
497 4018 617 4082 bonum
634 4017 856 4083 eommune“⁷.
869 4016 976 4080 —De
988 4019 1128 4096 utroque
1141 4013 1202 4078 hoe
1217 4011 1364 4080 iustitiae
1380 4011 1553 4088 elemento,

305 4145 370 4207 quo
392 4125 449 4190 lex
472 4129 506 4190 et
528 4129 616 4192 16616
638 4128 681 4191 611
703 4128 738 4190 61
760 4128 842 4190 16616
863 4126 931 4207 fiat,
961 4121 1217 4204 intellegendum
1249 4123 1302 4186 est
1324 4118 1405 4184 illud
1428 4118 1461 4184 S.
1485 4117 1554 4182 Au-

304 4231 447 4313 gustini:
483 4231 593 4309 ,Quod
622 4231 693 4296 iure
722 4233 770 4309 fit,
801 4230 888 4296 iuste
916 4231 964 4296 fit.
1012 4228 1104 4306 Quod
1134 4233 1245 4294 autem
1271 4227 1309 4290 fit
1331 4223 1462 4302 iniuste,
1494 4243 1553 4288 nec

304 4339 377 4404 iure
405 4338 476 4404 fieri
505 4343 627 4422 961661.
673 4338 750 4405 Non
780 4336 866 4403 enim
896 4337 969 4402 iura
999 4333 1033 4416 (i.
1058 4354 1086 4401 e.
1111 4334 1203 4416 leges
1232 4329 1377 4412 validae)
1407 4328 1554 4414 putanda

304 4449 383 4510 sunt
406 4446 459 4512 vel
481 4445 620 4511 dicenda
642 4448 756 4531 iniqua
779 4447 942 4510 bominum
965 4445 1145 4524 6666111616,
1169 4460 1242 4506 oum
1266 4437 1348 4504 illud
1371 4437 1471 4503 etiam
1490 4434 1553 4520 ipsi

305 4552 356 4616 ius
379 4572 453 4617 6666
476 4551 597 4628 dicant,
622 4551 708 4633 quod
732 4552 772 4616 16
795 4545 1323 4616 1661111666166161666666611.“8

397 4702 406 4735 ¹
424 4701 464 4754 De
482 4699 528 4754 lib.
547 4699 642 4753 arbitr.
662 4701 685 4762 1,
705 4700 730 4751 5.
804 4697 815 4730 ²
833 4696 859 4750 S.
878 4694 962 4748 theol.
985 4696 1008 4760 l,
1027 4694 1051 4759 2,
1071 4711 1097 4763 q.
1117 4694 1159 4758 95,
1178 4709 1203 4746 a.
1223 4692 1248 4746 2.
1322 4689 1505 4760 ³Etymolog.
1526 4691 1551 4744 5.

394 4773 453 4843 ⁴8⁰.
470 4789 560 4840 Tirom.
574 4786 593 4842 1.
607 4805 630 4841 6.
704 4784 770 4839 ‘cn
783 4784 819 4838 ib.
831 4785 855 4848 1,
868 4784 893 4848 2,
906 4800 933 4852 9.
946 4784 990 4848 95,
1003 4782 1063 4837 63.
1137 4779 1200 4834 ⁶De
1213 4779 1309 4848 regim.
1322 4779 1407 4850 prino.
1420 4777 1439 4834 l.
1454 4779 1478 4843 1,
1491 4795 1513 4832 o.
1528 4779 1552 4831 1.

395 4879 406 4911 ⁷
425 4878 453 4930 S.
476 4877 568 4931 llmm.
589 4877 613 4940 1,
632 4875 657 4940 2,
676 4891 702 4943 q.
722 4874 765 4939 96,
784 4891 809 4927 6.
828 4874 853 4927 4.
892 4869 1175 4941 auarez,Delog.1.
1197 4871 1220 4936 l,
1240 4885 1263 4923 o.
1283 4869 1307 4934 9,
1327 4868 1344 4936 ἓ
1365 4867 1405 4922 12.

395 4963 465 5018 ⁸De
483 4964 559 5018 civit.
578 4962 628 5016 Dei
646 4962 665 5016 1.
686 4963 726 5027 19,
746 4980 769 5016 6.
789 4962 833 5015 21.
