3909 5842
788 679 895 736 Relatio
914 681 1037 736 inridioa.
1472 685 1536 750 389

277 855 487 940 prohibitum
512 855 565 933 sit,
590 859 699 922 utrum
723 861 758 924 et
781 859 911 940 quando
934 859 1029 943 proin
1051 858 1132 924 iuris
1155 861 1241 940 neni,
1264 857 1363 924 immo
1380 858 1448 941 (ubi
1467 860 1537 926 eius

277 966 410 1030 natura
424 962 457 1028 id
479 961 656 1047 permittit)
679 962 741 1048 ipsi
765 967 833 1032 inri
855 965 1046 1033 renuntiare
1069 964 1141 1048 quis
1166 965 1272 1050 possit
1286 965 1340 1030 vel
1363 985 1469 1033 secus.
1492 1001 1537 1012 -—

279 1069 496 1154 Quapropter

280 1192 357 1264 475.
449 1193 505 1260 VI.
529 1195 586 1259 Ias
609 1199 644 1260 et
667 1216 744 1261 aare
767 1194 846 1260 iuris
869 1196 998 1262 ratione
1020 1198 1266 1282 qualificationis
1288 1197 1422 1262 moralia
1435 1195 1538 1280 probe

281 1300 520 1390 distinguenda
542 1305 629 1368 sunt.
669 1301 726 1368 Iao
749 1304 853 1388 ipsum
873 1325 934 1390 per
956 1325 990 1368 ee
1012 1311 1195 1388 spectatam,
1220 1302 1374 1384 quamdiu
1389 1301 1537 1386 legitimo

280 1405 385 1472 titulo
402 1406 528 1486 nititur,
546 1431 610 1474 non
624 1417 722 1494 potest
738 1431 801 1474 noa
817 1417 899 1476 recto
915 1412 1070 1475 rationali
1081 1412 1193 1475 ordini
1204 1413 1389 1492 consentire,
1406 1415 1441 1476 et
1453 1409 1537 1476 hanc

281 1513 453 1580 internam
483 1535 575 1580 suam
607 1515 820 1582 sanctitatem
850 1524 1014 1582 eoneeroat
1042 1515 1294 1601 independenter
1321 1515 1361 1581 ab
1386 1519 1453 1581 etas
1475 1538 1537 1581 rea

278 1621 483 1704 particulari
506 1624 670 1688 moraliter
686 1624 764 1689 bono
779 1625 826 1688 ael
842 1625 934 1691 malo.
952 1660 996 1668 -
1008 1622 1126 1688 Procul
1143 1621 1239 1687 dubio
1256 1620 1432 1687 absurdum
1449 1625 1538 1688 esset

283 1725 408 1806 dicere,
440 1725 473 1791 vi
503 1727 625 1794 ordinis
656 1729 809 1797 obiectivi
843 1729 1001 1796 divinitus
1023 1727 1143 1796 sanciti
1165 1726 1287 1794 homini
1309 1748 1463 1810 umquam
1487 1728 1538 1793 ins

283 1852 361 1898 esse
391 1854 488 1917 posse
512 1833 554 1899 ad
579 1839 731 1901 actionem·
754 1839 918 1902 moraliter
940 1839 1059 1902 malam
1084 1858 1148 1923 qna
1170 1837 1265 1901 talem
1287 1833 1536 1919 suscipiendam,

283 1960 359 2004 cum
384 1939 513 2005 divinus
536 1939 707 2024 legislator
728 1941 790 2007 sibi
811 1943 872 2027 ipsi
889 1941 1115 2009 contradicere
1131 1945 1283 2025 nequeat.
1319 1939 1409 2006 Nihil
1425 1945 1536 2007 autem

283 2051 461 2131 repugnat,
485 2047 584 2114 immo
608 2070 650 2114 ex
673 2053 793 2115 natura
816 2049 864 2115 rei
887 2049 1109 2116 necessarium
1126 2053 1187 2126 est,
1211 2046 1244 2113 in
1263 2047 1374 2129 aliqua
1387 2053 1537 2131 potestate

283 2153 412 2233 morali,
437 2153 570 2221 tametsi
594 2173 636 2219 ex
659 2154 842 2222 intentione
864 2156 982 2221 summi
1005 2153 1204 2222 ordinatoris
1227 2153 1269 2220 ad
1291 2173 1386 2218 nsum
1406 2155 1536 2218 tantum

283 2259 514 2328 rationabilem
539 2281 703 2342 concessa,
728 2282 767 2328 eo
790 2261 861 2346 ipso
884 2267 996 2330 tamen
1020 2262 1106 2344 quod
1129 2263 1227 2328 libero
1244 2259 1385 2326 hominis
1401 2255 1535 2323 consilio

286 2367 471 2433 exercenda
495 2367 721 2446 committitur,
740 2369 983 2454 possibilitatem
1007 2389 1136 2451 qnoque
1160 2366 1380 2451 contingentis
1399 2363 1536 2430 alicuius

285 2495 365 2540 usus
388 2495 453 2540 non
472 2473 676 2541 rationabilis
692 2479 726 2542 et
741 2475 910 2543 moraliter
925 2475 1031 2541 illiciti
1046 2475 1139 2557 quasi
1155 2473 1348 2558 implicitam
1364 2468 1534 2536 contineri.

287 2579 332 2647 Et
355 2581 469 2646 eadem
494 2581 623 2663 quidem
647 2581 793 2648 condicio
816 2581 850 2647 in
874 2582 924 2648 his
948 2581 1047 2648 terris
1070 2581 1257 2647 universam
1281 2577 1421 2645 hominis
1438 2577 1535 2643 liber·

287 2693 381 2753 tatem
412 2685 677 2771 inseparabiliter
709 2687 893 2756 comitatur.
940 2687 1218 2765 Quemadmodum
1249 2684 1353 2768 igitur
1376 2682 1536 2756 naturale

286 2793 405 2858 donum
429 2793 521 2859 liberi
545 2793 672 2861 arbitrii
696 2795 909 2878 contingente
934 2794 1091 2862 exercitio
1116 2793 1203 2859 malo
1219 2811 1280 2858 nec
1296 2789 1460 2856 amittitur
1474 2808 1535 2853 nec

287 2903 322 2965 in
346 2923 379 2966 ee
401 2899 522 2966 malurn
545 2903 592 2977 fit,
617 2900 664 2968 ita
689 2905 723 2967 et
745 2902 806 2980 ius,
831 2901 885 2968 ubi
908 2923 988 2968 vero
1004 2901 1102 2969 titulo
1118 2898 1278 2977 subsistit,
1303 2917 1408 2980 neque
1425 2899 1534 2961 cessat

288 3027 360 3072 esse
382 3027 488 3089 neque
511 3007 617 3091 ipsum
640 3007 761 3073 malum
785 3007 943 3086 redditur,
969 3006 1024 3072 nbi
1047 3007 1224 3089 contigerit
1247 3005 1288 3071 ab
1308 3002 1438 3068 homine
1453 3000 1534 3066 illud

287 3113 329 3178 ad
352 3113 493 3196 aliquem
517 3135 611 3178 usum
635 3114 697 3180 iuri
721 3115 850 3197 quidem
874 3114 1092 3182 materialiter
1114 3133 1304 3196 congruum,
1329 3109 1388 3175 sed
1403 3107 1534 3175 aliunde

287 3219 433 3286 illicitum
465 3220 631 3304 applicari.
679 3221 789 3304 Atque
817 3221 866 3288 ita
896 3221 1017 3296 evenit,
1049 3218 1282 3301 utaliquando
1306 3217 1533 3300 aetioperse

288 3329 404 3410 tepolis,
428 3325 449 3393 i.
467 3347 494 3393 e.
519 3325 635 3394 stricto
658 3325 720 3392 iuri
744 3348 802 3410 per
825 3349 861 3392 se
882 3349 947 3392 non
963 3326 1130 3403 difformis,
1156 3324 1286 3391 aliunde
1300 3325 1413 3389 tamen
1429 3319 1534 3385 ordini

288 3433 400 3498 morali
429 3432 594 3499 contraria
618 3437 652 3499 et
675 3435 841 3499 inhonesta
865 3453 937 3499 esse
960 3431 1075 3516 possit.
1113 3431 1236 3497 Verum
1259 3433 1436 3510 utcumque
1461 3428 1533 3491 citio

289 3539 423 3604 bertinis
446 3559 509 3602 non
534 3559 609 3604 raro
629 3537 797 3604 dissidium
814 3559 886 3605 esse
903 3537 1079 3621 eontigerit
1094 3537 1181 3605 inter
1197 3559 1289 3603 acam
1303 3535 1533 3622 particularem

288 3643 365 3708 iuris
389 3647 422 3710 et
437 3643 543 3726 legem
561 3644 728 3722 moralem,
752 3643 960 3729 interipsum
976 3648 1088 3711 tamen
1104 3647 1156 3710 ire
1171 3647 1205 3710 et
1219 3645 1372 3708 moralem
1388 3641 1533 3705 ordinem

289 3771 349 3816 non
365 3751 469 3816 solum
486 3753 576 3818 nulla
591 3774 744 3835 nmquam
761 3753 892 3820 interna
907 3774 1028 3838 pugna,
1045 3754 1103 3818 sed
1119 3771 1247 3818 summa
1258 3750 1367 3834 potius
1380 3749 1532 3830 respectu

289 3857 460 3924 communis
484 3859 611 3925 altioris
634 3859 707 3925 finis
729 3861 901 3926 harmonia
925 3858 1117 3926 evincitur1.

681 4017 710 4071 B.
731 4013 850 4072 domiin
868 4015 932 4072 iuris
949 4014 1140 4072 inriohbilitea

289 4111 352 4183 476.
444 4113 574 4181 Relatio
602 4119 731 4200 proprie
755 4119 899 4182 laridica
921 4137 1002 4200 prae
1026 4115 1113 4181 omni
1136 4115 1202 4180 alia
1225 4112 1343 4179 morali
1365 4110 1529 4178 hominum

290 4217 371 4284 inter
390 4239 426 4285 se
442 4219 643 4300 habitudine,
668 4223 773 4306 qualis
790 4226 841 4289 est
852 4244 884 4292 v.
898 4245 929 4308 g.
948 4221 1108 4298 caritatis,
1132 4221 1307 4298 amicitiae,
1327 4218 1416 4302 grati
1431 4215 1532 4282 animi

290 4329 356 4403 etc,
387 4324 420 4390 id
443 4327 504 4391 sibi
527 4327 693 4412 proprium
718 4329 826 4406 habet,
858 4335 983 4398 utnon
1006 4329 1110 4395 solum
1134 4349 1214 4393 vero
1237 4323 1354 4392 morali
1376 4321 1532 4406 ligamine

292 4431 412 4519 ellepis
437 4435 565 4500 divinae
588 4435 778 4514 reverendo,
807 4436 864 4503 sed
888 4436 1022 4520 insuper
1044 4445 1184 4523 respecta
1208 4437 1368 4501 bominum
1393 4434 1531 4498 coactiva

290 4539 522 4606 inviolabilitate
539 4539 851 4624 (Erzwingbarkeit)
875 4543 1045 4610 subsistat.
1084 4541 1130 4609 Et
1152 4562 1270 4607 revera
1293 4537 1457 4605 communi
1472 4536 1530 4602 ho-

291 4641 403 4710 minum
427 4646 656 4714 aestimatione
680 4649 845 4716 character
867 4653 969 4716 stricti
993 4653 1077 4716 iaris
1099 4647 1243 4715 maxime
1266 4645 1416 4732 proprius
1438 4644 1473 4710 in
1491 4664 1530 4710 eo

291 4769 355 4815 esse
377 4751 499 4836 passim
522 4753 722 4838 agnoscitur,
747 4757 832 4838 quod
856 4757 901 4822 sit
924 4761 1105 4840 coactivam,
1128 4757 1149 4822 i.
1167 4777 1195 4822 e.
1217 4751 1385 4826 eiusmodi.
1410 4749 1462 4816 cni
1477 4771 1529 4815 re·

291 4857 442 4940 spondeat
465 4857 606 4925 officium
630 4861 789 4928 coactioni
814 4861 1000 4929 obnoxium.
1039 4863 1102 4929 Est
1124 4859 1226 4945 igitur
1248 4860 1331 4926 haec
1353 4857 1433 4924 iuris
1456 4879 1530 4941 pro-

319 4974 343 4978 —
373 5013 381 5046 ¹
401 5012 441 5068 cf.
463 5017 575 5086 Suarea,
593 5015 633 5072 De
651 5017 704 5084 leg.
725 5018 742 5073 l.
765 5021 787 5083 l,
807 5037 829 5074 c.
850 5021 875 5082 9,
894 5019 910 5088 fi
930 5021 954 5075 6.
