3909 5842
665 683 764 752 Legem
784 687 922 737 aeternam
942 701 1003 738 esse
1022 683 1185 737 declaratur.
1483 689 1546 752 207

301 859 452 942 Namque
482 858 651 926 dubitandi
679 859 764 926 ratio
787 860 821 926 in
845 881 884 926 eo
907 860 1112 945 potissimum
1136 859 1267 926 fundari
1291 861 1431 939 videtur,
1462 865 1550 946 quod

299 967 355 1030 lex
376 968 513 1031 aeterna
536 965 758 1032 essentialiter
780 966 825 1032 sit
848 970 942 1032 actus
959 965 1020 1031 Dei
1042 968 1221 1032 immanens
1244 971 1279 1032 et
1301 966 1375 1032 hino
1394 967 1451 1032 illo
1466 969 1550 1052 legis

300 1071 457 1152 requisito
482 1090 608 1149 carens,
633 1072 718 1153 quod
742 1071 774 1136 in
798 1073 1061 1156 promulgatione
1085 1071 1244 1138 consistit.

390 1176 595 1260 Responsum
619 1183 729 1244 autem
754 1177 795 1244 ad
818 1179 903 1244 hane
927 1177 1154 1244 difficultatem
1178 1178 1300 1261 partim
1324 1199 1366 1244 ex
1388 1180 1439 1258 iia,
1466 1201 1550 1262 quae

301 1303 402 1366 supra
418 1281 511 1364 (232)
535 1283 623 1349 circe
646 1284 940 1368 promulgationem
957 1285 1041 1368 legis
1057 1285 1234 1350 secundum
1251 1285 1438 1352 Suarezium
1455 1309 1551 1370 prae-

292 1389 497 1469 monuimus,
527 1391 648 1474 partim
680 1411 722 1456 ex
752 1391 877 1457 diserta
900 1392 932 1457 S.
957 1391 1102 1457 Thomas
1130 1391 1351 1458 declaratione
1375 1394 1551 1474 colligitur.

303 1495 379 1560 Non
403 1495 488 1561 enim
513 1497 642 1580 aequali
666 1497 865 1564 necessitate
889 1502 948 1562 aut
964 1499 1094 1579 aequali
1110 1497 1239 1564 ratione
1254 1500 1431 1564 secundum
1447 1501 1553 1566 omnis

301 1603 386 1685 legis
415 1605 540 1668 statum
571 1603 791 1687 promulgatio
822 1603 863 1668 ad
895 1603 963 1670 eius
994 1604 1172 1670 essentiam
1195 1605 1349 1689 pertinet,
1374 1607 1430 1670 sed
1456 1606 1553 1673 aliter

302 1708 481 1774 seeundum
497 1712 620 1776 statum
638 1709 812 1784 internum,
835 1710 933 1776 aliter
948 1710 1124 1776 secundum
1142 1715 1324 1777 externum.
1356 1712 1425 1776 Lex
1442 1716 1551 1779 autem

304 1820 450 1895 aeterna,
475 1821 513 1883 ut
535 1819 613 1884 talis
632 1822 692 1896 est,
718 1819 841 1882 nullum
858 1817 959 1884 alium
975 1819 1104 1884 essendi
1121 1822 1243 1886 statum
1261 1820 1362 1886 habet
1378 1821 1439 1885 nisi
1455 1824 1552 1885 iuter-

305 1946 391 2006 uum,
417 1928 451 1988 et
474 1924 521 1989 sio
544 1945 607 1989 non
632 1924 661 1989 ei
686 1925 839 1990 convenit
863 1925 1084 2009 promulgatio
1108 1927 1141 1990 in
1165 1927 1279 1992 ordine
1297 1928 1338 1993 ad
1355 1928 1424 1993 eius
1441 1927 1552 2010 cogni-

304 2029 426 2094 tionem
451 2034 485 2095 iu
510 2033 647 2096 subditis
671 2031 891 2116 efficiendum·
915 2053 954 2097 ea
978 2037 1088 2099 autem
1105 2033 1377 2118 promulgatione,
1402 2054 1486 2116 quae
1501 2053 1552 2098 se·

305 2137 445 2200 cundum
470 2137 539 2202 eius
563 2141 686 2203 statum
711 2137 741 2203 ei
765 2137 939 2203 convenire
962 2139 1077 2222 possit,
1106 2139 1238 2204 minime
1262 2143 1363 2206 caret.
1410 2140 1552 2216 Etenim,

305 2247 343 2309 ut
367 2243 414 2308 ait
437 2245 470 2308 S.
500 2243 653 2309 lbomus:
689 2244 760 2320 ,lex
792 2248 927 2311 aeterna
951 2245 1051 2310 habet
1074 2245 1367 2329 promulgationem
1393 2267 1435 2310 ex
1457 2250 1554 2329 parte

306 2349 367 2414 Dei
398 2349 647 2433 promulgantis,
679 2350 755 2432 quia
779 2351 914 2417 Verbum
946 2350 1090 2416 divinum
1122 2357 1173 2418 est
1196 2355 1384 2418 aeternum“
1416 2351 1555 2432 (scilicet

309 2457 340 2520 in
369 2456 438 2520 Deo
469 2455 688 2522 immanenter
721 2457 762 2522 ab
793 2462 928 2523 aeterno
959 2457 1170 2540 prolatum).
1199 2512 1203 2521 .
1232 2512 1238 2522 .
1277 2458 1352 2534 ,sed
1384 2478 1427 2522 ex
1458 2462 1554 2542 parte

306 2567 479 2628 creaturae
510 2562 673 2629 audientis
704 2567 762 2630 aut
791 2563 994 2648 inspicientis
1017 2586 1081 2629 non
1105 2569 1216 2648 petest
1239 2585 1312 2630 esse
1334 2565 1554 2648 promulgatio

306 2673 501 2734 aeterna.“1

397 2775 447 2840 Ad
465 2775 550 2858 quod
567 2781 656 2842 recte
673 2777 908 2842 animadvertit
924 2780 1058 2860 Saurea,
1083 2799 1180 2862 posse
1195 2777 1326 2843 admitti
1343 2777 1404 2843 hoo
1424 2777 1555 2860 ,singu-

308 2884 396 2948 lare“
426 2883 456 2948 in
479 2883 542 2950 hac
564 2884 647 2966 lege,
672 2887 710 2950 ut
739 2887 930 2960 „censeatur
953 2889 1180 2950 consummata
1203 2888 1238 2950 et
1252 2883 1403 2968 perfecta
1418 2904 1456 2949 eo
1473 2884 1555 2966 ipso,

308 2989 394 3070 quod
425 2990 458 3054 in
489 2993 599 3055 mente
629 2989 829 3071 legislatoris
858 2990 1007 3056 stabilita
1037 2990 1097 3066 sit;
1130 2990 1212 3055 alias
1243 2996 1354 3057 autem
1378 2991 1468 3071 leges
1491 3009 1557 3053 non

309 3095 537 3174 consummari,
555 3095 657 3160 donec
674 3096 955 3179 promulgentur“.
988 3097 1032 3162 Et
1048 3095 1117 3161 eius
1133 3095 1293 3162 rationem
1310 3095 1434 3161 reddit:
1463 3095 1557 3176 ,quia

309 3203 476 3267 decretum
500 3202 560 3268 Dei
585 3207 755 3268 aeternum
779 3203 982 3268 immutabile
1006 3207 1058 3268 est
1080 3207 1115 3269 et
1138 3202 1207 3268 sine
1227 3203 1294 3267 ulla
1309 3201 1359 3266 sui
1376 3201 1558 3268 mutatione

310 3329 370 3392 pro
393 3329 452 3374 suo
475 3313 623 3392 tempore
648 3308 788 3390 obligat:
819 3309 987 3374 decretum
1012 3313 1122 3374 autem
1145 3308 1286 3374 hominis
1308 3308 1466 3374 mutabile
1488 3311 1556 3384 est;

310 3413 395 3478 unde
419 3415 572 3497 quamdiu
597 3437 661 3480 non
679 3415 907 3498 promulgatur
922 3436 982 3499 per
997 3415 1127 3480 modurn
1144 3414 1238 3497 legis,
1263 3435 1392 3498 semper
1407 3435 1443 3478 se
1459 3414 1559 3480 habet

310 3519 420 3604 potius
443 3541 502 3603 per
525 3519 655 3584 modum
677 3525 834 3606 propositi
856 3521 982 3586 ferendi
998 3521 1115 3603 legem,
1141 3541 1237 3603 quam
1254 3541 1313 3605 per
1328 3521 1458 3586 modum
1475 3521 1559 3602 legis

309 3625 448 3692 firmiter
472 3625 638 3692 stabilitae
663 3630 697 3692 et
719 3627 827 3693 latae“
841 3627 863 3691 ².

312 3765 381 3836 240.
473 3767 543 3832 Neo
559 3767 676 3832 mirum
693 3772 753 3846 est,
771 3789 791 3832 a
807 3767 995 3833 christianis
1010 3767 1211 3851 philosophis
1227 3767 1442 3834 communiter
1453 3768 1559 3848 legem

312 3877 481 3939 aeternam
513 3873 575 3938 dici
599 3873 660 3938 Dei
692 3874 800 3939 omnia
831 3874 1014 3939 ordinantis
1037 3873 1243 3956 sapientiam,
1275 3873 1365 3938 cuius
1389 3894 1502 3938 veram
1526 3878 1560 3938 et

311 3979 496 4045 absolutam
521 3979 604 4062 legis
627 3979 789 4045 rationem
813 3980 883 4064 ipse
909 3981 1016 4046 Cicero
1040 4001 1111 4044 cum
1136 3979 1388 4062 sapientissimis
1411 3983 1560 4044 veterum

313 4086 460 4168 agnovit.
507 4085 559 4151 Ita
590 4107 730 4168 namque
759 4086 880 4152 diserte
903 4091 1064 4152 testatur:
1102 4085 1214 4162 ,Hanc
1238 4085 1333 4151 video
1357 4085 1561 4168 sapientissi-

314 4213 440 4257 morum
462 4191 564 4257 fuisse
579 4191 786 4270 sententiam,
811 4193 917 4274 legem
933 4213 1039 4274 neque
1054 4191 1219 4256 hominum
1236 4192 1375 4274 ingeniis
1391 4190 1561 4273 excogita·

313 4305 393 4376 tam,
419 4319 479 4363 nec
502 4298 620 4365 scitum
645 4299 777 4380 aliquod
801 4319 873 4363 esse
896 4300 1108 4382 populorum;
1132 4298 1191 4362 sed
1210 4302 1378 4363 aeternum
1396 4295 1560 4378 quiddam,

315 4405 400 4486 quod
431 4408 615 4470 uuiversum
645 4407 799 4470 muudum
833 4411 975 4486 regeret,
1011 4404 1193 4487 imperandi
1223 4403 1479 4488 prohibendique
1508 4423 1562 4466 sa-

315 4511 449 4594 pientia.
497 4511 549 4576 lta
575 4515 753 4596 principem
785 4515 879 4596 legem
911 4514 1000 4575 illam
1029 4519 1056 4575 et
1079 4513 1223 4575 ultimam
1247 4515 1389 4576 mentem
1413 4529 1486 4574 esse
1514 4507 1562 4573 di-

316 4619 434 4684 cebant
458 4617 567 4682 omnia
590 4618 717 4684 ratione
742 4623 799 4684 aut
823 4618 970 4700 cogentis
995 4621 1053 4684 aut
1076 4618 1221 4683 vetantis
1244 4617 1321 4683 Dei:
1353 4638 1395 4682 ex
1419 4637 1483 4698 qua
1506 4615 1564 4679 illa

316 4725 380 4802 lex,
406 4745 501 4806 quam
520 4723 563 4788 dii
584 4723 726 4789 humano
747 4725 858 4806 generi
876 4723 1045 4802 dederunt,
1064 4729 1155 4790 recte
1171 4729 1223 4790 est
1237 4724 1382 4792 laudata.
1397 4776 1405 4790 .
1420 4775 1448 4789 ..
1482 4722 1565 4787 Erat

316 4829 401 4894 enim
433 4830 518 4895 ratio
549 4831 698 4914 profecta
729 4853 749 4896 a
776 4852 885 4896 rerum
915 4835 1035 4896 natura
1058 4835 1093 4896 et
1116 4831 1158 4896 ad
1181 4833 1272 4895 recte
1295 4829 1479 4894 faciendum
1502 4829 1564 4892 im·

409 5023 416 5054 ¹
435 5021 461 5074 S.
481 5021 562 5074 theol.
584 5021 608 5086 1,
628 5021 652 5084 2,
672 5039 697 5091 q.
718 5023 760 5086 91,
780 5039 804 5076 a.
828 5023 838 5074 1
860 5022 893 5075 ad
914 5021 938 5074 2.
1047 5020 1117 5074 ²De
1136 5021 1242 5090 legibus
1260 5021 1278 5074 l.
1298 5021 1322 5084 2,
1342 5038 1364 5074 c.
1387 5023 1409 5086 l,
1430 5021 1445 5087 5
1467 5021 1507 5074 ll.
