3909 5842
427 648 492 714 228
644 643 733 699 Sectis
752 645 773 700 Ι.
811 643 891 699 Liber
910 645 957 698 Ill.
996 643 1137 715 Gapntll.
1176 642 1316 698 Articulns
1335 645 1360 696 4.
1398 643 1460 710 51.

898 830 1141 898 Articulns
1162 828 1198 897 4.

782 957 832 1022 De
854 958 1016 1023 sanctione
1039 956 1116 1042 lepis
1138 957 1313 1022 naturalis.

767 1121 785 1204 ᾖ
813 1126 840 1189 1.
888 1122 1097 1188 Praeviae
1120 1121 1327 1189 notiones.

425 1253 494 1325 259.
585 1255 677 1321 Siout
706 1255 770 1332 lex,
802 1253 851 1320 ita
874 1258 909 1320 et
932 1253 1016 1336 legis
1039 1253 1167 1319 sanctio
1190 1254 1336 1337 spectari
1358 1257 1470 1336 potest
1493 1257 1552 1318 aut
1576 1256 1677 1319 actico

424 1367 482 1430 aut
502 1365 638 1450 passive.
685 1360 803 1426 Active
827 1363 979 1444 spectata
1003 1364 1055 1426 est
1079 1360 1244 1426 decretum
1269 1359 1480 1443 legislatoris,
1504 1380 1564 1444 per
1589 1360 1676 1443 qnod

423 1468 508 1550 legis
540 1467 762 1535 observationi
795 1471 941 1552 proemio
973 1485 1032 1532 seu
1061 1465 1148 1532 bona
1180 1461 1368 1545 obtinenda,
1401 1466 1471 1530 eius
1501 1466 1675 1532 violationi

421 1595 540 1660 poenos
569 1593 627 1639 seu
660 1573 749 1638 mala
781 1572 952 1639 subeunda
982 1571 1184 1656 praestituit.
1230 1571 1264 1638 Si
1294 1573 1426 1657 passive
1455 1571 1675 1655 intellegitur.

422 1684 500 1747 sunt
522 1680 595 1764 ipsa
617 1679 699 1744 haec
722 1677 869 1763 praemia
892 1683 926 1745 et
950 1699 1075 1762 poenae
1090 1678 1174 1761 legis
1190 1678 1412 1744 observationi
1429 1679 1483 1743 vel
1498 1679 1675 1745 violationi

421 1786 600 1872 proposita.
648 1787 697 1852 De
720 1785 782 1851 hac
806 1789 936 1852 tantum
960 1785 1129 1852 sanctione
1152 1785 1186 1850 in
1209 1785 1376 1869 praesenti
1399 1805 1545 1869 agemus.

510 1894 732 1978 Distinpnitnr
755 1896 864 1957 autem
888 1891 1032 1957 sanctio:

513 2003 541 2068 l.
572 1998 713 2066 Ratione
744 2001 916 2064 materiae:
946 1997 1073 2064 sanctio
1103 2000 1243 2080 interno,
1275 2017 1360 2080 quae
1389 1998 1483 2063 bonis
1512 2003 1547 2063 et
1574 1997 1676 2064 malis

421 2109 552 2173 constat
581 2105 703 2170 homini
730 2101 886 2182 internis,
917 2103 1106 2170 testimonio
1138 2103 1333 2187 praesertim
1366 2102 1589 2168 conscientiae
1620 2105 1676 2168 vel

421 2213 490 2280 eius
520 2233 685 2281 remorsu:
720 2213 755 2276 et
785 2217 926 2291 esterno,
958 2231 1043 2292 quae
1072 2209 1165 2274 bonis
1196 2213 1231 2275 et
1259 2209 1355 2274 malis
1385 2212 1518 2275 constat
1546 2209 1674 2275 homini

420 2319 550 2386 aliunde
574 2315 834 2384 advenientibus.

511 2429 540 2492 2.
565 2423 706 2490 Ratione
728 2423 933 2506 fundamenti
955 2425 1007 2487 est
1030 2424 1082 2486 vel
1115 2425 1302 2507 essentialis,
1332 2441 1418 2504 quae
1447 2422 1610 2488 fundatur
1639 2423 1674 2488 in

420 2533 491 2616 ipsa
520 2534 641 2597 natura
670 2529 740 2594 sive
764 2527 846 2610 legis
870 2527 941 2592 sive
965 2532 1139 2594 creaturae
1161 2528 1342 2605 rationalis,
1372 2529 1426 2593 vel
1450 2532 1674 2611 ocndcntotia

419 2659 502 2721 quae
526 2657 568 2703 ex
591 2635 792 2718 legislatoris
817 2634 954 2701 arbimio
977 2635 1217 2718 superadditur.

509 2744 539 2809 3.
564 2741 706 2808 Ratione
730 2743 892 2826 efficaciae
914 2745 966 2808 est
989 2743 1043 2808 vel
1066 2743 1229 2827 sufficiens
1252 2744 1305 2807 vel
1329 2743 1529 2828 insufficiens
1544 2747 1580 2808 et
1595 2743 1673 2825 qui-

419 2849 491 2915 dem
516 2853 691 2931 utrumque
715 2848 768 2913 vol
792 2848 931 2913 obsotntc
954 2847 1007 2912 vel
1031 2851 1169 2916 relation
1201 2850 1350 2914 Absolute
1365 2849 1531 2913 sufficiens
1547 2847 1673 2914 dicitur

417 2953 555 3032 sanctio,
588 2973 671 3035 quae
703 2956 742 3019 ote
772 2977 804 3019 se
834 2957 987 3038 respectu
1016 2958 1118 3020 omnis
1149 2957 1286 3020 bominis
1318 2957 1353 3020 et
1384 2975 1443 3039 pro
1475 2958 1561 3020 omni
1588 2975 1670 3021 cosa

417 3060 529 3128 valida
549 3063 601 3126 est
623 3059 792 3144 impellere
814 3059 1020 3126 voluntatem
1043 3059 1237 3126 rationalem
1262 3061 1303 3126 ad
1327 3061 1433 3143 legem
1457 3062 1669 3128 servandam.

417 3169 558 3234 Relatioo
581 3167 686 3233 solum
710 3165 886 3245 sufficiens,
911 3167 938 3231 si
961 3168 1054 3234 valet
1076 3187 1136 3250 pro
1160 3167 1259 3233 certis
1274 3187 1487 3251 personarum
1504 3167 1671 3234 adiunctis

416 3279 475 3342 aut
498 3295 557 3358 pro
582 3273 681 3340 certis
701 3274 830 3340 ossibus
845 3277 986 3340 tantum.
1019 3272 1122 3339 Simili
1138 3271 1234 3338 modo
1250 3294 1269 3336 e
1284 3274 1449 3340 contrario
1464 3273 1670 3340 insufficiens

416 3383 475 3447 aut
497 3380 690 3464 simpliciter
714 3384 772 3446 aut
795 3379 934 3445 relative
958 3378 1088 3444 dicitur.

507 3489 538 3552 4.
563 3485 705 3552 Ratione
725 3488 942 3573 proportionis
972 3485 1014 3550 ad
1044 3485 1196 3552 meritum
1224 3485 1278 3550 vel
1301 3485 1494 3551 demeritum
1517 3490 1571 3551 est
1589 3509 1668 3572 pcr-

415 3592 500 3675 fecto
516 3591 568 3656 vel
594 3592 789 3677 imperfecto,
813 3595 911 3676 prout
933 3591 1065 3674 utrique
1088 3591 1135 3656 illi
1158 3591 1407 3676 proportionata
1422 3595 1475 3658 est
1489 3591 1543 3656 vel
1559 3611 1666 3657 secus,

417 3728 486 3801 260.
578 3731 672 3798 Finis
688 3736 879 3799 intrinsecas
895 3733 1001 3800 omnis
1017 3731 1196 3799 sanctionis
1211 3733 1296 3799 idern
1314 3737 1375 3809 est,
1397 3733 1439 3798 ad
1456 3753 1550 3814 quem
1568 3753 1666 3816 prae·

417 3835 515 3902 mium
539 3841 574 3904 et
596 3859 734 3922 poenam
759 3845 876 3924 suapte
899 3845 1021 3907 natura
1044 3839 1189 3905 ordinari
1212 3860 1311 3922 supra
1331 3839 1376 3918 (n.
1394 3837 1473 3921 215)
1490 3839 1664 3923 probatum

417 3947 478 4024 est,
502 3943 653 4009 nimirum
680 3948 708 4012 1.
733 3947 843 4011 ordini
865 3949 982 4014 morati
1004 3949 1162 4012 servando
1184 3949 1360 4032 providere,
1389 3945 1605 4012 subiectivum
1630 3953 1665 4012 et

418 4049 537 4116 efficax
566 4049 725 4117 motivum
750 4053 960 4136 proponendo
989 4052 1113 4119 liberae
1136 4053 1311 4130 voluntati,
1343 4074 1406 4136 quo
1429 4053 1472 4118 ad
1495 4051 1583 4118 illius
1606 4053 1664 4118 ob
1780 4076 1781 4079 ¹

415 4269 580 4340 legislatore,
599 4269 759 4340 reprobatur
778 4269 812 4323 ab
831 4269 952 4334 historia,
971 4269 1036 4339 quia
1054 4285 1202 4338 numquam
1221 4271 1248 4323 in
1267 4287 1347 4324 usum
1366 4269 1463 4324 deduci
1481 4269 1578 4339 potuit,
1596 4271 1663 4340 quin

415 4359 509 4413 statim
528 4357 679 4412 officiorum
699 4357 876 4412 humanorum
896 4357 1008 4412 vincula
1026 4357 1187 4412 laxarentur
1211 4361 1240 4412 et
1262 4359 1327 4427 quin
1346 4357 1511 4428 cupiditates
1529 4362 1557 4414 et
1575 4361 1661 4428 ogeis·
1780 4360 1781 4407 l

414 4465 476 4502 mus
501 4447 564 4502 ilico
588 4447 811 4517 triumpharent.“
852 4447 926 4500 Idem
945 4447 999 4501 ism
1019 4449 1180 4500 Lomartine
1199 4446 1283 4514 (Hist.
1302 4448 1350 4502 des
1369 4445 1494 4517 (lirond.)
1514 4467 1562 4520 per
1577 4445 1661 4504 notis·
1780 4452 1781 4493 ἰ

415 4536 513 4590 simum
527 4535 592 4589 lllud
605 4539 724 4590 testatus
738 4539 795 4590 est:
819 4536 1006 4600 „Conscientia
1019 4535 1077 4589 sine
1090 4535 1147 4590 Dso
1161 4537 1205 4590 ent
1215 4535 1335 4590 tribunal
1347 4538 1407 4591 sine
1419 4537 1533 4592 indice*
1559 4537 1662 4592 Nihilo·

414 4626 504 4679 minus
528 4627 621 4679 notum
647 4628 703 4690 est,
729 4627 831 4694 quanto
857 4625 947 4678 studio
972 4624 1025 4678 hac
1049 4628 1143 4679 nostra
1168 4629 1259 4679 aetate
1280 4628 1474 4681 notaratictico
1490 4626 1661 4697 philosophia

415 4715 448 4769 ad
468 4714 627 4769 solvendum
653 4714 903 4782 quomodocumque
929 4711 1067 4783 problema
1093 4713 1277 4768 instituendae
1295 4731 1328 4768 aa
1345 4715 1537 4785 propagandae
1555 4715 1662 4770 ethicas

415 4803 449 4858 ab
467 4803 539 4856 omni
557 4802 688 4868 religione
707 4801 912 4871 independentis
931 4801 1077 4865 incumbat
1097 4802 1125 4856 in
1138 4802 1284 4857 Germania
1296 4803 1405 4871 quidem
1424 4808 1453 4857 et
1464 4805 1576 4858 Austris
1588 4803 1662 4858 duci·

414 4893 466 4946 bns
491 4890 624 4960 imprimis
650 4889 805 4959 professore
824 4889 993 4944 Berolinensi
1012 4893 1124 4945 Fbrster
1148 4896 1177 4944 et
1194 4892 1348 4961 professore
1365 4894 1433 4946 Jodl
1450 4893 1662 4949 vindobonensi.

413 4979 454 5035 lle
473 4995 527 5049 qua
545 4995 575 5032 rs
595 4979 629 5033 oi.
653 4977 799 5044 „Stimmen
819 4997 868 5034 sus
887 4979 1095 5034 Maria-Lsach‘
1117 4979 1205 5034 XLIV
1223 4980 1276 5035 385
1295 4985 1324 5034 et
1343 4983 1403 5036 bl‘t.
