3909 5842
731 704 840 759 Relatio
857 705 979 761 iuridica.
1414 709 1478 774 397

322 881 438 948 Prob.
462 880 605 948 minor.
645 881 803 966 Spectata
827 903 934 948 rerum
952 881 1095 949 omniurn
1111 883 1329 948 humanarum
1345 882 1480 950 defecti·

218 988 362 1056 bilitate
386 1009 425 1054 ac
448 987 674 1056 vicissitudine
696 989 811 1072 procul
834 987 930 1054 dubio
955 989 1130 1071 aliquando
1152 988 1284 1055 evenire
1300 992 1420 1073 petest,
1444 995 1483 1055 ut

221 1094 416 1162 obiectivae
438 1093 586 1161 iustitiae
609 1096 812 1178 postulatum
835 1115 896 1180 per
918 1116 954 1161 se
977 1095 1113 1161 evidens
1133 1117 1174 1161 ac
1196 1095 1379 1162 certissimo
1402 1096 1483 1161 iuris

218 1201 331 1268 titulo
354 1201 532 1279 definitum,
557 1206 616 1268 aut
638 1201 712 1266 iura
735 1201 901 1268 naturalia
924 1201 957 1266 in
980 1202 1054 1286 ipse
1076 1202 1221 1268 humana
1243 1203 1482 1286 personalitate

221 1308 421 1393 immediate
444 1308 583 1374 lundata
606 1311 641 1374 et
663 1307 739 1374 binc
762 1308 968 1386 essentialia,
1000 1311 1037 1373 nt
1059 1308 1166 1392 ipsum
1197 1309 1249 1374 ius
1269 1307 1417 1387 auvendi,
1448 1309 1482 1374 in

221 1414 345 1496 aliqua
367 1415 454 1481 forte
477 1415 583 1480 minus
607 1415 696 1481 culta
720 1415 865 1494 civitate,
891 1435 1096 1499 quacumque
1118 1416 1159 1481 de
1178 1435 1287 1494 causa,
1312 1436 1372 1480 nec
1394 1415 1482 1499 posi-

220 1521 304 1586 tiva
319 1520 404 1602 legis
419 1520 568 1604 publicae
583 1521 690 1588 tutela
705 1542 766 1588 nec
782 1522 849 1588 ulla
865 1522 993 1588 efficaci
1009 1521 1199 1588 defensione
1213 1521 1376 1587 fruantur.
1405 1520 1483 1598 Quis

223 1627 319 1694 enim
343 1631 452 1710 neget,
478 1628 578 1694 etiam
601 1627 765 1712 publicam
789 1627 943 1695 socialem
968 1628 1217 1706 auctoritatem,
1241 1627 1401 1711 siquidem
1423 1647 1484 1711 per

223 1735 382 1818 homines
398 1738 581 1813 exercetur,
598 1734 647 1800 ita
663 1735 839 1818 aliquando
854 1736 905 1800 sni
917 1735 1062 1802 muneris
1078 1735 1227 1801 oblivisci
1239 1757 1345 1819 posse,
1362 1740 1400 1801 ut
1411 1735 1483 1800 loco

224 1841 396 1908 naturalia
419 1841 603 1908 obiectivaa
619 1841 765 1908 iustitiae
781 1842 936 1909 iniustum
954 1843 1126 1910 arbitrium
1142 1844 1242 1925 legali
1264 1843 1434 1910 sanctione
1450 1849 1485 1910 et

225 1947 365 2032 publica
383 1947 531 2032 potantia
546 1952 736 2015 sustentet?
750 1985 796 1998 --
811 1951 882 2015 Iam
898 1973 970 2016 cero
986 1950 1254 2033 quotiescumque
1275 1951 1308 2015 id
1325 1949 1483 2021 evenerit.

227 2075 274 2118 eo
289 2054 361 2138 ipso
378 2056 552 2120 secandam
567 2062 772 2122 memoratam
790 2056 976 2141 hypothesin
1000 2055 1170 2121 dicendum
1188 2056 1262 2132 erit,
1286 2061 1405 2122 cuncta
1426 2056 1484 2123 illa

227 2159 418 2226 obiectivae
432 2159 579 2226 iustitiae
594 2159 773 2244 postulata,
796 2163 921 2246 publice
942 2185 1007 2228 aaa
1023 2165 1144 2247 apcitc,
1168 2165 1236 2228 ocri
1258 2165 1343 2228 iaris
1358 2164 1485 2228 maniae

231 2275 262 2332 ct
274 2268 457 2332 charactere
466 2269 604 2352 privari,
621 2265 871 2350 hominesipsos
882 2267 950 2333 suia
965 2267 1090 2334 iuribus
1106 2265 1205 2334 etiam
1221 2266 1483 2334 inalienabilibus

228 2373 380 2438 obiectivc
395 2371 545 2456 spoliari;
569 2372 589 2439 i.
616 2393 643 2438 e.
669 2372 880 2456 consequitur
902 2373 1072 2456 indiguum
1095 2373 1303 2439 corollarium
1319 2372 1406 2455 quod
1429 2393 1482 2438 ar·

230 2479 374 2561 guimas.
406 2477 543 2555 Quodsi
562 2477 724 2544 concretis
747 2483 781 2546 et
804 2479 969 2546 historicis
984 2479 1144 2564 exemplis
1161 2479 1352 2564 applicetur,
1377 2478 1483 2561 magis

231 2587 337 2654 etiam
360 2585 445 2652 omni
465 2585 620 2652 rationali
642 2586 756 2651 ordine
772 2587 940 2670 indignum
957 2591 992 2654 et
1006 2585 1214 2654 intolerabile
1236 2589 1384 2671 apparet.
1413 2586 1482 2652 Sci·

231 2693 315 2758 licet
337 2693 408 2775 quis
430 2713 458 2760 e.
482 2713 514 2775 g.
538 2692 641 2759 ferret
663 2693 748 2758 serio
772 2693 950 2759 dicentem:
975 2693 1147 2776 mancipia,
1172 2693 1352 2758 acivilium
1372 2693 1482 2774 legum

231 2799 343 2866 tutele
357 2799 541 2866 formaliter
557 2799 692 2864 exclusa
715 2797 835 2865 ataine
850 2799 919 2864 ulla
941 2799 1117 2865 resistendi
1138 2799 1358 2884 possibilitate
1381 2799 1484 2864 domi-

232 2927 350 2971 norum
364 2925 496 2972 suorum
511 2903 674 2972 avaritiae
690 2909 725 2972 et
736 2904 924 2972 crudelitati
936 2906 1107 2989 permissa,
1124 2925 1163 2970 eo
1175 2905 1247 2990 ipae
1259 2905 1484 2971 communibus

232 3012 402 3076 hominum
419 3011 542 3076 iuribus
558 3010 709 3094 praedita
731 3031 796 3076 non
821 3031 903 3090 esse,
928 3011 983 3076 vel
1004 3010 1148 3076 infantes
1164 3010 1356 3093 neogenitos
1372 3031 1392 3076 a
1407 3031 1484 3093 pro·

232 3117 316 3202 priis
331 3118 523 3202 parentibus
538 3117 712 3184 derelictos
729 3123 828 3200 atque
844 3119 991 3184 abiectos
1006 3119 1047 3183 iis
1059 3118 1090 3182 in
1107 3122 1218 3184 terrae
1228 3117 1346 3201 plagis,
1362 3116 1396 3181 in
1413 3117 1484 3198 qui-

234 3226 298 3289 bua
321 3224 372 3289 ius
397 3223 493 3289 civile
520 3229 554 3290 et
582 3223 783 3290 consuetudo
811 3223 942 3308 publica
965 3223 1123 3288 eiusmodi
1146 3221 1309 3305 impietati
1335 3221 1485 3304 indulget

234 3331 301 3414 (uti
323 3351 395 3396 mos
410 3329 512 3394 fuisse
535 3329 657 3410 legitur
676 3329 762 3413 apud
779 3327 956 3411 Sinoneee),
981 3329 1032 3394 ius
1048 3329 1181 3394 vivendi
1196 3328 1347 3395 strictum
1363 3329 1398 3392 et
1420 3347 1486 3408 qua

231 3438 306 3504 tela
330 3437 416 3520 apud
441 3457 553 3501 omnes
569 3435 717 3501 homines
732 3435 920 3501 inviolabile
938 3455 1004 3500 non
1019 3435 1199 3519 possidere,
1222 3439 1339 3519 utpote
1355 3441 1486 3500 aalma

233 3543 387 3610 efficacia
410 3543 629 3610 destitutum?
657 3581 700 3592 -
729 3542 850 3625 Ecquis
874 3543 935 3608 sibi
958 3542 1167 3626 persuadeat,
1192 3561 1277 3624 quae
1299 3545 1413 3606 contra
1436 3540 1487 3604 in·

232 3650 352 3716 felices
367 3649 525 3714 eiusmodi
540 3650 687 3715 homines
703 3653 887 3732 patrantur,
911 3669 1018 3732 neque
1033 3648 1164 3734 proprie
1186 3652 1329 3714 iniuriae
1344 3667 1401 3712 seu
1417 3647 1485 3712 lae·

234 3757 349 3822 siones
372 3755 509 3822 alicuius
531 3758 611 3823 iuris
635 3761 711 3824 actu
735 3757 954 3836 subsistentis,
980 3777 1086 3838 neque
1109 3775 1188 3821 vera
1211 3757 1348 3820 crimina
1371 3758 1487 3820 contra

233 3862 385 3929 iustitiae
407 3861 554 3927 ordinem
578 3862 742 3928 censenda
765 3883 848 3940 esse,
873 3863 930 3928 sed
953 3866 1083 3929 tantum
1106 3869 1234 3948 peccota
1258 3869 1367 3927 contra
1392 3864 1486 3947 lepem

236 3971 390 4035 moralem
414 3968 587 4035 caritatis?
603 4005 646 4017 -
662 3968 849 4046 Enimvero,
875 3973 1032 4051 quantum
1056 3967 1214 4033 eiusmodi
1230 3968 1393 4034 conclusio
1415 3988 1487 4032 rec-

236 4083 295 4143 tae
323 4075 443 4142 rationi
466 4076 678 4155 adversetur,
702 4076 756 4140 vel
778 4075 853 4141 inde
877 4077 984 4159 patet,
1009 4075 1094 4156 quod
1119 4074 1298 4139 communis
1321 4073 1485 4139 hominum

238 4203 355 4248 sensus
377 4183 524 4248 iustitiae
539 4203 600 4268 per
615 4203 659 4260 se,
684 4181 704 4248 i.
722 4203 751 4249 c.
768 4181 830 4246 nisi
852 4202 912 4266 per
927 4181 1079 4248 accidens
1094 4201 1194 4246 caeca
1209 4181 1320 4263 aliqua
1335 4181 1487 4264 passione

240 4292 478 4372 corrumpatur,
502 4289 535 4353 in
557 4287 647 4353 nullo
669 4287 740 4353 iure
763 4288 982 4370 agnoscende,
1007 4287 1194 4366 asserendo,
1217 4287 1339 4353 tuendo
1355 4307 1487 4370 promp-

238 4395 306 4460 tior
327 4399 427 4476 atque
446 4395 649 4461 constantior
672 4414 745 4461 esse
769 4395 864 4474 solet,
889 4415 986 4477 quam
1010 4394 1043 4459 in
1068 4415 1116 4474 eo,
1142 4394 1227 4476 quod
1243 4394 1366 4459 ciritae
1381 4395 1488 4477 impar

240 4501 417 4585 potentiori
441 4501 580 4586 cuipiam
604 4501 739 4567 arbitrio
763 4521 821 4585 per
844 4501 938 4567 nefas
961 4500 1172 4567 succumbere
1195 4501 1354 4566 videmus.

241 4613 311 4686 494.
402 4614 618 4687 Gerellanum.
666 4617 862 4701 Principium
887 4616 1042 4700 generale
1064 4617 1097 4681 in
1121 4617 1183 4682 bac
1205 4615 1292 4683 thasi
1307 4614 1489 4681 stabilitum

242 4722 275 4787 in
306 4728 513 4789 antecessum
542 4723 608 4790 iam
640 4727 675 4789 ct
696 4723 854 4789 indirecte
878 4723 1037 4790 falsitatis
1061 4723 1171 4805 arguit
1194 4743 1309 4788 recens
1330 4721 1489 4806 iurispru-

243 4828 373 4894 dentiae
396 4829 537 4908 axioma,
562 4830 649 4896 infra
673 4830 794 4897 directe
817 4830 1047 4896 refutandum:
1081 4829 1233 4908 ,Nullum
1258 4851 1331 4895 esse
1353 4829 1404 4894 ius
1426 4829 1488 4895 nisi

243 4936 451 5020 positivum“,
475 4937 496 5002 i.
515 4958 542 5002 e.
559 4959 619 5021 per
642 4937 771 5004 civilem
795 4937 987 5003 societatem
1011 4940 1156 5002 erectum
1172 4939 1207 5003 et
1221 4936 1401 5013 sancitum,
1426 4957 1489 5018 quo

243 5045 410 5124 tamquam
434 5043 566 5127 proprio
589 5043 802 5110 fundamento
825 5043 941 5110 nititur
964 5043 1043 5109 iuris
1066 5042 1203 5123 theoria,
1232 5063 1328 5126 quam
1357 5042 1488 5121 ,schola
