3909 5842
601 695 738 749 Kantiana
757 695 824 749 iuris
843 694 905 748 idea
924 691 1019 747 critice
1037 691 1200 746 excluditur.
1461 696 1524 759 431

281 878 427 960 legitime
449 876 607 949 infertur;
632 873 768 957 quaesi
791 875 966 957 praeterea
990 870 1100 952 aliqua
1123 868 1344 953 explicatione
1367 869 1526 953 indigeat,

280 984 395 1062 exiis,
420 1003 504 1066 quae
526 981 724 1057 subiicimus,
749 984 784 1046 et
806 979 994 1044 illustratur
1017 980 1052 1042 et
1075 978 1295 1042 confirmatur.

280 1096 349 1167 533.
437 1092 598 1165 Probatur
618 1091 677 1163 III⁰
707 1116 746 1161 aa
775 1094 956 1160 condicione
978 1094 1062 1157 reati
1084 1095 1188 1158 omnia
1210 1092 1402 1157 individuae
1424 1094 1527 1157 deter-

278 1204 465 1269 minationis
488 1202 620 1267 iurium.
1535 1250 1538 1254 .

368 1308 415 1375 Ut
438 1306 570 1389 aliquod
593 1307 643 1373 ius
666 1308 700 1371 in
715 1306 908 1391 particulari
924 1302 1177 1371 determinatum
1194 1302 1320 1367 censeri
1335 1302 1450 1386 possit,
1474 1323 1527 1367 re·

278 1415 418 1498 quiritur
441 1417 475 1479 et
498 1412 630 1491 sufficit,
654 1418 692 1479 ut
714 1412 906 1497 hypothesis
929 1413 983 1477 vel
1007 1409 1153 1475 condicio
1168 1409 1227 1475 illa
1242 1409 1377 1475 realiter
1391 1408 1527 1492 implea-

277 1526 343 1600 tur,
366 1522 426 1587 sub
450 1541 515 1603 qua
538 1520 643 1585 relate
666 1519 708 1585 ad
732 1522 841 1584 certas
863 1538 1022 1603 personas
1045 1520 1235 1597 certamque
1252 1513 1426 1581 materiam
1441 1513 1528 1579 idern

278 1627 358 1693 illud
381 1628 432 1692 ins
455 1630 546 1693 certo
570 1625 780 1708 cognoscitur
803 1646 875 1691 esse
900 1626 1025 1691 actuale
1039 1626 1231 1709 postulatum
1246 1626 1387 1689 obicctiai
1402 1625 1528 1688 ordinis

278 1737 450 1801 rationalis
473 1736 628 1799 divinitus
650 1736 777 1815 sanati,
801 1752 869 1809 seu,
894 1732 981 1815 qnod
1004 1730 1037 1796 in
1061 1751 1098 1795 se
1120 1729 1205 1795 idem
1222 1734 1284 1806 est,
1308 1734 1346 1796 ut
1361 1728 1528 1795 sufficiens

277 1842 359 1907 iuris
388 1830 505 1907 t'tulus
535 1839 789 1920 (interveniente
819 1840 928 1922 aliquo
955 1838 1047 1905 lacto
1071 1838 1166 1919 reali)
1190 1838 1326 1903 realiter
1348 1837 1528 1903 subsistere

278 1944 424 2029 incipiat.
456 1982 499 1991 —
528 1948 628 2031 Atqui
657 1944 814 2010 eiusmodi
849 1945 948 2010 realis
982 1944 1129 2010 condicio
1161 1947 1280 2027 suapte
1311 1947 1431 2009 natura
1462 1963 1527 2008 non

278 2052 385 2117 minus
415 2052 524 2134 aliquo
554 2050 644 2117 iacto
674 2056 825 2135 respectu
856 2050 997 2116 hominis
1028 2054 1205 2117 necessario
1235 2054 1270 2116 et
1292 2051 1362 2116 Deo
1393 2052 1528 2114 auctore

278 2157 462 2235 eveniente,
487 2178 584 2239 quam
607 2157 697 2223 facto
721 2157 863 2222 humano
886 2158 985 2223 libero
1008 2156 1180 2241 adimpleri
1202 2160 1322 2241 potest.
1358 2156 1444 2241 Erpa
1464 2158 1527 2221 etc.

367 2262 499 2329 Maior
521 2268 616 2347 patet
640 2284 682 2328 ex
705 2262 813 2327 indole
836 2263 916 2328 iuris
940 2262 1162 2343 essentialiter
1184 2262 1302 2329 morali
1325 2265 1359 2327 et
1382 2283 1425 2327 ex
1448 2280 1527 2325 vero

279 2374 440 2454 conceptu
463 2369 552 2436 tituli
575 2370 654 2435 iuris
678 2368 767 2451 (vide
790 2391 822 2435 n.
848 2372 912 2435 468
937 2371 1028 2451 499).

368 2475 483 2541 Prob.
508 2476 649 2563 minor.

371 2584 399 2647 1.
424 2582 584 2667 Nepotioa.
631 2582 692 2659 Qui
714 2582 883 2647 iuridioam
908 2582 997 2648 inter
1018 2581 1167 2647 homines
1189 2581 1383 2647 relationem
1398 2579 1528 2645 nonnisi

278 2708 338 2771 per
361 2688 498 2753 liberum
522 2708 715 2753 consensum
732 2688 850 2753 saltem
866 2687 1005 2755 taciturn
1021 2687 1239 2753 determinate
1255 2687 1416 2752 exsistere
1431 2706 1528 2769 posse

281 2793 493 2871 contendunt,
527 2792 589 2859 hac
619 2793 688 2859 fere
719 2794 858 2873 ratione,
890 2796 928 2859 ut
957 2794 1024 2859 iam
1053 2794 1327 2878 praemonuimus,
1360 2792 1527 2859 nituntur:

280 2898 394 2965 Omnis
413 2899 632 2966 determinata
647 2899 726 2965 iuris
742 2900 870 2978 relatio,
894 2900 1056 2983 inquiunt,
1079 2900 1220 2967 involvit
1235 2900 1378 2983 aliquam
1394 2898 1528 2965 restric-

277 3004 401 3071 tionem
424 3006 607 3089 personalis
630 3006 793 3072 libertatis
817 3011 851 3071 et
865 3006 1099 3090 particularem
1115 3007 1210 3071 unius
1226 3007 1267 3071 ab
1284 3006 1390 3071 altero
1407 3005 1528 3088 depen-

279 3110 441 3189 dentiam;
466 3112 532 3176 iam
555 3131 634 3176 vero
658 3114 810 3195 spectata
832 3112 998 3177 hominurn
1021 3113 1164 3178 naturali
1189 3114 1391 3195 aequalitate
1407 3116 1441 3178 et
1456 3112 1529 3195 pari

280 3218 422 3283 omnium
453 3218 617 3301 personali
647 3217 819 3299 dignitate,
850 3218 1009 3283 eiusmodi
1038 3218 1175 3284 iuridica
1205 3222 1240 3284 et
1261 3219 1356 3302 proin
1379 3218 1530 3283 coactiva

280 3323 499 3407 dependentia
528 3322 676 3405 legitime
705 3343 770 3388 non
794 3324 924 3389 videtur
946 3344 1043 3408 posse
1065 3324 1184 3401 induci,
1215 3323 1278 3388 nisi
1301 3322 1529 3407 aliquomodo
1558 3335 1562 3340 ’

279 3430 334 3493 vel
350 3448 506 3511 expresse
521 3428 575 3492 vel
591 3427 693 3493 tacite
710 3428 789 3507 eius,
807 3428 861 3510 qui
877 3430 978 3495 talem
992 3430 1225 3512 obligationem
1238 3430 1335 3507 subit,
1353 3450 1529 3495 consensus

229 3554 232 3561 ’
279 3534 506 3601 intervenerit.
533 3570 573 3581 -
597 3536 697 3619 Atqui
719 3534 788 3601 tale
810 3535 1017 3601 ratiocinium
1040 3558 1106 3601 non
1129 3558 1193 3603 uno
1216 3541 1347 3603 tantum
1363 3556 1406 3602 ex
1421 3536 1530 3621 capite

280 3640 473 3707 infirmatur.
520 3640 667 3707 Etenim:
907 3624 909 3629 ⁵

371 3746 404 3829 a)
428 3746 512 3811 Dum
534 3747 755 3825 ,naturalem“
774 3747 938 3815 hominum
956 3750 1192 3832 aequalitatem
1211 3755 1405 3833 exaggerat,
1425 3750 1529 3815 solam

282 3856 435 3919 naturam
458 3854 643 3937 specificam
667 3854 834 3932 intuendo,
866 3856 990 3921 nullam
1013 3856 1112 3941 plane
1134 3856 1296 3922 rationem
1320 3857 1420 3922 habet
1442 3856 1530 3921 illius

281 3961 522 4045 inaequalitatis
541 3963 668 4045 parite-r
692 3964 862 4043 natu-ralis,
892 3982 976 4043 quae
1000 3962 1031 4026 in
1056 3962 1170 4027 ordine
1192 3963 1274 4029 reali
1296 3984 1355 4046 per
1378 3966 1530 4028 naturam

280 4064 514 4131 individualem
547 4066 722 4145 inducitur,
756 4072 790 4133 et
820 4088 885 4150 qua
915 4070 962 4147 fit,
997 4072 1034 4134 ut
1056 4068 1189 4147 homiui,
1223 4070 1371 4153 aprime
1396 4067 1530 4134 exordio

281 4171 455 4255 multiplici
471 4172 688 4257 dependentia
704 4173 840 4258 physica
856 4179 890 4241 et
905 4174 1023 4241 morali
1038 4176 1207 4251 obstricto,
1226 4176 1392 4257 integrum
1407 4194 1530 4256 nequa·

282 4298 379 4358 quam
409 4278 454 4345 sit
482 4279 522 4344 de
545 4280 730 4345 omnimoda
753 4300 814 4345 sua
836 4279 992 4347 libertate
1015 4285 1155 4347 externa
1176 4281 1210 4346 in
1234 4286 1348 4347 mutua
1370 4282 1531 4347 relatione

282 4384 325 4448 ad
348 4384 431 4451 alios
454 4406 514 4468 pro
537 4386 642 4451 lubitu
666 4386 848 4470 disponere.
882 4384 1085 4468 Quamquam
1109 4387 1195 4452 enim
1211 4386 1245 4451 in
1260 4388 1369 4471 speeie
1384 4387 1531 4453 homines

283 4490 509 4574 concipiuntur
525 4490 689 4573 aequales,
713 4494 904 4556 nontamen
922 4492 1087 4573 aequales,
1107 4492 1206 4559 immo
1221 4492 1356 4576 physice
1373 4497 1408 4561 et
1422 4514 1531 4559 mora·

282 4596 359 4662 liter
387 4597 531 4663 maxime
560 4596 751 4679 inaequales
777 4598 811 4662 in
834 4596 1000 4664 individuo
1023 4602 1213 4665 nascuntur.
1259 4600 1362 4682 quue
1384 4620 1449 4665 non
1472 4621 1531 4684 per

283 4701 434 4768 accidens
458 4702 578 4781 evenit,
603 4703 661 4768 scd
685 4708 842 4769 constanti
864 4712 1003 4770 naturae
1025 4707 1168 4770 instituto
1192 4725 1231 4770 ac
1253 4705 1348 4789 proin
1372 4726 1531 4790 expressa

282 4808 447 4874 Crantoris
471 4808 684 4877 ordinatione.

372 4913 407 4996 b)
431 4915 591 5000 Supponit
619 4917 738 4983 saltem
762 4914 918 5000 implicite
942 4916 1107 4983 hominem
1129 4917 1162 4981 vi
1186 4938 1265 4985 suae
1285 4918 1532 5002 personalitatis

282 5021 331 5087 ita
362 5020 411 5085 sui
434 5020 536 5105 ipsius
559 5022 723 5087 dominum
748 5022 913 5101 const'tui‚
945 5026 984 5089 ut
1005 5043 1047 5088 ne
1069 5044 1129 5107 per
1152 5022 1257 5089 Deum
1281 5025 1411 5106 quidem
1434 5025 1530 5091 abnui
