3909 5842
486 693 527 747 De
545 692 674 761 figmento
693 693 833 762 originarii
856 695 960 760 ,status
979 692 1109 745 naturae‘
1130 707 1183 744 non
1202 690 1319 744 socialia.
1463 694 1528 758 335

276 873 372 938 modi
402 871 600 938 consortium
630 870 875 937 foederatorum
905 871 947 935 ad
978 872 1162 956 organicam
1193 867 1354 935 unitatem
1385 868 1530 951 corporis

277 978 413 1044 socialis
436 981 534 1043 onius
556 978 765 1062 hypotactice
789 977 1004 1055 contrahitur,
1028 981 1066 1042 ut
1088 975 1159 1042 fere
1181 975 1344 1058 contingit
1365 974 1399 1040 in
1422 980 1530 1058 syste-

277 1088 374 1152 mate
397 1084 530 1168 politico
554 1088 662 1150 status
686 1084 862 1150 foederalis
885 1082 1192 1166 (,Bundssstaat‘)‚
1217 1103 1256 1147 eo
1279 1081 1386 1165 magis
1402 1081 1531 1164 singula

277 1191 371 1256 illius
403 1191 548 1256 membra
579 1212 599 1256 a
622 1190 811 1256 condicione
841 1189 1062 1273 suprematiae
1092 1189 1222 1272 proprie
1245 1188 1353 1254 dictae
1376 1191 1411 1254 et
1433 1208 1454 1252 a
1477 1207 1531 1252 ra·

279 1297 374 1363 tione
399 1301 512 1363 coetus
536 1298 673 1362 externe
697 1295 853 1379 completi
875 1296 1032 1361 deficiant
1054 1315 1189 1360 necesse
1211 1297 1272 1360 est.

375 1391 496 1482 Quodsi
512 1402 650 1486 denique
662 1407 802 1484 utraque
814 1403 896 1468 haec
908 1401 1077 1467 societatis
1090 1400 1242 1483 qualitas,
1260 1421 1325 1482 qua
1337 1399 1391 1464 vel
1402 1399 1532 1464 interne

278 1511 338 1576 vel
351 1515 487 1578 externe
500 1509 664 1592 completa
676 1509 804 1587 dicitur,
822 1529 882 1592 pro
899 1511 1012 1574 mutuo
1029 1507 1115 1572 inter
1127 1527 1163 1572 se
1180 1510 1333 1589 respectu
1345 1505 1532 1571 considera-

280 1620 348 1694 tur,
374 1615 456 1682 satis
472 1635 531 1699 per
546 1635 582 1680 se
597 1615 709 1698 liquet,
734 1614 767 1680 in
783 1614 892 1699 priore
908 1613 1127 1680 necessariam
1150 1613 1370 1679 condicionem
1386 1615 1421 1677 et
1436 1613 1531 1676 natu-

281 1724 389 1788 ralem
405 1721 624 1805 capacitatem
636 1721 773 1787 alterius
786 1721 955 1788 contineri.
983 1719 1226 1803 Omnisquippe
1242 1719 1384 1784 societas
1396 1723 1533 1783 externe

282 1829 449 1912 completa
471 1828 538 1894 iam
557 1827 686 1894 interne
702 1849 829 1910 quoque
846 1828 1011 1912 completa
1026 1827 1070 1893 sit
1086 1829 1233 1910 oportet;
1258 1829 1374 1891 contra
1391 1824 1532 1889 societas

283 1955 345 2017 per
359 1953 395 1998 se
409 1933 537 1999 interne
550 1934 750 2017 incompleta
765 1955 803 2000 ao
818 1935 889 2018 ipso
904 1935 1046 2018 incapax
1059 1938 1120 2012 est,
1139 1954 1222 2015 quae
1237 1953 1390 2016 umquam
1407 1934 1444 1997 ut
1455 1930 1533 1996 talis

284 2045 424 2107 externe
436 2041 601 2124 completa
612 2041 684 2106 fieri
694 2041 807 2124 possit,
821 2041 897 2122 quia
907 2061 965 2125 pro
978 2061 1040 2105 sua
1051 2039 1182 2106 interna
1193 2037 1426 2105 insufficientia
1436 2040 1533 2102 natu-

284 2146 402 2212 raliter
413 2146 539 2229 indiget
551 2147 707 2230 organica
718 2147 836 2212 unione
849 2169 922 2212 oum
935 2149 1033 2212 coetu
1042 2145 1289 2223 universaliora,
1304 2144 1356 2209 cui
1364 2147 1533 2226 tamquam

286 2253 429 2336 partiale
441 2253 638 2320 elementum
654 2253 834 2320 inhaereat.
859 2253 944 2319 Hinc
961 2257 1022 2331 est,
1036 2252 1123 2335 quod
1133 2251 1279 2336 practice
1295 2271 1358 2315 non
1370 2248 1533 2314 immerito

287 2357 431 2424 definitio
457 2359 627 2427 societatis
655 2362 848 2426 extrinsecae
872 2363 1039 2445 cmnplctoe
1066 2357 1243 2424 universim
1271 2357 1313 2423 ad
1340 2356 1533 2421 societatem

288 2465 472 2531 omnimode
495 2470 530 2532 et
552 2467 738 2552 simpliciter
760 2467 940 2553 completam
964 2465 1200 2545 designandam
1223 2464 1323 2546 vulgo
1346 2465 1532 2544 usurpatur.

378 2571 486 2654 Atque
509 2571 557 2638 ita
581 2572 711 2654 quidam
735 2573 917 2656 completae
934 2571 1018 2637 duae
1034 2575 1163 2636 tautum
1179 2571 1341 2636 humanae
1356 2567 1534 2633 societates

288 2681 472 2756 censentur,
498 2679 707 2744 ecclesiastica
730 2681 764 2742 et
788 2680 897 2742 cicilie.
945 2676 1094 2742 Societas
1117 2679 1228 2742 autem
1251 2674 1444 2751 domestica,
1469 2692 1534 2755 qua

232 2801 240 2817 ·
287 2783 465 2848 intrinsece
489 2785 661 2868 completa,
686 2805 745 2868 per
768 2804 803 2849 se
827 2783 966 2850 idealem
990 2783 1119 2866 quidam
1145 2782 1239 2848 huius
1255 2780 1465 2865 perfectionis
1479 2799 1533 2844 oa-

287 2889 466 2972 pacitatem
489 2890 598 2970 habet,
623 2895 785 2973 quatenus
809 2894 843 2956 et
865 2891 938 2975 ipsa
954 2891 1102 2958 dilatatis
1117 2889 1277 2974 paulatim
1293 2888 1361 2953 suis
1377 2886 1534 2951 limitibus

288 2996 330 3060 ad
361 2997 553 3062 societatem
585 3002 721 3063 externe
750 2997 944 3081 completam
970 2995 1129 3080 (civilem)
1160 3016 1365 3062 succrescere
1388 2993 1501 3057 valeat
1510 2993 1530 3054 1.

814 3167 935 3278 Gaput
962 3165 1011 3252 11.

590 3313 645 3388 De
672 3313 833 3386 naturali
861 3311 1055 3385 societatis
1083 3310 1237 3403 origine.

760 3475 1004 3543 articulus
1029 3473 1061 3541 1.
1095 3555 1099 3559 ,

417 3585 467 3650 De
488 3585 632 3670 figmento
656 3587 829 3669 cripinarii
855 3592 976 3666 „statas
1000 3581 1157 3648 nuturae“
1183 3603 1246 3647 non
1271 3583 1407 3646 socialis.

292 3716 360 3788 393.
451 3717 540 3781 Idem
564 3717 620 3781 ille
644 3716 778 3800 spiritus
802 3716 987 3798 negationis
1010 3720 1110 3797 atque
1133 3714 1373 3791 destructionis,
1405 3713 1460 3795 qui
1483 3733 1535 3776 rc·

290 3823 439 3905 ligiosam
462 3823 678 3890 hereditatam
703 3823 814 3889 divina
844 3823 1042 3889 auctoritate
1076 3822 1109 3886 in
1139 3820 1289 3886 Ecclesia
1319 3819 1438 3885 Christi
1467 3824 1535 3885 tra·

383 3967 391 3997 ¹
413 3963 494 4028 ,Cum
515 3964 617 4018 homini
636 3967 773 4034 competat
791 3963 819 4016 in
838 3961 1012 4016 multitudine
1031 3961 1134 4026 vivere,
1153 3959 1217 4028 quia
1236 3959 1288 4013 sibi
1306 3976 1360 4012 non
1378 3958 1483 4012 suflicit
1501 3957 1535 4010 ad

292 4051 447 4106 necessaria
466 4052 549 4116 vitae,
568 4051 592 4105 ai
611 4051 750 4105 solitarius
768 4052 892 4104 maneat:
912 4052 1027 4118 oportet,
1046 4047 1117 4116 quod
1135 4049 1212 4100 tanto
1231 4048 1269 4101 sit
1287 4046 1434 4116 perfectior
1446 4044 1535 4099 multi-

293 4139 393 4194 tudinis
412 4140 540 4204 societas,
560 4143 662 4208 quanto
680 4138 769 4206 magis
788 4155 836 4208 per
855 4155 884 4191 se
903 4137 1045 4200 sufficiens
1065 4137 1117 4190 erit
1135 4137 1168 4189 ad
1187 4134 1343 4189 necessaria
1361 4135 1444 4189 vitae.
1481 4133 1535 4186 Ha·

293 4229 370 4282 betur
394 4228 528 4297 siquidem
548 4227 639 4296 aliqua
657 4227 732 4280 vitae
751 4227 917 4280 sufficientia
935 4225 964 4278 in
983 4224 1089 4278 familia
1107 4225 1202 4278 domus
1221 4224 1315 4288 unius,
1335 4226 1467 4292 quantum
1485 4223 1535 4276 eci·

293 4315 356 4371 licet
374 4317 409 4372 ad
427 4315 567 4370 naturales
586 4319 664 4370 actus
683 4315 840 4368 nutritionis
859 4318 887 4368 et
905 4313 990 4384 prolis
1009 4314 1181 4380 generandae
1200 4315 1228 4366 et
1240 4312 1354 4366 aliorum
1367 4311 1535 4366 huiusmodi:

294 4407 319 4458 in
338 4424 391 4460 uuo
410 4409 500 4459 autem
520 4405 589 4470 vico,
609 4407 740 4473 quantum
759 4404 793 4457 ad
813 4421 852 4468 ea,
873 4419 943 4471 quae
956 4402 991 4456 ad
1004 4419 1087 4455 unum
1100 4401 1247 4456 artificium
1260 4401 1411 4472 pertinent,
1430 4401 1458 4453 in
1471 4399 1536 4452 civi·

293 4497 349 4548 tate
368 4493 459 4562 (urbe)
480 4511 552 4558 vero,
572 4510 642 4562 quae
661 4496 704 4546 eat
722 4493 843 4562 perlecta
863 4491 1052 4553 communitas,
1071 4494 1203 4559 quantum
1222 4490 1256 4544 ad
1275 4490 1365 4543 omnia
1382 4489 1537 4543 necessaria

295 4583 378 4636 vitae:
398 4583 446 4637 sed
465 4581 555 4636 adhuc
573 4581 662 4648 magis
681 4582 709 4634 in
729 4581 869 4650 provincia
888 4597 941 4634 una
960 4583 1071 4650 propter
1088 4579 1281 4634 necessitatem
1301 4576 1537 4647 compugnationie

295 4675 322 4724 at
339 4671 426 4724 mutui
445 4671 540 4726 auxilii
560 4675 653 4726 contra
672 4670 773 4725 hostes.
813 4671 889 4724 Unde
916 4671 961 4738 qui
988 4670 1139 4740 perfectam
1158 4667 1377 4722 communitatem
1398 4667 1484 4734 regit,
1508 4667 1536 4719 id

295 4763 336 4814 est
353 4761 493 4814 ciuitatem
513 4761 557 4814 vel
576 4759 760 4830 provinciam,
785 4759 1001 4814 antonomastice
1018 4776 1069 4812 rex
1087 4761 1216 4821 vocatur;
1242 4757 1289 4826 qui
1313 4760 1406 4810 autem
1428 4755 1536 4809 domurn

295 4849 379 4917 regit,
398 4867 451 4902 non
470 4868 534 4914 rex,
553 4851 600 4903 sed
620 4847 820 4919 paterfamilias
839 4849 952 4913 dicitur;
979 4848 1063 4902 habet
1080 4850 1174 4901 tamen
1192 4846 1311 4915 aliquam
1330 4844 1536 4898 similitudinem

295 4937 381 5006 regis,
403 4942 514 5008 propter
540 4955 620 5006 quam
640 4937 785 5006 aliquando
804 4954 884 5005 regas
903 4936 1064 5007 populorum
1083 4940 1176 5006 patres
1194 4935 1352 4990 uocantum*
1392 4935 1420 4988 S.
1445 4934 1535 4987 utem.

296 5025 338 5078 vel
358 5029 453 5079 auctor
472 5026 533 5080 libri
552 5025 591 5080 Dc
610 5027 706 5092 regim.
726 5025 811 5095 princ.
831 5026 849 5080 l.
870 5027 893 5090 1,
913 5043 936 5080 c.
958 5026 981 5078 l.
