3909 5842
423 657 488 723 130
653 654 743 711 Sectio
761 656 783 711 I.
819 656 901 712 Liber
918 658 953 711 ll.
990 657 1079 730 Caput
1098 659 1119 714 1.
1157 658 1296 715 Articulus
1316 660 1340 715 l.
1378 659 1439 727 Μ.

421 830 558 898 virtutis
590 832 688 900 laude
720 839 882 902 ornantur
912 840 948 903 et
977 837 1020 902 ab
1050 838 1137 903 omni
1167 836 1327 905 interesse
1356 836 1550 905 individuali
1577 856 1673 919 qnam

421 936 567 1004 maxime
590 938 719 1006 alienae
741 962 815 1007 esse
837 941 993 1010 videntur
1002 946 1023 1011 ¹.

420 1066 488 1138 let.
580 1069 612 1153 c)
635 1070 746 1137 Alium
769 1072 1026 1139 eudaemonismi
1049 1074 1258 1141 individualis
1276 1074 1406 1141 modum
1424 1096 1567 1158 cumque
1583 1075 1674 1141 nobi·

420 1172 534 1241 liorem
568 1176 737 1261 professus
771 1184 823 1246 est
854 1182 1039 1247 Aristoteles
1071 1181 1264 1263 (384-322
1300 1186 1377 1248 ante
1409 1180 1497 1263 cnr.)
1529 1182 1674 1265 Stagiris

420 1278 580 1348 Threciae
609 1282 775 1351 oriundus.
821 1284 970 1352 Platonis
994 1286 1133 1370 primum
1166 1306 1225 1372 per
1257 1286 1374 1369 viginti
1407 1308 1510 1353 annos
1542 1286 1676 1354 auditor

422 1390 505 1466 erat,
531 1408 635 1471 ecque
658 1390 824 1469 defuncto,
848 1392 1000 1458 lustratis
1024 1392 1127 1457 variis
1142 1391 1287 1458 finitimis
1303 1392 1455 1476 gentibus
1471 1396 1575 1475 atque
1593 1394 1676 1459 aulis

420 1492 614 1578 principum,
646 1516 740 1563 suam
763 1496 904 1564 Athenis
931 1498 1190 1584 philosophicam
1220 1498 1365 1565 scholam
1389 1498 1556 1579 fundavit,
1590 1521 1675 1583 quae

419 1599 550 1665 nomine
585 1600 735 1679 „scholae
765 1603 1022 1689 peripatetica&
1057 1605 1211 1690 deinceps
1241 1626 1305 1671 non
1336 1606 1442 1671 solum
1466 1606 1674 1681 celebritate,

419 1704 478 1771 sed
507 1705 712 1789 potissimum
742 1710 869 1776 influxu
899 1711 933 1777 iu
963 1711 1173 1778 scientiarum
1202 1712 1423 1777 evolutionem
1447 1732 1526 1796 prae
1552 1712 1676 1777 ceteris

418 1812 588 1895 praestitit
596 1815 619 1881 ².
658 1814 803 1882 Idealem
826 1816 975 1884 Platonis
999 1818 1216 1884 elevationem
1241 1818 1347 1884 minus
1370 1818 1512 1902 probans
1536 1818 1582 1884 ad
1607 1839 1675 1884 em·

419 1916 556 2002 piricum
589 1920 696 2003 magis
728 1921 820 1987 vitae
851 1922 1040 1989 realismum
1073 1944 1134 1989 sua
1166 1922 1276 1989 studia
1310 1922 1483 1989 convertit.
1537 1924 1676 1989 Elticoe

418 2028 616 2110 principium
633 2026 831 2094 Aristoteles
853 2028 939 2113 petit
962 2050 982 2093 a
1006 2030 1201 2095 heatitudine
1216 2048 1274 2093 seu
1290 2050 1411 2094 aninmo
1427 2030 1568 2095 lerninis
1584 2030 1674 2109 bono,

419 2150 484 2195 non
517 2132 668 2198 absoluto
701 2130 841 2214 quidem,
874 2133 971 2214 quale
999 2132 1094 2199 Plato
1125 2132 1411 2211 consideraverat,
1441 2133 1500 2199 sed
1529 2134 1675 2199 relative

419 2256 561 2316 summo,
592 2238 613 2305 i.
638 2258 666 2304 e.
696 2238 782 2319 quod
812 2242 847 2304 in
875 2243 1040 2324 praesenti
1069 2244 1134 2305 cita
1164 2238 1342 2305 secundum
1369 2239 1438 2305 eius
1463 2240 1675 2306 condiciones

419 2340 516 2409 homo
540 2342 673 2427 assequi
695 2344 809 2428 possit,
834 2346 984 2428 quodque
1008 2349 1045 2411 ut
1068 2366 1239 2430 supremus
1263 2345 1336 2411 finis
1359 2346 1533 2413 universae
1553 2347 1675 2413 activi-

419 2450 483 2514 tati
506 2450 662 2517 rationali
685 2450 719 2517 in
741 2450 793 2517 his
816 2452 915 2519 terris
938 2452 968 2517 ei
992 2452 1194 2536 propositum
1219 2452 1293 2519 site.
1325 2446 1406 2517 Tale
1422 2456 1533 2518 autem
1550 2453 1674 2519 bonum

420 2574 626 2639 nequaquam
658 2557 692 2623 in
722 2578 875 2624 sensuum
898 2560 1071 2642 voluptate
1094 2559 1275 2625 consistere
1298 2558 1477 2637 existimat,
1510 2580 1617 2642 neque
1642 2560 1674 2625 in

421 2664 521 2729 animi
533 2664 642 2747 aliquo
655 2668 745 2731 statu
762 2669 821 2731 aut
836 2666 1092 2749 potentialitate,
1109 2667 1167 2732 sed
1179 2666 1212 2732 in
1225 2666 1297 2732 sola
1308 2666 1481 2732 activitate
1493 2666 1676 2753 (ἐνεργείᾳ)

422 2768 544 2835 homini
567 2775 604 2837 ut
626 2771 781 2837 rationali
803 2771 937 2855 propria
961 2776 996 2837 et
1019 2792 1083 2854 que
1106 2772 1167 2839 tali
1189 2773 1348 2857 perfecte,
1380 2772 1472 2837 cuius
1496 2772 1674 2856 completio
1771 2804 1772 2813 1

422 2874 563 2942 habetur
586 2876 620 2942 in
642 2878 844 2944 nobilissima
867 2878 987 2945 mentis
1010 2880 1080 2960 (τοῦ
1106 2880 1176 2961 νοῦ)
1199 2878 1400 2963 operatione,
1425 2878 1495 2945 scil.
1520 2878 1553 2943 in
1580 2900 1673 2960 „cou-

423 2981 641 3067 tcmplationc‘⁴
671 2981 884 3071 (θεωρητική)
907 3005 1016 3049 rerum
1040 2984 1251 3051 honestarum
1276 3006 1315 3051 ac
1339 2984 1522 3049 divinarum
1549 2984 1673 3063 (καλῶν

422 3090 471 3153 καὶ
496 3088 621 3163 θείων).
660 3090 704 3156 Et
726 3090 887 3173 siquidem
910 3092 1083 3157 rationalis
1106 3091 1261 3157 activitas
1284 3090 1401 3180 (ψυχῆς
1423 3090 1567 3177 ἐνέργεια
1591 3093 1673 3153 κατὰ

510 3308 630 3363 ¹Lettre
648 3311 666 3362 t
682 3308 742 3361 ΜΝ
759 3308 793 3363 de
812 3306 909 3362 Sahle:
938 3308 1006 3373 ‚Las
1025 3312 1120 3363 verius
1146 3325 1176 3363 se
1194 3308 1310 3378 perdent
1328 3309 1396 3362 dans
1415 3308 1543 3372 l’intdret,
1562 3324 1671 3362 comme

419 3396 460 3451 lea
478 3396 583 3451 deuvea
601 3413 632 3450 ae
651 3397 767 3466 perdent
784 3396 852 3451 dune
870 3395 898 3450 la
917 3398 998 3451 mer.‘
1029 3396 1065 3450 Et
1083 3414 1244 3466 percurrens
1262 3396 1387 3466 singulas
1406 3396 1524 3450 virtutes
1542 3395 1672 3450 similiter

418 3485 543 3539 omnibus
567 3483 695 3539 detrahit.
733 3485 776 3539 lta
801 3484 835 3538 de
860 3484 1059 3539 moderatione:
1089 3484 1179 3551 „O'eat
1204 3502 1256 3539 una
1282 3486 1387 3539 craiute
1411 3485 1445 3539 de
1469 3484 1575 3539 tumber
1599 3485 1671 3539 daus

418 3572 517 3627 l'envia
536 3577 565 3626 et
582 3572 651 3627 dana
668 3572 696 3627 le
720 3574 837 3644 mamis,
862 3590 915 3642 qua
934 3573 1063 3627 meritant
1081 3590 1152 3627 ceux
1170 3573 1217 3642 qui
1236 3572 1385 3627 s'euivreut
1402 3573 1436 3627 da
1454 3574 1515 3627 leur
1531 3572 1671 3635 bonhem:

418 3662 486 3717 c'eat
509 3678 564 3715 una
582 3662 663 3715 vaine
688 3664 855 3716 ostentationi
880 3661 914 3715 de
938 3661 967 3714 la
993 3661 1065 3715 force
1084 3661 1117 3715 de
1136 3664 1214 3715 notra
1233 3661 1339 3730 esprit.
1359 3702 1385 3715 ..
1424 3661 1463 3715 La
1478 3661 1578 3733 justice
1595 3660 1672 3714 u'eat
1772 3656 1773 3681 ³

418 3752 517 3821 qu'una
536 3750 600 3804 vive
619 3749 818 3820 apprehension
837 3748 918 3818 qu’on
935 3764 1005 3803 nous
1024 3752 1068 3804 tte
1087 3766 1117 3803 ce
1136 3748 1183 3818 qui
1201 3766 1269 3803 nous
1287 3748 1453 3819 appartient.
1491 3749 1613 3803 L'amonr
1631 3750 1669 3803 de

417 3839 445 3894 la
460 3840 561 3911 justice
586 3838 657 3893 n’ast
682 3856 716 3893 en
741 3836 769 3892 la
793 3838 906 3909 plupart
929 3839 978 3892 dea
1003 3837 1125 3893 hommes
1150 3856 1203 3907 que
1228 3837 1256 3892 la
1274 3838 1378 3892 crainte
1397 3838 1431 3892 de
1448 3838 1619 3909 l’injustice..
1636 3878 1667 3892 ..

419 3928 458 3982 La
476 3928 630 3997 generosus
649 3927 717 3983 c’eat
734 3944 788 3981 une
806 3927 938 3981 ambitiou
956 3926 1093 3995 (legitate,
1113 3928 1159 3996 qni
1178 3926 1297 3997 meprise
1315 3928 1349 3981 de
1369 3928 1453 3997 petits
1472 3929 1586 3981 intdrtts
1598 3942 1669 3996 pour

417 4016 485 4070 aller
504 4019 520 4069 t
538 4017 572 4070 de
590 4016 653 4087 plna
671 4017 789 4085 granda‘
811 4020 863 4070 etc.
895 4014 948 4070 Sed
967 4016 1047 4069 homo
1065 4014 1248 4069 melancholia
1266 4018 1444 4086 consumptus
1463 4016 1490 4069 in
1509 4034 1541 4070 eo
1559 4014 1667 4085 potissi·

417 4122 490 4160 mnm
515 4122 622 4159 erraaaa
640 4104 764 4169 videtur,
790 4104 861 4173 quod
886 4104 994 4158 tristem
1021 4106 1066 4157 aaa·
1083 4104 1230 4172 imaginem
1249 4120 1310 4157 cum
1330 4120 1396 4157 vera
1415 4104 1535 4171 imagine
1551 4106 1667 4158 naturae

416 4192 557 4249 rationalis
574 4193 709 4248 humanae
721 4192 907 4247 confunderet
933 4192 1047 4247 Etanna
1065 4193 1124 4261 ipse
1142 4209 1192 4246 suc
1210 4192 1309 4245 iudicio
1329 4192 1356 4245 in
1368 4194 1541 4247 antecessum
1558 4208 1665 4246 omnem

416 4284 607 4338 auctoritatem
627 4281 748 4336 detrahit
766 4282 799 4335 da
818 4298 848 4335 ae
866 4280 926 4352 ipsc
944 4280 1082 4335 scribens:
1105 4280 1173 4347 ‚J’ai
1193 4280 1227 4334 de
1245 4280 1358 4351 l‘esprit,
1377 4280 1448 4335 mais
1466 4298 1502 4334 un
1516 4280 1665 4350 aspritque

417 4372 445 4425 la
462 4370 642 4425 melancholia
660 4372 749 4438 gtte.⁸
789 4370 831 4425 Cf.
851 4372 884 4425 L.
906 4371 1024 4438 Correo,
1044 4370 1083 4423 La
1101 4368 1205 4423 morale
1223 4368 1355 4423 utilitaire
1376 4370 1399 4433 1,
1418 4370 1462 4425 94.

508 4460 519 4492 ²
538 4458 580 4513 Ex
598 4458 725 4530 operibus
744 4456 916 4522 Aristotelia,
943 4474 1014 4525 quae
1032 4457 1117 4511 latine
1136 4458 1252 4527 primum
1271 4456 1396 4511 Venetils
1417 4458 1486 4513 1489
1504 4455 1582 4512 simul
1599 4472 1662 4509 cum

417 4549 573 4603 Avarrtroea
591 4547 744 4619 philosophi
764 4548 864 4603 Arabia
881 4548 1099 4612 commentariis,
1119 4546 1216 4601 deinde
1237 4546 1413 4601 rrae-1498
1431 4547 1546 4616 primum
1564 4544 1660 4599 ibidem

417 4654 515 4706 graece
533 4637 606 4691 edita
623 4640 696 4699 aunt,
715 4636 770 4690 tria
787 4636 959 4706 potiasimum
978 4654 1036 4689 rem
1056 4635 1173 4690 ethicam
1193 4638 1322 4700 tractant,
1340 4652 1453 4704 nempe:
1475 4632 1568 4689 ’Heca
1585 4630 1659 4687 elixo·

414 4728 535 4797 μαχσίων
555 4726 630 4793 (libri
650 4725 710 4793 10),
734 4722 822 4779 ‘llcnd
842 4725 978 4797 Εόδὴμεια
1000 4726 1074 4793 (libri
1094 4726 1138 4793 7).
1165 4744 1183 4777 α
1201 4722 1413 4793 taeduerat«
1435 4722 1508 4793 (seu,
1526 4726 1556 4777 ut
1572 4738 1659 4776 recen·

416 4815 500 4868 tiores
518 4814 628 4883 quidam
646 4815 876 4884 interpretantur:
893 4812 1001 4869 ’eloam
1011 4814 1138 4885 μεγάλων
1155 4813 1319 4883 κεφάλαια);
1339 4812 1373 4867 ad
1386 4828 1457 4882 quae
1470 4812 1573 4867 accedit
1585 4807 1657 4863 Πολι-

417 4906 475 4957 rnra‘
494 4902 567 4969 (libri
586 4902 626 4971 8).

507 4993 517 5024 ⁸
540 4988 573 5045 Τὸ
587 4994 691 5043 πάντων
710 4993 857 5060 densitates
875 4998 927 5045 τῶν
945 4998 1068 5061 πρακτῶν
1088 4994 1209 5063 ἀγαθῶν.
1236 4990 1325 5045 Echio.
1339 4988 1398 5045 Nic.
1415 4990 1478 5055 1‚2,
1493 4982 1654 5051 1095,a,16.
