3909 5842
691 698 784 752 Kontii
806 697 974 765 „aumuomia
993 699 1133 752 ratiouia¹,
1472 701 1535 764 221

293 866 363 943 „Ea
385 866 493 932 omnia
517 866 602 932 enim
628 865 669 932 ad
692 866 885 951 principium
909 865 1089 950 philautiae
1112 887 1170 932 seu
1194 866 1348 951 propriae
1370 865 1540 932 felicitatis

289 974 432 1052 reduci‘,
457 977 658 1058 quapropter
680 973 739 1040 illa
765 973 915 1056 „regulas
937 973 1066 1055 quidem
1082 974 1247 1056 practices
1267 993 1341 1039 esse
1356 993 1452 1056 posse
1467 972 1540 1038 aad·

289 1083 419 1148 tactivas
434 1078 639 1162 (Maximam,
664 1079 684 1145 i.
703 1101 731 1147 e.
747 1080 843 1158 tales,
868 1099 952 1163 quae
976 1081 1113 1146 valeant
1135 1080 1265 1163 quidem
1288 1101 1347 1163 pro
1368 1080 1541 1145 voluntate

290 1185 461 1254 subiecti“.
509 1186 592 1252 Esse
622 1191 733 1252 autern
757 1186 797 1252 de
819 1185 950 1252 ratione
979 1186 1163 1270 „practicae
1185 1186 1280 1268 legia,
1309 1190 1347 1252 ut
1369 1185 1440 1250 eius
1463 1205 1541 1250 con·

291 1291 374 1358 dicio
399 1296 617 1376 cognoscatur
640 1313 713 1358 esse
737 1294 896 1376 allectiva,
927 1292 947 1358 i.
973 1313 1001 1359 e.
1026 1292 1137 1358 valida
1160 1314 1220 1376 pro
1243 1293 1417 1358 voluntate
1440 1293 1542 1356 cnemis

279 1396 377 1464 'entis
410 1399 615 1466 1·ationalis“.
647 1437 687 1448 ·-
718 1399 814 1464 Hunc
845 1400 992 1464 valorem
1025 1399 1222 1466 obiectivum
1255 1404 1290 1464 et
1321 1397 1541 1464 universalem

290 1505 444 1590 practicis
477 1505 645 1590 principiis
677 1505 816 1574 rationis
846 1507 1041 1589 formalibus
1072 1511 1260 1589 competere
1289 1504 1431 1571 Kantius
1463 1523 1540 1569 cou-

290 1611 408 1690 tendit‚
433 1611 548 1677 eadem
566 1612 703 1696 proinde
719 1633 798 1678 vere
818 1612 927 1694 „leges
942 1610 1128 1695 practicas“
1148 1631 1231 1690 esse,
1256 1611 1276 1676 i.
1294 1631 1321 1677 e.
1339 1611 1434 1689 tales,
1459 1629 1543 1692 quae

291 1717 324 1783 in
348 1717 534 1802 semetipsis
557 1719 702 1786 habeant
730 1717 907 1794 „rationem
933 1717 1220 1785 determinativam
1244 1715 1444 1784 voluntatis‘*
1465 1714 1542 1796 (Be-

291 1824 596 1909 stimmungsgrund
627 1825 685 1890 des
716 1821 869 1906 Willens)
900 1825 998 1908 plane
1028 1824 1225 1890 universalis
1256 1824 1387 1890 valoris.
1434 1824 1543 1888 Vocat

291 1937 402 1999 autern
419 1930 579 2016 principia
595 1929 732 1997 rationis
751 1929 957 2015 „farmalia“,
982 1951 1067 2012 quae
1086 1951 1169 2007 „uon
1185 1951 1245 2014 per
1260 1951 1353 1996 suam
1370 1927 1541 1996 materiam

290 2035 493 2120 (obiectum).
518 2037 576 2104 sed
599 2037 693 2103 unice
717 2057 776 2121 per
799 2058 891 2103 suam
914 2037 1055 2120 formam
1078 2033 1112 2117 (i.
1131 2058 1159 2102 e.
1175 2057 1235 2121 per
1257 2036 1290 2101 id
1313 2038 1431 2120 ipsum,
1456 2034 1540 2117 quod

289 2149 369 2210 sunt
403 2143 581 2210 dictamina
610 2143 747 2210 rationis
778 2143 958 2228 practicae)
983 2144 1142 2208 motivum
1173 2143 1394 2209 determinans
1424 2142 1541 2206 volun·

291 2252 396 2316 tatem
414 2250 613 2317 continent“.
646 2250 744 2316 Ratio
760 2249 907 2334 practica
930 2248 1138 2314 considerata
1153 2250 1331 2314 secundum
1346 2247 1428 2312 haee
1451 2245 1541 2330 prin·

294 2355 378 2439 cipia
398 2377 486 2421 mere
507 2355 659 2422 formalia
683 2355 801 2422 dicitur
828 2359 945 2440 „pura“
974 2359 1009 2453 et
1032 2359 1084 2420 est
1100 2376 1165 2437 qua
1187 2355 1266 2421 talis
1287 2375 1347 2438 per
1361 2375 1398 2418 se
1416 2373 1539 2435 „amna

291 2459 427 2526 thettea‘¹
436 2485 449 2543 ,·
469 2461 568 2527 immo
584 2461 656 2546 ipsa
675 2484 733 2544 „aa
748 2483 781 2527 se
796 2465 863 2527 ecla
879 2463 1001 2526 domimi
1017 2461 1073 2526 dat
1088 2463 1182 2546 leqem
1198 2461 1419 2542 universalem,
1443 2481 1537 2544 qaam

292 2589 438 2633 vocamus
461 2571 555 2654 leqem
579 2569 729 2634 moralem
752 2567 830 2647 (das
854 2566 1091 2652 Sittenqesetz)⁴‘
1104 2569 1124 2634 1.

382 2675 412 2739 2.
429 2673 550 2756 Legem
566 2673 703 2740 rationis
719 2673 884 2758 practicae
896 2694 999 2757 purae
1011 2694 1084 2739 esse
1097 2673 1274 2739 absolutam
1286 2670 1539 2754 (‚‚unbedingt“)

289 2782 326 2844 et
349 2778 478 2846 ratione
502 2779 552 2845 sui
576 2780 720 2846 absolata
743 2783 919 2846 reverentia
942 2782 1084 2866 dianam,
1109 2780 1191 2845 adeo
1207 2782 1245 2845 ut
1264 2777 1325 2857 „ad
1341 2778 1410 2844 eius
1426 2798 1539 2844 vocem

293 2885 529 2951 audacissimus
561 2885 755 2952 malefactor
785 2885 1037 2952 contremiscere
1067 2890 1101 2952 et
1130 2885 1172 2950 ab
1202 2905 1243 2950 ea
1273 2883 1365 2968 quasi
1398 2905 1434 2949 se
1464 2883 1539 2950 abs·

291 2991 433 3057 condere
457 2993 613 3073 cogatm‘
626 2993 648 3058 ².

385 3101 414 3164 3.
439 3097 516 3163 Ideo
541 3097 676 3163 eandem
701 3119 737 3162 se
760 3097 853 3163 nobis
869 3097 1026 3163 exhibere
1040 3102 1210 3178 tamquam
1226 3097 1333 3179 legem
1350 3095 1542 3180 simpliciter

296 3203 506 3286 originariam
532 3203 615 3286 („sic
630 3203 716 3282 volo,
740 3203 788 3269 sic
803 3202 935 3286 iubeo“)
958 3204 1019 3268 sub
1042 3203 1148 3268 forma
1164 3205 1345 3288 imperativi
1361 3206 1395 3268 et
1411 3201 1539 3284 quidem

296 3313 463 3396 categorici
471 3312 493 3376 ³.
1391 3387 1396 3396 Ι

385 3415 513 3499 Nempe
537 3414 799 3497 distinguendum
825 3437 907 3491 esse,
938 3415 996 3491 ait,
1028 3414 1166 3479 rationis
1194 3412 1442 3496 „imperativum
1465 3421 1542 3479 eate-

289 3525 438 3608 poricum
468 3542 526 3587 seu
549 3523 718 3587 moralam“
747 3522 788 3586 ab
812 3521 955 3586 eiusdem
979 3521 1175 3604 imperativo
1202 3519 1433 3606 „hypotheticffl
1443 3543 1457 3601 ;
1485 3541 1545 3603 per

296 3628 388 3693 illum
413 3625 534 3710 aliquid
558 3627 714 3712 imperari
737 3633 906 3710 tamquam
922 3626 1050 3692 ratione
1066 3626 1116 3690 sui
1131 3625 1362 3702 necessarium,
1386 3646 1446 3709 per
1461 3625 1543 3692 alte·

297 3757 368 3800 rum
394 3734 517 3818 aliquid
540 3731 761 3800 necessarium
785 3736 913 3798 tantum
939 3732 1068 3798 ratione
1084 3731 1182 3797 medii
1198 3733 1240 3797 ad
1257 3730 1399 3814 aliquem
1415 3733 1544 3797 finem&

387 3843 417 3906 4.
455 3841 706 3924 „Imperativum
737 3839 978 3920 categoricum“
1014 3858 1087 3904 esse
1121 3837 1263 3916 „factum
1294 3837 1450 3903 rationis“
1481 3860 1546 3903 non

298 3947 498 4030 empiricum,
523 3947 581 4012 sed
607 3969 647 4028 „a
662 3945 785 4032 priori“
804 3945 1007 4030 propositum
1024 3950 1198 4024 alnetum,
1228 3967 1284 4023 „eo
1300 3946 1386 4028 quod
1402 3965 1438 4009 se
1454 3945 1547 4009 nobis

298 4073 357 4137 per
387 4052 599 4137 semetipsum
629 4053 776 4136 imponat
805 4057 974 4134 tamquam
999 4050 1257 4117 enuntiationem
1281 4051 1547 4135 syntheticama

298 4159 399 4243 priori
424 4159 488 4240 (als
518 4157 761 4242 synthetischer
784 4157 861 4223 Sata
893 4178 913 4221 a
942 4157 1112 4240 priori)“⁵.
1158 4157 1236 4222 Ideo
1264 4157 1451 4222 ulteriorem
1477 4155 1547 4221 eius

298 4269 466 4346 tamquam
498 4263 581 4346 legis
611 4283 653 4328 ox
684 4283 719 4328 se
743 4263 910 4347 practicae
934 4261 968 4343 (i.
994 4283 1022 4329 e.
1047 4283 1088 4328 cx
1112 4284 1147 4328 se
1171 4261 1361 4344 obligantis)
1385 4261 1546 4327 rationem

299 4369 392 4436 reddi
415 4391 475 4436 nec
498 4391 595 4454 posse
619 4391 678 4434 nec
702 4369 852 4436 deberet

393 4521 399 4549 ¹
422 4517 513 4571 Krililr
532 4518 579 4571 der
598 4517 774 4588 praktischen
794 4517 939 4582 Veruunft,
960 4517 983 4570 l.
1003 4515 1070 4582 Teii,
1092 4517 1115 4571 1.
1134 4517 1219 4582 Buch‚
1239 4535 1261 4570 c.
1282 4517 1307 4579 l,
1327 4517 1343 4584 ἓ
1364 4516 1440 4570 1-7.
1530 4499 1533 4503 ’

392 4605 665 4674 ¹ffi57mcd

391 4693 458 4747 ⁸1b.
478 4711 501 4746 o.
523 4695 545 4758 1,
566 4693 582 4760 θ
602 4695 627 4748 7.
665 4692 864 4761 Grundlegung
882 4710 931 4745 zur
949 4691 1126 4762 Metaphyailr
1146 4693 1194 4745 der
1212 4691 1308 4756 Sittan,
1328 4693 1353 4745 2.
1373 4692 1492 4746 Abachn.

391 4785 401 4814 ⁴
421 4781 619 4850 Gruudlegung
638 4787 698 4846 etc„
718 4781 742 4835 2.
763 4781 881 4834 Abschu.

393 4869 403 4900 ⁵
422 4868 513 4922 Kritik
532 4869 579 4922 der
597 4869 774 4939 pralrtischen
792 4867 928 4922 Varnunft
947 4868 963 4922 l.
984 4886 1006 4921 c.
1026 4869 1043 4935 5
1062 4870 1087 4922 7,

393 4959 403 4990 ⁶
426 4957 502 5024 „wie
521 4958 564 5010 die
583 4957 657 5011 reiue
678 4957 813 5012 Vernunlt
831 4956 971 5028 pralrtisch
990 4957 1049 5010 sein
1068 4956 1172 5021 lrtnne,
1191 4955 1240 5010 das
1259 4975 1292 5010 zu
1311 4956 1451 5021 odulman,
1478 4959 1545 5012 dazu

302 5049 340 5102 ist
358 5045 412 5099 alle
431 5044 614 5100 menschliclre
633 5045 770 5100 Varnuuft
788 5045 913 5114 gtnzlich
932 5047 1149 5113 unvermtgend‚
1175 5046 1230 5099 und
1249 5045 1302 5100 alle
1321 5047 1404 5101 trahe
1422 5047 1476 5101 und
1495 5049 1546 5101 Ar-
