3909 5842
457 659 522 726 290
683 656 773 712 Sestio
791 656 812 712 I.
849 656 929 712 Liber
947 657 995 712 IV.
1033 656 1122 728 Caput
1139 659 1161 714 l.
1199 657 1339 714 Atticulae
1358 659 1383 714 2.
1420 657 1481 726 ΕΒ.

455 834 536 904 tatis
566 835 731 902 efformari
760 839 873 920 potest
903 841 1020 903 contra
1051 836 1232 919 quamlibet
1262 836 1445 922 opinionem
1469 857 1552 904 vere
1576 835 1688 904 dubium

455 943 539 1026 legis
561 943 634 1008 sive
655 942 887 1028 praecipientis
910 942 981 1008 sire
1004 943 1217 1027 prohibentis.

544 1080 612 1153 322.
703 1086 934 1168 Arannentnm
956 1084 1000 1150 Π
1023 1083 1255 1168 (indirectum).
1302 1085 1353 1151 Ad
1385 1085 1615 1150 infirmandam
1636 1084 1690 1147 vim

455 1187 552 1253 huius
575 1189 791 1256 conclusionis
814 1189 872 1255 vix
902 1189 1078 1273 quidquam
1110 1195 1308 1275 apparenter
1330 1191 1450 1258 fortius
1473 1190 1589 1257 afferri
1610 1209 1692 1274 posse

456 1295 603 1372 videtur,
629 1317 724 1379 quam
749 1297 882 1363 axioma
905 1297 986 1363 illud
1009 1297 1089 1363 iuris
1112 1297 1275 1377 canonici,
1308 1298 1394 1381 quod
1416 1299 1578 1365 invocant
1606 1296 1693 1363 tutio·

456 1399 574 1466 ristae:
610 1400 666 1478 ‚ln
697 1401 793 1467 dubio
823 1406 953 1486 partem
983 1403 1138 1468 tutiorem
1169 1423 1242 1469 esse
1265 1403 1483 1486 sequendam‘
1511 1423 1591 1481 seu,
1621 1399 1693 1484 quod

456 1507 526 1572 eius
549 1527 608 1590 pro
631 1507 798 1591 praesenti
821 1507 963 1573 materia
986 1509 1081 1574 simul
1105 1509 1266 1576 rationem
1282 1509 1407 1575 reddit:
1435 1509 1580 1588 „Contra
1602 1505 1694 1572 immi·
1755 1497 1756 1506 ’

456 1616 589 1679 nentem
613 1615 879 1698 probabilitatem
903 1615 1128 1682 committendi
1148 1615 1276 1699 peccati
1292 1635 1422 1700 semper·
1436 1615 1543 1683 tutius
1560 1635 1633 1680 esee
1648 1611 1695 1678 eli·

456 1722 617 1804 gendum“
644 1759 689 1770 -
710 1725 846 1806 propter
868 1721 976 1804 legem
997 1721 1123 1787 scilicet
1138 1722 1270 1786 minime
1286 1721 1428 1799 dubiam,
1457 1721 1607 1799 „vitandi
1621 1719 1696 1804 peri-

457 1827 565 1892 culum
587 1828 747 1911 peccati‘.
793 1827 839 1894 Et
861 1847 957 1906 sane,
982 1827 1009 1892 si
1034 1827 1192 1893 eiusmodi
1216 1829 1347 1894 axioma
1370 1828 1403 1893 in
1427 1829 1577 1911 quolibet
1600 1826 1696 1901 dubio,

457 1935 558 2001 etiarn
574 1939 763 2020 speculativo
778 1935 819 2001 dc
833 1935 924 2001 licito
939 1935 995 2000 vel
1010 1935 1134 2013 illicito,
1151 1940 1319 2018 tamquam
1335 1934 1530 2018 principium
1546 1935 1696 2000 reflexum

457 2042 530 2127 pari
558 2045 615 2108 aut
639 2041 739 2108 etiam
762 2042 890 2127 potiore
913 2041 983 2108 iure
1006 2041 1152 2108 invocari
1176 2046 1304 2125 posset,
1328 2041 1521 2126 principium
1547 2043 1696 2107 reflexum

456 2147 681 2233 probabilismi
704 2170 763 2214 sno
786 2149 901 2230 vigore
922 2149 1120 2232 privaretur.
1167 2148 1237 2214 Iam
1261 2168 1340 2213 vero
1364 2149 1446 2214 illud
1468 2151 1554 2213 iuris
1579 2151 1698 2212 octono

457 2277 496 2321 cn
517 2257 657 2339 lepitima
687 2257 755 2320 eina
784 2257 1045 2339 interpretatione
1075 2255 1158 2320 banc
1188 2254 1393 2340 siqnificnndi
1415 2256 1477 2318 aim
1502 2273 1696 2340 nequaqnam

457 2362 558 2426 habet.
605 2360 736 2426 Etenim

548 2469 576 2533 1.
609 2467 672 2532 Per
694 2487 730 2531 se
752 2465 1008 2549 intellegendum
1033 2469 1084 2531 ast
1108 2466 1147 2530 de
1171 2464 1268 2530 dubio
1288 2468 1447 2550 practico,
1478 2465 1512 2531 iu
1536 2485 1603 2548 quo
1626 2483 1698 2528 sane

457 2592 556 2654 agere
586 2593 651 2637 nou
681 2572 758 2638 licet
786 2571 848 2636 nisi
878 2571 983 2638 tutius
1013 2571 1188 2654 sequendo.
1235 2570 1328 2636 Alias
1358 2591 1401 2636 ex
1431 2591 1470 2636 eo
1498 2571 1698 2638 tutiorismus

459 2679 631 2761 absolutus,
655 2677 711 2760 qui
725 2677 844 2742 iudicio
861 2678 1030 2744 Ecclesiae
1046 2678 1199 2743 exclusus
1215 2683 1276 2758 est,
1301 2678 1416 2744 stricte
1432 2679 1521 2743 solus
1536 2677 1698 2760 legitimus

458 2783 627 2849 habendus
650 2789 748 2852 esset.
780 2784 958 2850 Praeterea
981 2783 1062 2850 hacc
1078 2783 1158 2850 iuris
1173 2783 1289 2867 regula
1305 2783 1509 2867 praescribit,
1525 2789 1565 2851 ut
1582 2783 1698 2849 maiora

459 2890 589 2968 damna,
613 2910 697 2972 quae
720 2911 763 2955 ex
786 2890 949 2957 alterutra
970 2895 1067 2976 parte
1091 2895 1246 2958 secutura
1268 2891 1441 2968 timentur,
1466 2891 1614 2974 practice
1638 2887 1698 2953 eri·

458 2998 572 3060 tantur
602 3001 636 3062 et
659 3000 796 3062 eatenus
819 2997 923 3063 tutius
946 2997 1099 3080 eligatur.
1145 2997 1239 3075 Ideo,
1271 2997 1324 3062 ubi
1349 2997 1390 3062 ad
1415 2997 1642 3079 quaestionem
1664 2993 1698 3058 de

458 3103 549 3169 licito
571 3104 626 3169 vel
649 3103 782 3183 illicito,
812 3105 846 3169 in
869 3125 906 3169 se
928 3109 1096 3188 spectato,
1127 3105 1262 3190 insuper
1290 3113 1420 3170 externo
1444 3103 1605 3169 eiusmodi
1629 3123 1698 3167 con·
1759 3145 1760 3148 κ

458 3208 614 3274 sideratio
630 3209 767 3288 aceedit,
791 3231 886 3275 neum
902 3211 1125 3293 probabilismi
1141 3210 1175 3276 in
1197 3210 1346 3276 favorem
1362 3209 1511 3293 principii
1526 3204 1697 3277 tutiorismi

458 3314 635 3380 secundum
659 3318 784 3380 rectam
814 3314 975 3381 rationem
1000 3315 1154 3398 restringi
1183 3337 1295 3382 omncs
1319 3316 1507 3382 admittunt.
1555 3316 1603 3382 Et
1625 3315 1698 3379 haec

459 3421 587 3504 quidem
611 3421 842 3505 interpretatio
865 3421 961 3488 istius
985 3422 1134 3506 principii
1158 3427 1229 3488 tum
1253 3421 1339 3506 apud
1356 3425 1487 3487 veteres
1503 3426 1575 3488 turn
1591 3439 1698 3486 recen·

457 3529 561 3595 tiores
583 3527 772 3610 theologos,
803 3527 830 3592 si
854 3527 1066 3593 lansenianos
1089 3527 1262 3610 rigoristas
1286 3526 1448 3611 excipias,
1480 3527 1605 3610 passim
1627 3545 1697 3607 sup·

458 3634 621 3718 ponitur¹.

548 3737 699 3805 Ceterum
728 3738 808 3803 illud
838 3743 954 3806 contra
984 3739 1176 3824 principium
1207 3738 1430 3824 probabilismi
1462 3739 1515 3805 vel
1548 3739 1622 3806 ideo
1652 3737 1696 3801 in·

460 3844 571 3911 vocari
594 3865 660 3910 non
682 3849 810 3928 potest,
841 3846 927 3927 quod
950 3868 1009 3930 per
1031 3847 1093 3912 hoc
1116 3846 1171 3911 lex
1194 3845 1252 3911 illa
1280 3849 1372 3912 certa
1406 3845 1552 3924 „vitandi
1574 3845 1696 3930 pericu·

459 3955 526 4018 lum
549 3952 694 4036 peoesti“
721 3974 786 4018 non
810 3954 914 4020 solnm
939 3955 1148 4036 agnoscitur,
1173 3955 1231 4020 sed
1255 3955 1354 4020 etiam
1378 3953 1517 4018 sollicite
1540 3956 1694 4018 servatur.

463 4103 626 4111 ..ρ--
637 4101 772 4109 --ῇ-

551 4184 559 4214 ¹
579 4183 683 4236 Snnrez
701 4180 718 4234 l.
738 4198 761 4234 c.
780 4184 847 4234 sect.
866 4181 898 4242 5,
925 4179 942 4246 ἕ
961 4181 993 4243 9,
1019 4181 1162 4250 postquam
1183 4179 1209 4231 in
1228 4177 1453 4249 praecedentibus
1473 4177 1527 4234 nlla
1545 4179 1612 4234 iuris
1630 4178 1695 4232 axio·

459 4275 533 4326 meta
551 4271 671 4341 practice
691 4273 765 4323 certo
785 4269 953 4322 admittenda
972 4269 1111 4322 recensuit
1130 4272 1158 4321 et
1176 4267 1334 4337 explicavit,
1355 4283 1425 4335 quse
1444 4267 1525 4322 aliam
1545 4269 1695 4339 interpreta-

459 4361 559 4414 tionem
578 4359 659 4412 hnius
678 4358 804 4428 principii
824 4357 893 4410 citra
910 4357 1119 4426 repugnantiam
1133 4373 1187 4410 non
1200 4356 1355 4418 admittunt,
1374 4354 1413 4408 ita
1426 4355 1577 4410 concludit:
1598 4357 1695 4423 ,Atque

458 4449 523 4504 hinc
541 4450 624 4502 etiam
642 4447 809 4516 explicatum
828 4450 921 4500 manet
940 4445 1007 4499 illud
1027 4445 1147 4515 axiqma:
1175 4447 1208 4497 In
1227 4445 1317 4497 dnln'r's
1335 4446 1420 4498 tutior
1436 4461 1504 4512 pura
1522 4451 1558 4498 est
1576 4443 1694 4512 stipenda.

460 4537 527 4592 Nam
547 4538 571 4590 si
590 4538 628 4590 sit
646 4553 735 4590 sermo
754 4538 1006 4603 deportaturum
1026 4536 1202 4600 conacimte'u,
1222 4531 1434 4600 intellegendum
1453 4535 1510 4598 ast,
1529 4534 1636 4602 qnando
1652 4531 1692 4582 dn·

460 4629 533 4679 bium
552 4633 588 4679 eat
601 4629 773 4694 practicam,-
798 4628 826 4678 et
845 4624 883 4678 ita
902 4623 1069 4694 comparatio
1091 4623 1141 4692 (sc.
1161 4623 1256 4690 tutior)
1279 4623 1322 4676 est
1339 4622 1500 4694 impropria;
1526 4639 1588 4676 narn
1607 4633 1693 4676 revera

459 4713 549 4784 potius
575 4719 747 4784 comparatur
773 4730 836 4784 pars
862 4719 919 4765 tnta
941 4712 991 4779 (sc.
1011 4729 1072 4766 curn
1091 4729 1144 4764 non
1163 4711 1245 4780 tuta).
1283 4709 1311 4763 si
1331 4727 1395 4764 vero
1414 4710 1452 4764 sit
1469 4727 1558 4764 sermo
1576 4710 1693 4778 depone

459 4804 556 4854 tutiori
580 4805 668 4870 qnond
692 4805 803 4855 vitanda
828 4805 933 4854 maiora
959 4803 1060 4853 domno
1079 4803 1118 4852 rel
1137 4801 1319 4868 incommoda,
1345 4798 1384 4854 sic
1403 4799 1524 4869 procedit
1542 4795 1692 4866 regulariter

460 4888 538 4942 iuxta
556 4890 689 4960 principia
714 4890 801 4955 dicta,
828 4894 855 4943 ct
873 4907 956 4960 saepe
975 4891 1067 4960 potest
1093 4906 1153 4942 esse
1177 4893 1353 4959 praeceptum
1372 4888 1493 4942 iustitiae
1513 4891 1561 4942 sut
1579 4879 1691 4940 canatis

460 4977 541 5031 etiam
561 4978 639 5032 iuxta
652 4980 783 5032 materiae
795 4978 976 5047 exigentiam
998 4977 1132 5031 interdurn
1146 4995 1211 5032 vero
1225 4995 1285 5032 esse
1299 4977 1400 5048 poterit
1412 4980 1518 5031 tantum
1531 4969 1686 5030 consilium¹
