3909 5842
415 696 480 761 482
624 690 713 745 Sestio
732 690 765 745 ΙΙ.
804 690 884 745 Liber
902 692 936 747 11.
974 691 1063 763 Caput
1082 693 1131 747 111.
1168 691 1308 747 Artioulus
1327 692 1353 745 2.
1390 692 1451 761 51.

503 870 619 952 Itaque
651 868 827 935 secundum
852 868 884 935 S.
910 868 1068 935 Thomam
1092 867 1143 947 (ut
1167 889 1209 935 ex
1233 871 1264 947 2,
1288 871 1319 947 2,
1344 890 1375 952 q.
1400 870 1454 948 57,
1484 891 1517 935 a.
1542 871 1564 933 2
1588 872 1670 936 et3

416 975 603 1060 collegitur)
628 996 668 1041 ea
691 978 821 1041 tantum
844 975 1012 1059 pertinent
1035 975 1077 1041 ad
1100 978 1153 1040 ias
1166 977 1326 1059 molmula
1350 996 1435 1057 quae
1450 975 1576 1041 homini
1590 980 1670 1041 sunt

417 1084 622 1168 ,adaequata
647 1104 685 1147 ea
707 1084 779 1167 ipsa
802 1089 923 1147 natura
946 1083 996 1147 rei
1018 1083 1108 1167 eique
1130 1088 1383 1147 commensurata
1406 1083 1584 1147 secundam
1609 1084 1670 1147 at-

414 1192 550 1256 solutam
582 1186 779 1269 rationem“;
811 1186 921 1270 qualia
952 1191 1031 1253 sunt
1062 1191 1133 1253 tum
1162 1186 1268 1271 prima
1296 1186 1456 1272 principia
1484 1192 1557 1254 tum
1589 1209 1669 1253 eon-

416 1294 577 1361 clusiones
608 1292 679 1359 sive
709 1292 879 1377 proximae
908 1292 979 1359 sive
1008 1298 1166 1371 remotae,
1198 1297 1361 1375 quatenus
1389 1293 1586 1377 simpliciter
1612 1317 1668 1360 ne·

416 1404 555 1468 cessario
578 1422 636 1467 seu
664 1400 859 1477 ,secundum
884 1400 1069 1466 absolutam
1092 1398 1272 1465 rationem“
1303 1399 1498 1478 inferuntur,
1529 1402 1670 1466 aducis

413 1507 464 1584 iia,
489 1526 572 1589 quae
588 1506 663 1571 inde
679 1510 862 1589 sequuntur
875 1508 1007 1572 tantum
1022 1506 1199 1572 secundum
1215 1507 1376 1573 rationem
1392 1528 1457 1573 non
1473 1508 1665 1585 absolutam,

414 1618 497 1697 puta
519 1610 683 1691 usitatis,
715 1612 903 1695 aequitatis,
935 1612 1069 1678 moralis
1092 1613 1310 1691 necessitatis,
1341 1612 1390 1679 ita
1414 1617 1452 1678 ut
1474 1613 1586 1679 adhuc
1608 1613 1669 1678 hu·

414 1740 511 1787 mano
536 1719 670 1786 consilio
694 1724 729 1786 et
752 1720 901 1787 condicto
925 1720 1127 1787 subiaceant.

504 1826 557 1891 Ex
576 1826 684 1893 altera
699 1831 795 1910 parte
811 1827 852 1892 ad
869 1830 921 1893 ius
934 1829 1104 1912 positivum
1120 1824 1325 1909 (humanum)
1341 1826 1542 1905 referuntur,
1567 1846 1670 1908 quae-

415 1952 552 2015 cumque
573 1934 718 2018 prom'me
741 1932 850 2014 aliquo
873 1932 969 1999 modo
988 1932 1153 1999 mediante
1168 1931 1335 1997 hominum
1350 1932 1500 1997 condicto
1516 1932 1574 1997 vel
1591 1953 1668 1998 con·

415 2037 488 2103 silio
518 2038 652 2104 inducta
682 2038 807 2121 vigent.
854 2037 944 2115 Quae
971 2059 1046 2104 cum
1068 2038 1187 2117 omnia,
1218 2037 1281 2103 etsi
1305 2059 1370 2103 non
1392 2038 1590 2121 simpliciter
1611 2060 1671 2123 per

415 2148 577 2224 naturam,
602 2165 732 2229 semper
754 2150 865 2212 tamen
889 2148 1064 2212 secandam
1087 2150 1239 2212 naturam
1263 2145 1330 2211 sint
1352 2149 1493 2228 oportet,
1518 2146 1597 2211 ideo
1613 2168 1670 2213 ve·
1774 2231 1775 2242 ἵ

413 2256 502 2317 teres
525 2248 575 2315 ius
596 2252 764 2335 positivum
788 2250 957 2334 (intellege
980 2251 1158 2316 humanum
1180 2254 1321 2334 excepto
1346 2250 1591 2333 ecclesiastico)
1617 2274 1669 2318 ac·
1774 2253 1775 2326 l

415 2357 555 2422 cundum
585 2358 723 2439 gradum
754 2358 886 2424 maioris
918 2359 972 2423 vel
1005 2357 1139 2423 minoris
1162 2357 1426 2441 propinquitatis,
1459 2380 1527 2441 qua
1551 2360 1596 2425 ad
1619 2360 1671 2427 ius
1774 2347 1775 2354 ἵ

414 2468 553 2530 naturae
577 2464 714 2543 accedit,
739 2464 939 2531 distribuunt
961 2464 995 2529 in
1018 2467 1070 2531 ins
1090 2468 1230 2549 acutium
1255 2470 1290 2531 et
1312 2469 1364 2531 ins
1387 2468 1487 2532 ciale.

507 2572 583 2653 ,Ius
596 2570 769 2655 qentiam“,
794 2571 814 2638 i.
832 2592 859 2638 e.
877 2572 918 2637 ab
935 2571 1085 2636 omnibus
1101 2570 1155 2636 vol
1177 2570 1248 2636 fere
1271 2570 1420 2637 omnibus
1443 2572 1604 2655 gentibus
1627 2574 1671 2638 si·
1774 2597 1775 2640 3

415 2677 537 2743 militer
553 2677 768 2743 constitutum
785 2680 819 2743 et
834 2680 972 2743 eatenus
986 2676 1140 2759 gentibus
1156 2697 1337 2755 commune,
1352 2676 1494 2743 medium
1511 2684 1568 2744 est
1582 2680 1672 2745 inter

415 2784 465 2849 ius
489 2784 640 2850 naturale
664 2788 698 2850 et
719 2782 823 2849 civile.
859 2784 988 2867 Nempe
1003 2784 1046 2849 ad
1062 2786 1211 2850 naturale
1225 2782 1374 2867 proxime
1389 2784 1528 2863 acccfflt,
1553 2790 1672 2870 utpote
1774 2855 1776 2861 ,

416 2891 500 2973 quod
524 2890 650 2975 pariter
666 2894 718 2956 est
741 2888 890 2955 omnibus
913 2889 1066 2973 gentibus
1090 2910 1269 2968 commune,
1295 2889 1357 2956 etsi
1380 2912 1445 2955 non
1469 2891 1671 2973 agentibus

415 2999 625 3079 constitutum,
642 2996 700 3063 sed
717 3018 789 3062 cum
807 3000 925 3063 natura
942 3000 1123 3080 acceptum.
1148 2996 1220 3061 Hoc
1236 2996 1332 3062 modo
1348 2996 1450 3078 igitur
1460 2996 1668 3063 intellectum

416 3104 466 3169 ius
490 3104 637 3187 gentium
661 3124 701 3169 aa
724 3102 979 3188 comprehendit,
1004 3123 1089 3185 quae
1111 3107 1145 3168 at
1167 3102 1240 3186 ipsa
1258 3103 1386 3185 quidem
1403 3126 1424 3168 a
1440 3105 1505 3188 leae
1520 3107 1671 3169 naturali

415 3213 509 3276 sicali
539 3212 751 3277 conclusiones
783 3233 820 3276 ea
848 3213 1022 3295 principiis
1051 3210 1249 3293 derivantur,
1280 3232 1343 3277 non
1373 3219 1480 3276 laurea
1502 3218 1669 3297 tamquam

415 3318 535 3383 lamini
567 3318 770 3404 ,adaequata
800 3340 839 3383 aa
868 3325 990 3383 natura
1020 3320 1070 3383 rei
1100 3319 1187 3403 eique
1214 3326 1467 3384 commensurata
1490 3318 1670 3383 secundum
1773 3399 1774 3418 Χ

416 3425 592 3490 absolutam
617 3422 805 3507 rationem“,
830 3422 888 3489 sed
911 3424 1091 3489 secundum
1114 3426 1281 3489 utilitatem
1305 3428 1339 3491 et
1362 3426 1594 3508 mnaruitatem
1613 3428 1672 3489 ant
1773 3447 1774 3456 ¹

416 3531 565 3594 moralem
598 3532 692 3595 etiam
716 3532 930 3595 necessitatem
954 3528 1004 3594 sin
1027 3529 1134 3594 minus
1156 3528 1360 3610 singulorum
1381 3528 1501 3595 saltem
1525 3540 1670 3615 respectu

415 3637 510 3699 totius
532 3636 688 3701 societatis
711 3636 764 3701 vel
788 3635 930 3719 generis,
956 3640 991 3701 et
1014 3636 1086 3701 ideo
1110 3635 1220 3718 aliquo
1236 3636 1332 3702 modo
1348 3657 1391 3701 ax
1406 3636 1553 3701 humano
1573 3658 1670 3714 ,con-

416 3740 536 3807 dicto“.
577 3738 630 3805 Ad
652 3740 713 3805 hoc
737 3762 826 3819 vero,
851 3746 889 3807 ut
912 3745 1024 3807 monet
1046 3745 1181 3807 sauctus
1205 3742 1328 3808 Doctor
1351 3741 1385 3823 (l.
1411 3762 1439 3808 c.
1463 3762 1495 3807 a.
1520 3744 1543 3807 3
1567 3742 1612 3808 ad
1636 3744 1671 3823 3)
1773 3737 1774 3740 ’

415 3867 479 3911 non
512 3845 689 3929 requiritur
720 3847 872 3931 specialis
905 3846 1070 3914 institutio
1101 3848 1155 3912 vel
1188 3853 1339 3931 pactum,
1372 3847 1430 3912 sed
1462 3847 1600 3926 sufficit,
1634 3854 1670 3913 ut

416 3950 594 4017 communis
629 3952 806 4029 ,naturalis
836 3952 922 4019 ratio
953 3952 1057 4018 dictet
1087 3972 1129 4017 ex
1158 3952 1339 4036 propinquo
1369 3952 1527 4018 habentia
1555 3952 1668 4035 aequi·

414 4060 551 4125 tatem“.
583 4058 685 4123 Porro
700 4062 868 4143 tamquam
892 4058 1076 4123 huiusmodi
1091 4058 1172 4123 iuris
1189 4059 1374 4142 exemplum
1391 4058 1547 4143 explicita
1563 4060 1668 4125 nomi·

414 4169 513 4229 natur
540 4164 744 4248 „proprietas
767 4163 1042 4247 possessionum“.

504 4271 560 4335 Ias
591 4273 680 4335 civile
709 4268 857 4352 denique,
890 4270 975 4351 quod
1006 4268 1133 4335 varium
1164 4290 1238 4335 asso
1267 4274 1378 4352 potest
1403 4270 1436 4333 in
1460 4270 1564 4336 variis
1588 4270 1668 4336 cisi·

416 4376 549 4455 tatibus,
573 4376 680 4461 ipsum
699 4396 826 4459 quoque
847 4396 908 4453 ,ex
924 4376 1010 4442 iusto
1026 4375 1169 4441 naturali
1187 4374 1322 4453 oritur“,
1350 4396 1462 4441 verum
1477 4397 1543 4441 non
1565 4376 1668 4455 ,sicut

415 4482 578 4549 conclusio
612 4504 654 4548 ex
684 4480 883 4565 principiia“,
917 4482 975 4547 sed
1010 4502 1087 4566 ,per
1115 4482 1246 4546 modum
1277 4480 1580 4548 determinationis·
1609 4504 1667 4567 pro

416 4589 603 4655 condicione
627 4588 782 4671 cuiusque
806 4588 961 4666 civitatis,
986 4592 1179 4672 temporum,
1203 4588 1348 4653 locorum
1372 4591 1434 4657 etc.

504 4696 556 4762 Ita
579 4716 651 4761 curn
668 4696 701 4761 S.
729 4696 847 4760 Tloma
870 4694 992 4777 passim
1015 4696 1193 4759 scholastici
1216 4692 1346 4777 (quibus
1369 4692 1440 4759 fere
1460 4698 1495 4760 et
1511 4696 1665 4761 Grotius¹

416 4800 521 4867 adhuc
545 4801 794 4883 consentiebat),
819 4822 867 4878 aa,
893 4805 930 4866 ut
953 4800 1092 4879 videtur,
1117 4799 1292 4885 praecipue
1310 4800 1438 4865 ratione
1453 4800 1556 4880 ducti,
1582 4802 1666 4885 quod

451 4908 494 4913 ..—
614 4906 727 4913 ——a-

502 4908 650 4993 ¹*lle—irim
669 4938 732 4993 balli
753 4940 780 4991 et
798 4938 875 5007 pacis
894 4937 920 5002 Ι,
941 4956 964 4992 c.
986 4940 1017 5004 1,
1036 4938 1053 5006 5
1073 4940 1121 5001 14,
1140 4938 1186 4992 ubi
1206 4943 1298 4992 nmen
1316 4936 1462 5005 distinguit
1479 4939 1524 4992 ius
1543 4940 1665 5007 gentium

415 5032 592 5081 necessarium
613 5026 675 5094 (iuri
694 5025 811 5079 naturali
830 5024 991 5094 identicum)
1012 5030 1040 5079 at
1059 5027 1243 5080 uoluntarium
1263 5026 1305 5093 (et
1323 5029 1437 5079 eatenus
1455 5026 1630 5096 positivam).
