3909 5842
451 666 493 731 70
675 662 765 717 Sestio
783 663 804 717 Ι.
841 663 922 717 Liber
940 664 961 717 I.
1000 663 1089 735 Caput
1108 664 1154 718 ΙΙΙ.
1191 663 1331 719 Articmus
1352 664 1376 717 1.
1414 664 1474 732 53.

538 841 655 923 Itaque
684 844 722 906 ut
752 839 839 905 circa
869 839 1087 919 nativitatem,
1119 861 1203 923 quae
1232 841 1266 907 in
1289 840 1437 907 subiecto
1461 841 1603 907 humano
1624 844 1679 907 fien'

450 947 622 1029 contingit,
652 947 738 1013 ratio
767 946 902 1013 violenti
927 946 1037 1013 notari
1060 946 1173 1031 possit,
1205 968 1269 1013 non
1298 947 1429 1027 sufficit,
1461 952 1498 1015 ut
1529 948 1587 1013 illa
1613 948 1680 1015 citra

449 1052 630 1120 voluntatis
653 1052 825 1137 imperium
849 1054 890 1119 ab
913 1056 1035 1135 agente
1059 1052 1245 1120 extrinseco
1269 1055 1453 1139 proveniat,
1482 1054 1543 1121 sed
1567 1076 1683 1120 necesse

449 1164 509 1226 est
529 1159 672 1244 insuper,
702 1165 740 1227 ut
768 1162 829 1227 fiat
857 1163 1017 1226 uoluntate
1046 1164 1197 1227 renitente
1208 1162 1229 1227 ¹.
1277 1162 1322 1228 Et
1352 1161 1513 1243 siquidem
1546 1162 1684 1227 voluntas

449 1265 602 1333 renititur
623 1267 704 1333 totis
728 1266 852 1332 viribus
867 1286 925 1332 seu
941 1270 1099 1349 quantum
1116 1266 1201 1333 inse
1218 1271 1279 1345 est,
1303 1266 1463 1333 violentia
1477 1270 1589 1333 simale
1604 1270 1685 1333 dicto.

448 1371 478 1438 si
500 1393 605 1451 secus,
629 1376 728 1439 latius
753 1374 838 1437 dictu
861 1376 1011 1437 vocatur.

538 1481 660 1559 Quibus
683 1480 872 1566 praemissis
895 1479 993 1545 facila
1017 1479 1261 1547 demonstratur

449 1626 498 1696 97.
587 1621 743 1704 Thebis
769 1619 850 1703 IX·
879 1642 1053 1707 violentia
1066 1642 1187 1705 stricta
1202 1642 1294 1705 dicta
1315 1644 1357 1705 ab
1373 1648 1464 1724 actu,
1486 1644 1548 1721 qui
1571 1642 1603 1705 ci
1623 1642 1688 1703 sub·

448 1737 549 1820 iacet,
564 1742 796 1805 voluntarium
810 1739 960 1803 excludit
970 1740 1183 1819 simpliciter,
1197 1740 1302 1803 latius
1313 1740 1404 1803 dlcta
1412 1757 1494 1805 vero
1505 1758 1572 1818 pro
1582 1738 1689 1820 gradu.

449 1855 515 1913 quo
542 1841 653 1921 magis
674 1841 728 1905 vel
755 1840 869 1901 minus
890 1838 934 1899 ad
954 1838 1047 1899 illam
1070 1838 1212 1900 accedit.
1253 1838 1379 1902 Verum
1401 1843 1517 1900 tamon
1538 1838 1690 1901 voluntas

449 1937 542 1999 circa
568 1942 666 1999 actus
694 1954 754 2014 per
785 1954 823 1999 se
844 1935 1061 2012 insperabiles
1083 1940 1235 2015 tantum,
1264 1953 1448 2013 numquam
1467 1932 1590 1999 'antam
1612 1935 1690 1996 cirea

447 2052 540 2096 mere
562 2034 693 2096 elicitos
713 2033 912 2098 violentiam
932 2032 1005 2110 pati
1026 2037 1169 2111 potest&
1273 2088 1275 2091 .

537 2166 696 2240 Probatur
718 2186 796 2259 part
819 2166 845 2237 Ῑ.
870 2170 978 2253 quoad
1002 2174 1176 2251 utrumque
1199 2170 1378 2235 membrum
1405 2194 1443 2235 cn
1469 2180 1621 2256 eorrceptu
1649 2192 1690 2233 ca

447 2280 585 2345 lactarii
608 2285 636 2342 et
657 2278 793 2343 uiolenti.
825 2277 888 2343 Est
910 2277 996 2343 enim
1020 2278 1108 2343 inter
1130 2280 1305 2358 utrumque
1327 2276 1507 2342 intrinseca
1523 2282 1559 2343 et
1577 2276 1692 2341 duecte

448 2383 620 2468 oppositio,
645 2403 709 2465 quo
732 2384 780 2460 fit,
804 2388 842 2449 ut
865 2384 1062 2451 alterutrum
1085 2382 1222 2449 alterius
1246 2382 1454 2465 negationem
1477 2384 1642 2459 involvat,
1665 2386 1690 2445 et

448 2511 511 2572 quo
533 2490 640 2572 magis
656 2489 778 2572 aliquid
795 2490 836 2555 ad
853 2490 1049 2556 alterutrum
1067 2490 1213 2565 accedat,
1238 2510 1277 2555 eo
1293 2488 1400 2554 minus
1416 2489 1456 2554 de
1472 2490 1582 2554 altero
1598 2486 1692 2572 parti·

450 2596 548 2680 cipat.
596 2596 641 2661 Et
670 2616 751 2661 sane
781 2616 865 2677 quae
888 2596 995 2678 magis
1018 2616 1091 2661 sese
1114 2600 1227 2662 mutuo
1252 2595 1426 2661 excludere
1449 2595 1582 2678 possint
1605 2614 1691 2676 quam

449 2705 542 2767 actus
572 2703 614 2767 ab
641 2701 714 2785 ipsa
736 2703 909 2768 voluntate
931 2706 1101 2784 tamquam
1124 2706 1250 2769 interno
1272 2701 1431 2785 principio
1455 2701 1639 2785 procedens
1665 2703 1691 2762 et

450 2810 544 2872 actus
568 2808 609 2871 ab
633 2816 761 2873 esterno
782 2808 935 2875 inductus
957 2808 1116 2894 principio
1141 2808 1383 2874 contranitente
1406 2808 1608 2873 voluntate?

535 2942 696 3017 Probatur
723 2963 801 3035 pars
823 2943 864 3015 Π.
910 2946 1001 3013 Nihil
1032 2968 1112 3013 sane
1142 2948 1294 3032 impedit,
1328 2948 1499 3029 quominus
1529 2944 1691 3031 potentias

448 3050 630 3117 voluntatis
658 3052 795 3136 imperio
824 3058 955 3120 tantum
984 3053 1152 3138 „politico“
1181 3053 1413 3118 subordinatas
1439 3053 1618 3135 aliquando
1642 3071 1692 3134 per

448 3157 593 3224 activum
626 3159 820 3244 principium
856 3164 1051 3225 extraneum
1084 3160 1136 3225 vel
1170 3160 1212 3225 ab
1243 3160 1371 3225 actibus
1401 3180 1461 3242 per
1490 3159 1690 3225 voluntatem

446 3263 617 3349 imperatis
646 3266 864 3350 exsequendis
893 3266 1108 3332 cohibeantur
1130 3268 1184 3331 vel
1207 3266 1314 3332 invita
1337 3270 1372 3332 et
1394 3266 1558 3331 renitente
1582 3264 1691 3329 volun-

447 3372 518 3435 tate
542 3370 585 3435 ad
608 3392 685 3437 suos
709 3376 803 3439 actus
827 3373 1042 3457 applicentur.
1075 3372 1222 3439 Eatenus
1245 3372 1348 3455 igitur
1370 3372 1545 3450 voluntati,
1571 3368 1691 3437 extrin-

448 3495 523 3541 sece
553 3478 681 3559 quidem
714 3483 749 3545 et
778 3478 931 3558 mediate,
962 3479 984 3544 i.
1009 3500 1037 3544 e.
1063 3478 1169 3561 quoad
1200 3482 1295 3544 actus
1326 3478 1396 3543 eius
1418 3476 1554 3562 imperio
1579 3498 1639 3562 per
1659 3492 1690 3537 ss

447 3582 605 3649 obnoxios
628 3606 686 3650 seu
710 3584 928 3668 imperabiles‚
953 3584 1064 3667 aliqua
1087 3584 1245 3651 adolentia
1268 3583 1383 3649 inferri
1406 3586 1528 3667 potest.

536 3690 659 3755 Verum
683 3692 770 3757 circa
786 3695 879 3757 actus
895 3690 1077 3758 voluntatis
1093 3690 1221 3757 elicitos
1237 3690 1322 3756 idem
1339 3691 1531 3772 contingere
1546 3690 1690 3755 absolute

447 3794 570 3877 nequit.
613 3798 760 3883 implicat
783 3798 868 3863 enim
892 3798 1098 3864 voluntatem
1122 3818 1181 3881 per
1204 3796 1347 3862 elicitam
1372 3796 1615 3862 inclinationem
1636 3794 1690 3860 ali·

448 3900 525 3981 quid
556 3903 641 3968 velle
671 3903 724 3967 vel
755 3904 842 3969 nolle
871 3908 906 3969 et
936 3906 1052 3970 contra
1076 3903 1212 3969 eandem
1236 3902 1481 3969 inclinationem
1504 3902 1601 3967 simul
1625 3919 1691 3967 esse
1764 3978 1765 3988 χ

447 4006 655 4076 renitentem.
671 4044 715 4054 —
731 4008 827 4074 Unde
849 4008 1056 4092 intellegitur
1078 4030 1119 4074 ne
1142 4030 1201 4092 per
1224 4012 1328 4075 Deum
1353 4008 1481 4092 quidem
1506 4010 1607 4076 talem
1626 4008 1691 4073 vio·
1763 4068 1765 4091 J

447 4112 584 4179 lentiam
613 4114 776 4180 humanae
807 4116 973 4181 voluntati
1001 4114 1114 4180 inferri
1137 4136 1243 4199 posse.
1290 4114 1407 4197 Neque
1430 4115 1492 4180 hoc
1515 4116 1612 4199 pleno
1635 4110 1689 4178 Dei
1764 4129 1765 4153 ³

448 4219 589 4285 dominio
612 4222 645 4287 in
669 4222 872 4288 voluntatem
897 4226 1069 4287 creaturae
1093 4220 1268 4304 quidquam
1293 4220 1447 4288 detrahit.
1493 4220 1688 4303 Quamquam
1764 4256 1765 4259 =

448 4326 533 4391 enim
552 4328 641 4392 Deus
663 4348 723 4412 pro
747 4328 883 4395 arbitrio
907 4330 1112 4395 voluntatem
1136 4328 1207 4393 sive
1231 4327 1272 4393 ad
1295 4328 1540 4393 inclinationem
1564 4342 1688 4392 movere

448 4431 519 4497 sive
550 4434 591 4498 ab
621 4456 688 4500 una
716 4434 928 4500 inclinatione
959 4434 1001 4499 ad
1031 4435 1128 4499 aliam
1160 4432 1259 4518 priori
1288 4434 1486 4501 contrariam
1511 4430 1688 4499 successive

449 4544 642 4606 convertere
672 4540 794 4618 valeat,
825 4561 925 4623 agere
948 4544 1058 4605 tamen
1084 4538 1205 4623 aliquid
1229 4540 1406 4605 intrinsece
1430 4558 1618 4623 repugnans
1642 4532 1686 4599 vel

446 4646 519 4731 ipsa
542 4646 602 4711 Dei
626 4648 862 4732 omnipotentia
885 4646 1007 4729 nequit.

505 4776 512 4779 -
539 4814 548 4847 ¹
566 4774 752 4867 Pauiolatior
770 4817 813 4867 est
831 4812 952 4865 definitio
964 4810 1086 4875 violenti,
1106 4828 1186 4881 quam
1208 4812 1372 4881 Aristotelea,
1393 4810 1480 4865 Etbic.
1499 4807 1653 4863 Nicomacb.
1665 4804 1685 4859 3.

449 4920 472 4958 c.
494 4903 518 4965 1,
539 4902 621 4960 1110.
641 4920 665 4967 a,
687 4903 699 4955 l
721 4901 810 4955 dedit:
835 4901 924 4967 βίαιον
948 4900 979 4950 δὲ
998 4898 1030 4951 οὗ
1049 4900 1065 4969 ἡ
1085 4900 1155 4969 ἀρχὴ
1177 4899 1286 4963 ἔξωθεν,
1311 4900 1421 4968 τοιαύτη
1442 4898 1509 4951 οὖσα
1529 4900 1557 4950 ἐν
1576 4890 1593 4971 ᾗ
1611 4894 1685 4966 μηδὲν

448 4992 625 5058 συμβάλλεται
644 4994 659 5044 ὁ
678 4993 802 5059 πράττων
820 4991 836 5059 ἢ
856 4989 1008 5057 danieluna.
1107 4986 1178 5041 'ci
1198 4988 1227 5041 S.
1251 4988 1342 5041 iliam.
1364 4988 1387 5052 1,
1407 4987 1432 5051 2,
1451 5004 1477 5055 q.
1497 4986 1522 5051 6,
1541 5002 1566 5041 n,
1585 4986 1603 5040 4
1621 4988 1648 5037 et
1663 4984 1684 5031 5.
