3909 5842
506 718 737 779 institutiones
757 718 840 779 iuris
861 720 1031 783 naturalis.
1073 723 1204 783 Auctore
1224 724 1283 782 Tu.
1306 726 1421 782 hiuvrra
1442 724 1469 782 S.
1489 726 1531 799 J.:

507 838 531 876 s.
556 865 561 875 .
586 864 592 876 .
616 820 658 876 lie
680 817 752 875 livre
774 820 813 877 du
834 820 870 879 R.
895 822 924 878 P.
949 822 1054 896 Meyer
1074 822 1139 880 doit
1160 822 1243 880 avoir
1256 840 1288 879 sa
1309 823 1394 897 place
1407 840 1456 879 sur
1476 822 1504 879 la
1524 822 1603 879 table
1625 822 1665 879 du

445 908 613 982 professeur
634 908 672 965 de
694 908 772 965 droit
786 927 904 969 comme
918 929 966 969 sur
981 912 1056 969 celle
1078 911 1118 969 du
1139 912 1307 986 professeur
1324 912 1362 969 de
1376 912 1495 969 morale.
1531 911 1575 969 Ce
1589 912 1666 969 n'est

446 998 530 1072 point
551 998 716 1057 seulement
736 1016 777 1055 un
798 998 870 1057 livre
892 1000 931 1057 de
953 1000 1158 1075 bibliotheque
1179 1020 1238 1075 que
1259 1002 1319 1059 l'on
1340 1002 1473 1058 consulte
1486 1002 1504 1057 a
1518 1000 1666 1058 certaines

443 1088 566 1156 heures3
595 1088 667 1145 e'est
695 1086 765 1145 bien
788 1086 882 1161 plutbt
903 1106 950 1147 un
974 1090 1113 1149 manuel
1134 1106 1201 1165 que
1222 1090 1272 1149 les
1292 1106 1375 1165 gens
1396 1091 1441 1149 du
1463 1088 1591 1159 metier,
1613 1090 1665 1149 les

443 1176 677 1252 philosophes,
700 1176 750 1235 les
770 1176 993 1252 theologicae,
1016 1180 1066 1238 les
1087 1178 1268 1255 politiques
1289 1178 1460 1238 devraient
1473 1196 1553 1237 sans
1566 1194 1664 1238 cesse

443 1266 538 1325 avoir
551 1282 634 1325 sous
654 1266 705 1323 les
725 1282 823 1340 yeux,
846 1285 921 1341 pour
942 1288 960 1342 y
976 1268 1075 1343 puiset
1096 1270 1126 1325 la
1144 1268 1290 1327 direction
1305 1268 1344 1326 de
1364 1270 1427 1327 leur
1440 1269 1663 1343 enseignement

444 1374 482 1413 ou
503 1356 542 1414 de
563 1357 627 1413 leur
647 1355 788 1413 conduite
810 1355 884 1413 dans
906 1357 933 1415 le
955 1370 1192 1431 gouvernement
1213 1358 1266 1416 des
1286 1355 1368 1416 fimes
1388 1369 1418 1416 et
1438 1358 1490 1416 des
1511 1359 1661 1433 peuples)

887 1440 971 1492 (Revue
985 1442 1024 1486 des
1038 1442 1141 1483 Sciences
1155 1441 1338 1494 ecclesiastiquea,
1353 1440 1443 1483 Amicus
1456 1444 1515 1492 1887,
1531 1441 1564 1481 No
1578 1444 1635 1493 324.)

505 1548 738 1608 Institutiones
760 1548 927 1625 logicales.
971 1553 1103 1610 Auctore
1123 1553 1159 1609 T.
1181 1553 1285 1610 Pascn
1307 1553 1335 1610 S.
1354 1552 1395 1627 J.:

506 1657 606 1715 «Nous
635 1676 748 1715 venons
776 1656 960 1716 d'examiner
982 1654 1149 1717 mirement
1171 1676 1218 1717 un
1239 1675 1341 1718 cours
1362 1657 1528 1717 vrairnent
1541 1675 1662 1717 monu-

445 1746 573 1805 mental
588 1754 622 1805 et
637 1745 809 1821 magistral
824 1746 866 1805 de
881 1746 1100 1823 philosophie
1110 1747 1355 1823 scholastique:
1370 1749 1461 1822 egele,
1477 1767 1515 1806 en
1525 1749 1662 1812 e'tendue.

444 1838 462 1892 a
490 1837 565 1894 celle
593 1836 632 1895 de
660 1836 867 1908 Sanseverino,
897 1836 970 1894 mais
999 1838 1065 1911 plus
1086 1833 1188 1909 mtirie,
1214 1838 1279 1912 plus
1299 1836 1397 1908 claire,
1426 1838 1490 1911 plus
1517 1838 1662 1911 pratique,

444 1926 628 1984 embrassant
649 1926 713 2001 plus
735 1927 773 1984 de
788 1926 877 2001 sujets
892 1936 921 1984 et
942 1926 981 1985 de
1003 1926 1155 2000 questions
1177 1944 1236 2001 que
1252 1926 1328 1985 celle
1348 1926 1436 1985 dece
1453 1926 1579 1999 dernier,
1601 1927 1663 2000 qui,

441 2015 558 2090 jusqu'a
578 2034 614 2073 ce
629 2026 770 2087 moment,
793 2015 864 2075 etait
879 2015 1024 2089 regarde'e
1038 2034 1156 2074 comme
1177 2017 1206 2072 la
1220 2015 1378 2074 meilleure.
1414 2018 1456 2072 La
1476 2015 1664 2090 philosophie
1755 2055 1756 2076 2

444 2105 483 2163 du
496 2106 527 2163 P.
539 2105 633 2163 Pesch
650 2114 693 2163 est
708 2121 755 2163 un
770 2120 918 2179 ouvrage
934 2105 1100 2164 moderne
1115 2107 1200 2163 dans
1214 2112 1289 2164 tout
1302 2105 1334 2163 le
1349 2105 1416 2164 bon
1429 2120 1509 2163 sens
1522 2106 1568 2163 du
1579 2112 1664 2163 mot.

504 2194 586 2252 Nous
601 2199 755 2253 re'sumons
776 2204 857 2253 toute
878 2204 964 2252 notre
979 2194 1185 2269 appreciation
1207 2194 1246 2253 de
1261 2204 1308 2253 cet
1323 2212 1449 2268 ouvrage
1464 2213 1501 2252 en
1515 2194 1665 2251 affirmant
1755 2251 1756 2254 ,

444 2283 614 2342 hardiment
636 2283 706 2358 qu'il
729 2293 772 2341 est
793 2282 918 2355 destine‚
942 2302 1015 2341 avec
1036 2284 1065 2340 la
1091 2283 1243 2356 Theoloffia
1263 2284 1380 2340 marolii
1398 2284 1437 2341 de
1450 2283 1624 2352 Lehmkuhl,
1648 2286 1665 2337 a
1755 2297 1756 2358 }

444 2374 559 2431 relever
587 2373 878 2432 considerablement
907 2374 934 2431 le
956 2372 1062 2431 niveau
1091 2373 1130 2430 de
1160 2373 1187 2428 la
1208 2372 1327 2431 science
1349 2372 1568 2446 ecclesiastique
1588 2373 1664 2429 chez
1755 2399 1756 2408 ¹

443 2463 471 2521 le
492 2463 593 2537 cierge
615 2474 754 2521 surtout.»
1155 2475 1195 2526 (Le
1208 2474 1318 2515 ttorireur
1332 2474 1359 2515 de
1373 2474 1441 2515 Rome
1455 2476 1513 2525 1890,
1528 2474 1563 2513 No
1578 2474 1636 2525 237.)

504 2592 738 2655 institutiones
765 2592 1003 2670 philosophiae
1027 2595 1199 2655 naturalis.
1240 2598 1371 2654 Auctore
1390 2597 1424 2653 T.
1446 2596 1548 2653 Prscu
1569 2594 1599 2651 S.
1618 2594 1663 2668 J.:
1755 2625 1756 2628 =

507 2704 570 2763 «Of
587 2705 625 2761 all
653 2704 703 2762 the
731 2703 823 2777 living
844 2702 954 2762 writers
975 2703 1043 2761 who
1068 2703 1145 2763 have
1166 2705 1256 2763 taken
1284 2714 1349 2778 part
1369 2702 1398 2760 in
1424 2702 1480 2760 this
1499 2700 1609 2761 revival
1631 2702 1668 2758 01

443 2792 657 2851 scholasticism
679 2812 719 2851 no
740 2810 799 2851 one
820 2793 873 2849 has
894 2792 974 2851 done
996 2794 1094 2851 better
1113 2794 1227 2852 service
1247 2794 1319 2851 than
1340 2794 1384 2849 Fr.
1405 2792 1543 2849 Tilrnann
1556 2792 1661 2849 Pesch.

446 2883 501 2939 His
523 2883 641 2941 treatise
656 2883 680 2940 is
702 2882 751 2939 full
768 2882 828 2939 and
842 2882 923 2956 good
937 2882 1126 2956 throughout.
1163 2883 1234 2941 We
1249 2882 1366 2957 regard
1380 2880 1404 2939 it
1418 2896 1463 2950 as,
1485 2882 1531 2954 by
1545 2882 1662 2946 much,

444 2973 504 3029 the
525 2972 601 3031 best
621 2970 759 3031 treatise
780 2974 854 3029 that
875 2972 938 3030 has
958 2972 1131 3046 appeared
1152 2988 1246 3046 upon
1266 2972 1326 3029 the
1345 2970 1499 3047 subject.»

1069 3056 1126 3107 (The
1140 3056 1222 3096 Dublin
1237 3056 1335 3105 Review,
1349 3054 1438 3095 London
1454 3056 1512 3105 1898,
1527 3052 1562 3093 No
1576 3056 1634 3103 244.)

506 3166 738 3227 institutiones
759 3166 1030 3243 psychologicae.
1073 3170 1204 3226 Auctore
1225 3170 1260 3226 T.
1282 3169 1384 3225 Pascrr
1405 3167 1432 3225 S.
1451 3166 1492 3241 J.:

508 3294 531 3332 «.
556 3321 561 3332 .
586 3321 591 3333 .
616 3274 759 3345 Eruditio,
788 3292 893 3332 sanum
922 3284 951 3332 et
980 3275 1111 3349 prudens
1138 3274 1248 3349 ubique
1275 3273 1412 3333 iudicium
1437 3284 1525 3347 atque
1545 3290 1658 3329 summa

444 3364 597 3439 diligentia
626 3364 761 3435 auctoris,
792 3374 879 3439 prout
907 3362 1088 3422 sufficienter
1114 3376 1183 3422 sunt
1209 3378 1281 3422 nota
1301 3382 1337 3421 ex
1357 3362 1418 3421 aliis
1439 3361 1499 3419 eius
1519 3360 1659 3435 operibus

445 3453 666 3527 philosophicis,
689 3452 729 3511 ita
743 3470 800 3511 nec
815 3452 846 3510 in
868 3452 1032 3527 praesentis
1046 3453 1260 3529 Psychologiae
1279 3452 1415 3527 partibus,
1437 3461 1465 3508 et
1478 3450 1523 3507 his
1537 3450 1658 3524 quidem

444 3542 623 3601 difficillimis
645 3554 674 3601 et
702 3542 925 3613 delicatissimis
955 3542 1170 3601 desiderantur.
1214 3543 1352 3601 (laudere
1371 3540 1457 3616 igitur
1481 3551 1602 3614 possunt
1622 3556 1659 3595 ex
1752 3543 1753 3556 ¹

444 3633 505 3690 eius
527 3632 658 3691 editione
675 3650 788 3703 omneS,
811 3631 861 3705 qui
885 3630 1110 3705 profundiorem
1131 3631 1162 3688 in
1177 3631 1306 3690 materiis
1326 3628 1539 3706 psychologicis
1558 3627 1658 3701 cogui-

443 3720 555 3779 tionem
578 3740 613 3779 ex
635 3739 823 3795 quacumque
845 3720 960 3778 ratione
982 3738 1127 3795 quaerere
1148 3732 1216 3779 sunt
1236 3721 1339 3778 coacti.
1363 3764 1371 3778 .
1391 3766 1397 3777 .
1421 3765 1426 3776 .

506 3858 511 3867 .
535 3858 540 3868 .
565 3858 571 3869 .
595 3810 649 3869 Cui
672 3810 710 3867 ad
738 3809 912 3885 profundius
941 3810 1154 3885 psychologiae
1178 3810 1304 3869 studium
1325 3828 1386 3867 non
1405 3818 1535 3882 superest
1555 3806 1655 3875 otium,

444 3900 495 3973 qui
516 3911 616 3958 tamen
639 3920 664 3957 v.
680 3917 708 3973 g.
726 3899 840 3957 ratione
855 3898 945 3956 officii
961 3899 1005 3956 sui
1020 3900 1128 3973 aliqua,
1151 3912 1182 3958 et
1202 3900 1258 3957 hac
1279 3898 1406 3958 fortassis
1419 3897 1555 3954 uberiore
1568 3907 1657 3968 atque

445 4008 563 4063 prorsus
591 4000 673 4047 certa
700 3988 833 4063 indigeat
862 4006 898 4047 ex
926 3988 1123 4064 psychologia
1144 3989 1324 4065 cognitione,
1352 3985 1521 4045 fiducialiter
1541 3985 1656 4041 haurire

444 4090 542 4153 potest
568 4078 767 4137 desideratam
795 4077 931 4135 notitiam
960 4096 996 4135 err
1025 4078 1254 4136 institutionibus
1279 4080 1309 4135 P.
1332 4076 1430 4136 Pesch.
1473 4074 1654 4131 Praebebunt

445 4186 477 4226 se
499 4168 539 4225 illi
563 4186 665 4226 revera
687 4166 858 4241 magistrum
880 4167 993 4225 bonum
1014 4166 1046 4224 in
1067 4168 1150 4226 omni
1170 4186 1249 4225 casu.
1273 4213 1279 4225 .
1302 4212 1307 4224 .
1331 4186 1355 4223 ,1

670 4250 768 4303 (Studien
784 4252 828 4291 und
843 4250 996 4300 Mitteilungeu
1011 4264 1050 4291 aus
1064 4252 1113 4292 dem
1127 4251 1353 4299 Benedilrdmrordeu,
1368 4248 1462 4299 Raigeru
1477 4261 1537 4300 1900,
1550 4246 1584 4287 Ne
1597 4251 1624 4294 1.)

505 4360 738 4421 institutiones
758 4358 988 4421 theodicaeae.
1031 4364 1162 4421 Auctore
1181 4364 1206 4437 J.
1229 4362 1403 4419 Hournanr
1423 4359 1450 4416 S.
1469 4358 1511 4433 J.:

507 4486 531 4525 u,
556 4514 561 4526 .
586 4514 591 4525 .
615 4467 872 4543 Many-sidedness
900 4468 935 4526 01
958 4468 1041 4539 view,
1072 4469 1289 4543 thoroughness
1315 4468 1346 4526 in
1373 4465 1498 4541 anatysis
1523 4464 1560 4521 01
1582 4464 1657 4521 their

445 4560 558 4615 natural
579 4558 684 4615 wealth
707 4558 741 4615 01
759 4568 922 4631 argument,
945 4557 1069 4616 sairness
1090 4558 1122 4615 in
1143 4557 1343 4632 presentation
1364 4556 1422 4613 and
1442 4554 1656 4625 completeness

446 4646 476 4703 in
503 4646 553 4705 the
574 4646 701 4705 solution
724 4646 758 4703 01
782 4646 958 4719 difficulties
987 4648 1070 4706 these
1092 4666 1142 4707 are
1170 4649 1220 4707 the
1247 4647 1327 4705 traits
1347 4644 1440 4703 which
1458 4642 1656 4699 characterize

445 4736 483 4791 all
511 4736 561 4793 the
589 4736 717 4793 hitherto
746 4736 903 4810 published
931 4738 1064 4797 volumes
1093 4738 1129 4795 01
1152 4738 1209 4796 this
1230 4755 1341 4807 course,
1370 4734 1427 4793 and
1452 4732 1482 4788 in
1503 4748 1587 4788 none
1607 4750 1655 4788 are

445 4824 515 4897 they
534 4824 626 4881 found
641 4843 724 4882 more
747 4824 815 4900 fully
831 4826 953 4884 verified
974 4827 1047 4883 than
1068 4827 1100 4884 in
1120 4827 1171 4885 the
1185 4827 1321 4900 masterly
1336 4824 1415 4881 work
1428 4820 1529 4879 before
1543 4838 1587 4877 us.
1602 4866 1609 4876 .
1625 4866 1631 4877 .
1648 4867 1653 4876 .

505 4912 576 4971 We
591 4914 677 4971 have
693 4916 775 4973 here
789 4932 810 4972 a
823 4915 919 4974 work
933 4931 978 4975 on
989 4916 1122 4975 natural
1134 4916 1295 4990 theology
1303 4912 1426 4981 which,
1439 4909 1489 4969 ior
1503 4909 1654 4975 breadth‚

446 5001 551 5075 depth
573 5003 638 5059 and
660 5002 840 5074 clearness,
870 5006 941 5074 haS,
963 5022 1020 5063 we
1043 5005 1185 5074 believe,
1212 5020 1256 5063 no
1277 5004 1417 5063 modern
1438 4998 1546 5074 equal.
1565 5040 1574 5056 .
1595 5042 1604 5055 .
1626 5042 1633 5055 .

740 5087 795 5128 i'l'he
811 5088 924 5130 American
941 5088 1042 5131 Catholic
1057 5090 1174 5139 Quartcrly
1188 5089 1285 5137 11011011,
1302 5085 1449 5137 Philadelphia
1464 5086 1521 5136 ¹⁸9⁴,
1537 5082 1628 5132 18074.)
