3909 5842
436 664 500 730 262
640 661 731 716 Sectio
749 661 770 716 I.
807 661 889 716 Liber
907 661 956 715 ΙΙΙ.
994 660 1083 731 Caput
1101 661 1149 716 ΠΙ.
1188 661 1328 718 Atticulae
1346 662 1372 718 2.
1409 663 1469 732 52.

436 860 571 907 necesse
594 843 655 918 est,
685 839 718 905 in
743 859 782 905 eo
805 838 941 918 scilicet,
975 840 1063 922 qnod
1085 839 1130 906 sit
1157 841 1336 922 „quaedam
1360 840 1522 906 ordinatio
1545 839 1677 906 rationis

398 953 406 970 '
437 946 479 1012 ad
508 947 629 1013 bonum
658 947 860 1012 commune“.
907 943 1015 1027 Igitur
1043 945 1163 1011 intuitu
1187 945 1283 1012 huius
1305 945 1380 1011 finis
1403 945 1599 1024 essentialis,
1630 945 1678 1026 qui

437 1057 505 1118 est:
536 1055 692 1118 homiuem
715 1053 890 1117 secuudum
913 1055 1069 1118 rationem
1093 1059 1174 1118 recte
1196 1054 1362 1138 ordinare,
1384 1052 1599 1118 intrinsecam
1616 1049 1678 1117 for·

436 1180 524 1225 marn
547 1160 631 1241 legis
653 1157 815 1225 naturalis
838 1158 947 1241 aliquo
971 1158 1067 1224 modo
1092 1158 1313 1226 essentialiter
1335 1159 1523 1243 participat,
1546 1159 1569 1225 i.
1586 1179 1615 1223 e.
1631 1177 1679 1222 ra-

436 1263 594 1331 tionalem
618 1265 775 1343 ordinem,
799 1285 896 1347 quem
919 1265 975 1330 lex
998 1269 1138 1332 naturae
1154 1261 1401 1349 comprehendit
1415 1267 1681 1332 uuiocreoiiusime

438 1378 466 1436 ct
488 1373 683 1456 simpliciter,
708 1371 846 1437 eundem
870 1371 926 1437 lex
948 1371 1094 1456 positiva
1117 1371 1327 1438 sanciendum
1352 1371 1489 1456 suscipit
1511 1372 1681 1437 acuendum

437 1478 517 1562 quid
540 1481 574 1544 et
597 1481 633 1543 iu
656 1480 757 1562 specie
781 1479 1036 1544 detcmuiuotum.
1082 1477 1127 1543 Et
1149 1478 1211 1543 hoc
1234 1477 1365 1559 quidem
1390 1479 1512 1564 duplici
1532 1477 1631 1544 modo
1652 1476 1681 1540 in

436 1581 565 1664 legibus
588 1582 739 1667 positivis
762 1582 834 1648 fieri
856 1582 1035 1665 contingit:
1059 1587 1105 1650 uel
1127 1583 1185 1662 ita,
1210 1587 1248 1648 ut
1271 1582 1381 1667 aliqua
1403 1583 1505 1668 ipsius
1527 1583 1614 1667 legis
1629 1603 1682 1646 na-

436 1688 555 1754 turalis
570 1689 721 1768 materia,
737 1710 797 1774 per
812 1690 943 1755 modurn
959 1689 1176 1756 conclusionis
1193 1709 1213 1754 a
1228 1690 1414 1774 praeceptis
1430 1687 1683 1773 generalioribus

438 1793 599 1872 derivata,
623 1815 644 1860 a
667 1795 782 1861 sociali
805 1796 1004 1863 auctoritate
1028 1795 1183 1880 explicite
1206 1798 1241 1862 et
1263 1793 1405 1880 positive
1428 1795 1615 1866 sanciatur:
1642 1795 1683 1858 rel

437 1899 496 1976 ita,
520 1904 567 1978 nt,
592 1900 678 1983 qnod
701 1903 757 1966 lex
779 1904 919 1967 naturae
941 1901 1002 1966 sub
1026 1901 1137 1984 aliqua
1159 1900 1288 1966 ratione
1312 1901 1475 1966 communi
1493 1907 1528 1968 et
1542 1900 1684 1966 indeter-

438 2005 565 2073 minata
581 2005 825 2090 (contingenter
836 2005 1091 2088 determinabili)
1109 2007 1364 2091 comprehendit,
1388 2008 1566 2074 secundum
1579 2027 1683 2073 rerum

440 2131 480 2177 ac
496 2113 656 2197 temporis
673 2113 874 2197 exigentiam
891 2113 1137 2180 determinetur.
1170 2113 1223 2180 Sic
1239 2135 1291 2180 ex.
1309 2135 1341 2196 g.
1358 2118 1498 2180 naturae
1513 2114 1581 2192 lex,
1606 2131 1685 2196 quae

439 2215 692 2285 indeterminate
707 2219 911 2303 punitionem
927 2219 1098 2286 criminum
1111 2219 1268 2303 deposcit,
1285 2219 1427 2303 positive
1440 2219 1684 2287 determinatur.

439 2324 467 2389 si
497 2326 553 2391 lex
584 2326 728 2410 positiva
757 2348 817 2410 pro
850 2328 949 2393 certis
983 2327 1171 2392 criminibus
1206 2331 1331 2393 certum
1363 2347 1489 2410 poenae
1520 2345 1627 2409 genus
1656 2329 1686 2388 et

439 2431 570 2497 modum
586 2432 715 2499 statuit.
747 2433 784 2498 In
799 2437 912 2518 priore
934 2433 1109 2517 hypothesi
1133 2433 1188 2498 lex
1211 2432 1355 2518 positiva
1377 2433 1506 2499 ratione
1529 2431 1685 2498 materiae

438 2535 471 2601 in
488 2537 562 2618 lege
577 2543 717 2605 naturae
732 2539 929 2617 continetur,
955 2543 990 2604 et
1005 2545 1142 2605 eatenus
1162 2559 1204 2604 ex
1220 2538 1334 2604 eodem
1350 2537 1444 2603 fonte
1458 2537 1524 2602 iarn
1540 2537 1684 2621 vigorem

438 2642 549 2710 habet.
595 2645 633 2710 In
657 2649 756 2712 altero
779 2666 858 2712 casn
880 2645 939 2711 illa
960 2645 995 2711 in
1018 2645 1093 2729 lege
1116 2649 1255 2712 naturae
1278 2645 1445 2722 fundatur,
1474 2645 1561 2710 siout
1584 2643 1685 2710 forme

440 2747 487 2814 rei
511 2753 658 2833 specialis
681 2750 840 2816 fundatur
861 2750 894 2815 in
918 2750 1027 2816 forma
1050 2754 1217 2818 courmuui.
1241 2789 1281 2798 —
1303 2751 1390 2836 Erpo
1413 2751 1505 2833 leges
1527 2749 1685 2833 positivae

441 2853 600 2919 eiusmodi
623 2877 688 2921 non
711 2857 817 2922 solum
840 2856 1007 2923 mediante
1035 2857 1244 2934 anctoritate,
1275 2878 1296 2923 a
1326 2877 1391 2938 qua
1421 2856 1602 2936 dimanant,
1633 2851 1686 2920 sed

442 2958 575 3045 insuper
604 2967 730 3029 ratione
758 2963 834 3029 finis
864 2963 1044 3030 communis
1074 2968 1108 3030 et
1132 2963 1281 3029 formulis
1306 2963 1415 3045 aliquo
1439 2963 1536 3028 modo
1559 2963 1593 3029 in
1617 2963 1685 3044 lege

441 3068 585 3133 naturali
608 3068 856 3136 fundumentum
881 3069 1014 3136 habent.

463 3258 535 3342 §a
583 3261 862 3327 Condiciones
892 3259 1150 3327 essentiales
1181 3260 1230 3325 ad
1261 3259 1519 3325 obiectivum
1550 3259 1658 3342 legis

713 3367 931 3452 positivae
955 3367 1143 3432 valorem
1167 3365 1421 3447 requisitae.

441 3503 512 3577 294.
603 3510 656 3575 llx
679 3509 858 3575 universali
880 3508 1050 3594 principio,
1074 3507 1107 3572 in
1123 3507 1333 3592 praecedenti
1349 3507 1435 3574 thesi
1451 3507 1516 3574 iam
1532 3507 1683 3581 stabilito,

440 3617 610 3696 tamquam
637 3615 777 3682 totidem
808 3618 979 3682 corollario
1010 3613 1199 3680 immediate
1228 3615 1334 3680 fluunt
1364 3616 1563 3682 condiciones
1588 3634 1684 3681 essai·

441 3723 563 3787 tiolitcr
584 3726 765 3809 requisitae,
790 3724 828 3787 ut
851 3721 962 3804 aliqua
986 3721 1040 3786 lex
1064 3720 1208 3806 positiva
1231 3741 1296 3802 qua
1318 3720 1397 3787 talis
1420 3723 1564 3787 obiectiuc
1582 3720 1683 3788 valido

444 3850 517 3910 case,
548 3828 570 3896 i.
595 3851 623 3896 e.
647 3830 715 3895 vim
739 3828 907 3912 obligandi
929 3829 1051 3895 habere
1074 3828 1188 3913 possit.
1235 3827 1326 3905 Quae
1349 3849 1461 3893 omnes
1484 3827 1527 3892 ad
1550 3826 1615 3893 trie
1636 3845 1684 3891 oa·

442 3934 514 4018 pita
537 3937 705 4002 commode
728 3940 938 4002 revocantur.
986 3935 1137 4017 Namque
1161 3937 1340 4021 requiritur

534 4045 562 4111 1.
587 4044 641 4109 Ec
662 4051 753 4129 purte
775 4045 985 4128 icpiatutorie:

531 4151 688 4235 chitima
719 4157 858 4235 potestas
892 4152 928 4214 et
962 4147 1091 4231 quidem
1123 4147 1156 4230 a)
1190 4149 1343 4231 respectu
1375 4139 1596 4225 subditorum,
1631 4163 1682 4230 pro

443 4257 559 4340 quibus
581 4257 638 4322 lex
660 4255 774 4336 fertur,
800 4261 835 4323 et
857 4253 891 4338 b)
916 4259 1068 4340 respectu
1092 4253 1174 4337 legis
1198 4253 1231 4320 in
1247 4252 1449 4338 particulari,
1474 4273 1558 4335 quae
1574 4251 1682 4318 fertur.

442 4363 529 4429 Nom
558 4363 610 4427 vis
640 4363 806 4446 obligandi
836 4361 1013 4429 manifeste
1042 4381 1107 4426 non
1138 4359 1275 4428 ulterius
1305 4379 1341 4424 se
1372 4359 1551 4424 extendere
1581 4357 1684 4442 potest

443 4490 541 4552 quam
572 4473 746 4535 auctoritas
776 4471 821 4535 ud
850 4470 907 4534 hoc
929 4469 1084 4533 diuinitus
1108 4475 1255 4553 uccepto;
1283 4465 1365 4532 haec
1395 4468 1507 4531 autem
1536 4463 1570 4528 in
1602 4457 1682 4528 omni

444 4577 586 4641 humano
619 4575 812 4657 legislatore
845 4573 943 4639 certis
976 4573 1144 4651 limitibus,
1178 4572 1298 4656 partim
1332 4570 1537 4645 naturalibus
1571 4566 1682 4652 purtim

444 4683 585 4767 positivo
609 4683 680 4747 iure
703 4681 849 4757 sancitis,
873 4677 1159 4746 circumscribitur.
1207 4679 1277 4743 Lex
1300 4676 1411 4760 igitur,
1443 4679 1605 4758 quatenus
1631 4673 1683 4737 hos
1762 4711 1763 4762 ἒ

443 4787 565 4855 limites
588 4788 881 4874 praetergreditur,
907 4787 939 4851 vi
963 4785 1129 4870 obligandi
1155 4789 1279 4852 caret1.

473 4939 754 4949 .-..--.--.-...-.—-

536 5020 545 5052 ¹
564 5018 605 5074 cf.
627 5011 961 5084 Suam,Delegibus1.
983 5013 1006 5075 1,
1026 5028 1049 5065 c.
1069 5011 1093 5065 8.
