3909 5842
449 615 513 680 358
667 611 757 666 Sectio
777 613 811 666 lI.
850 613 929 667 Liber
947 614 968 668 Ι.
1006 613 1096 684 Caput
1114 614 1149 669 ll.
1186 612 1326 668 Atticulae
1344 615 1370 668 4.
1408 614 1473 682 52.

447 790 506 856 illa
536 792 570 856 in
600 792 794 876 particulari
824 792 978 875 organice
1009 813 1052 858 ex
1075 793 1149 876 ipsa
1171 791 1372 858 auctoritate
1395 790 1597 870 domestica,
1624 791 1687 856 mul·

448 896 599 981 tiplicato
630 897 790 982 paulatim
821 897 966 964 familiae
996 898 1178 982 propagine
1202 901 1236 963 et
1258 896 1354 962 herili
1378 897 1559 974 comitatu,
1589 899 1688 962 sanein
1724 957 1727 988 Ι

448 1003 518 1068 sine
534 1023 633 1069 sensu
652 1003 787 1080 oriatur,
816 1004 1089 1086 quemadmodum
1106 1005 1140 1069 in
1163 1003 1400 1088 principatibus
1423 1001 1689 1088 patriarchalibus
1724 993 1727 1029 ”

448 1108 626 1192 contigisse
657 1109 815 1187 videmus,
846 1113 911 1176 sica
941 1113 1064 1176 natura
1093 1109 1312 1193 compellente
1341 1129 1400 1193 per
1430 1109 1610 1174 hominum
1630 1129 1690 1173 con·
1726 1102 1729 1192 l

448 1214 557 1280 silium
588 1215 712 1281 directe
745 1215 949 1294 instituatur,
983 1219 1020 1282 ut
1043 1236 1286 1298 nonnumquam
1316 1214 1442 1299 pan‘ter
1472 1215 1609 1284 factum
1634 1234 1690 1278 ossa
1728 1281 1729 1311 ¹

448 1325 590 1400 constat,
621 1323 655 1387 in
683 1327 823 1404 utroque
849 1343 927 1389 casu
950 1323 984 1387 iu
1007 1330 1147 1388 naturae
1169 1325 1352 1388 necessitate
1374 1321 1515 1388 fundari
1540 1326 1639 1403 atque
1657 1320 1691 1384 ita

449 1429 612 1494 naturalis
643 1432 779 1516 cripiaia
812 1449 885 1494 esse
918 1429 1056 1494 dicenda
1089 1431 1151 1495 cet.
1198 1427 1300 1510 quue
1332 1427 1386 1493 vel
1417 1427 1500 1492 iude
1534 1427 1690 1493 manifeste

449 1533 670 1616 consequitur,
702 1534 789 1616 quod
819 1538 932 1601 coetus
961 1535 1078 1614 civilis,
1109 1555 1205 1618 quem
1228 1539 1368 1601 naturae
1390 1534 1604 1600 necessitate
1624 1532 1691 1596 iuter

449 1641 597 1708 homines
621 1641 699 1706 oriri
718 1640 938 1724 probavimus,
963 1641 1037 1726 pari
1054 1641 1256 1708 necessitate
1271 1661 1449 1724 congruam
1467 1640 1689 1707 auctoritatem

448 1751 618 1830 tamquam
642 1747 818 1814 essentiale
842 1747 892 1814 sui
916 1749 1113 1814 elementum
1138 1748 1244 1832 exigit
1266 1747 1322 1828 (cf.
1347 1769 1379 1814 n.
1404 1750 1470 1813 352
1487 1747 1560 1830 sq).
1585 1785 1627 1793 —
1646 1744 1689 1809 Ca
1731 1738 1732 1745 '

448 1858 557 1920 terum
580 1856 767 1920 structurae
791 1858 962 1941 organicae
984 1854 1154 1922 societatis
1178 1853 1284 1920 civilis
1307 1857 1575 1920 cousentaneum
1600 1855 1646 1916 est
1666 1855 1688 1913 ct

451 1957 607 2025 historice
623 1960 814 2044 plerumque
830 1981 949 2026 revera
965 1962 1098 2027 evenire
1115 1965 1255 2039 constat,
1275 1964 1312 2027 ut
1327 1981 1392 2026 uon
1407 1959 1559 2044 primum
1575 1959 1687 2024 maeno

450 2065 581 2131 socialis
600 2067 642 2132 ad
666 2088 784 2152 corpus
807 2067 975 2151 politicum
999 2070 1220 2150 congregetur
1243 2072 1277 2134 at
1298 2071 1425 2150 postea,
1450 2065 1540 2130 inito
1565 2061 1688 2130 consilio.

449 2192 509 2255 per
531 2173 732 2239 creationem
756 2173 925 2256 regiminis
947 2174 1055 2255 forma
1080 2173 1311 2249 constituatur,
1341 2171 1400 2238 sed
1424 2171 1500 2238 vice
1526 2165 1685 2245 versari

450 2279 659 2346 auctoritatis
682 2279 823 2362 quodam
848 2279 941 2362 quasi
964 2279 1080 2344 nucleo
1103 2279 1377 2362 praeexsistente,
1401 2299 1433 2346 v.
1459 2301 1492 2361 g.
1520 2275 1686 2363 potentiora

450 2385 503 2450 vel
533 2386 763 2472 principaliora
793 2385 929 2462 familia,
962 2386 1069 2469 ipsum
1100 2407 1219 2470 corpus
1241 2385 1363 2451 sociale
1385 2385 1566 2450 exordium
1588 2383 1684 2448 sumat

450 2494 485 2556 et
508 2489 635 2570 deinde,
661 2513 733 2558 cum
757 2492 830 2576 ipsa
853 2491 915 2557 hac
939 2491 1139 2558 auctoritate
1157 2492 1284 2575 pridem
1298 2501 1370 2558 orto
1386 2491 1495 2574 magis
1512 2511 1615 2574 quam
1628 2506 1685 2552 cor

453 2597 583 2676 stituta‚
607 2618 667 2682 per
690 2597 878 2664 successiva
902 2597 1060 2680 organica
1082 2597 1285 2663 incrementa
1307 2597 1403 2663 simul
1427 2598 1646 2662 succrescat1.

450 2733 521 2804 422.
613 2732 804 2809 Corollaria:
835 2737 859 2803 1.
885 2738 1088 2820 Quamquam
1119 2759 1276 2823 praesens
1305 2737 1409 2804 thesis
1431 2738 1525 2803 aliud
1550 2734 1680 2801 hocloco

451 2840 576 2909 directe
588 2841 796 2927 propugnare
808 2865 873 2910 non
889 2844 1041 2920 intendit,
1052 2845 1112 2910 nisi
1128 2845 1213 2928 quod
1226 2849 1302 2929 post
1311 2844 1529 2911 Aristotelem
1542 2863 1586 2909 ex
1597 2843 1682 2906 mente

451 2947 484 3014 S.
508 2947 678 3014 Thomac²
700 2949 750 3014 his
774 2950 883 3016 verbis
907 2951 1116 3017 enuntiatur:
1152 2951 1321 3030 ,naturale
1345 2971 1418 3016 esse
1441 2950 1579 3026 homini,
1601 2953 1634 3012 ut
1651 2941 1679 3006 sil

451 3054 571 3120 animal
588 3055 709 3121 sociale
732 3061 766 3122 et
789 3057 991 3140 politicum“,
1016 3056 1036 3123 i.
1054 3079 1082 3123 e.
1099 3079 1120 3123 a
1135 3063 1256 3124 natura
1279 3056 1320 3123 ad
1343 3056 1523 3122 vivendum
1539 3049 1680 3120 socialiter

451 3160 550 3228 etiam
566 3161 600 3227 in
617 3167 711 3230 coetu
728 3163 862 3246 politico
879 3163 1095 3239 destinatum
1113 3185 1153 3229 ea
1167 3168 1280 3230 tamen
1295 3168 1348 3230 est
1359 3162 1409 3228 vis
1422 3163 1678 3246 argumentorum

451 3288 535 3349 quae
564 3269 693 3334 illorum
719 3267 820 3334 etiam
844 3267 1028 3352 opinionem
1052 3268 1216 3352 integram
1239 3269 1298 3334 vix
1321 3269 1489 3351 relinquit,
1521 3267 1578 3350 qui
1599 3259 1678 3328 soria*

451 3377 555 3440 tatem
586 3375 725 3452 civilem,
757 3375 891 3441 tametsi
922 3375 1120 3442 naturaliter
1147 3375 1377 3453 necessariam,
1408 3379 1564 3458 spectata
1592 3377 1676 3436 tamen

450 3485 573 3568 criptae
595 3481 729 3564 formali
751 3491 780 3546 et
802 3483 955 3565 iuridica,
981 3481 1109 3547 nonnisi
1126 3485 1293 3568 paetitiam
1309 3503 1382 3547 esse
1397 3503 1496 3566 possa
1512 3474 1675 3546 emanarant

451 3585 508 3668 (cf.
533 3609 565 3652 n.
590 3587 679 3670 397).
727 3587 816 3664 Quae
852 3587 1018 3654 conclusio
1053 3593 1143 3654 certe
1178 3610 1251 3654 cum
1286 3587 1359 3672 ipsa
1390 3587 1501 3654 indole
1535 3575 1675 3652 emicat

452 3692 558 3758 civilis
588 3713 647 3777 per
676 3715 712 3758 se
743 3699 776 3760 et
806 3694 1005 3761 naturaliter
1035 3697 1197 3779 organico,
1232 3715 1331 3776 quarn
1361 3695 1475 3759 eadem
1507 3686 1673 3775 argumcnil

452 3799 639 3878 ostendunt,
665 3800 837 3866 admodum
862 3802 994 3868 difficile
1021 3802 1231 3882 conciliatur;
1263 3805 1495 3885 praeterquam
1521 3797 1603 3884 quod
1622 3788 1673 3858 aliis

452 3905 551 3972 certis
574 3906 756 3972 rationibus
780 3908 857 3974 alibi
881 3907 1058 3974 afferendis
1081 3908 1199 3973 merito
1223 3906 1418 3974 excluditur.

452 4045 521 4117 423.
613 4047 653 4114 II.
686 4047 801 4114 Status
831 4047 971 4114 hominis
1000 4027 1084 4114 vere¹
1107 4051 1270 4114 naturalia
1299 4048 1494 4114 nouaclum
1517 4047 1612 4112 vitam
1630 4035 1669 4100 dt

451 4155 632 4232 masticam,
656 4154 714 4220 sed
738 4155 838 4221 etiam
863 4157 984 4221 civitem
1008 4154 1263 4238 comprehendit.
1302 4154 1416 4237 Longe
1439 4153 1567 4238 potiore
1586 4153 1669 4214 tanen

508 4327 518 4331 -
532 4325 765 4332 “au—-

545 4425 552 4456 ¹
571 4422 611 4477 De
631 4424 724 4477 eadem
743 4439 773 4476 re
792 4421 828 4476 ci.
850 4423 877 4476 C.
890 4423 924 4475 L.
940 4439 963 4475 a.
978 4421 1083 4488 Halter,
1102 4419 1296 4474 Reatauration
1314 4420 1362 4474 der
1381 4407 1667 4474 suruwiesenschatffl

452 4511 463 4562 l
484 4527 506 4565 c.
528 4513 559 4566 ll
580 4516 608 4565 et
622 4511 669 4574 12;
689 4511 799 4577 Jarclce,
819 4508 991 4563 Vermiachte
1005 4507 1143 4562 Schriften
1157 4507 1317 4562 11120-64
1335 4511 1363 4560 et
1382 4507 1417 4561 93
1430 4523 1491 4576 sqq,
1511 4507 1552 4561 ed
1564 4497 1665 4588 Mduchtl

455 4599 537 4662 1839;
561 4602 708 4671 Taparellr‘,
728 4601 828 4656 Diritto
847 4603 936 4655 natur.
950 4599 962 4652 I
976 4600 993 4667 ἕ
1005 4599 1059 4654 458
1072 4597 1123 4652 501
1137 4615 1189 4666 aqq
1197 4617 1204 4662 ;
1225 4599 1333 4666 Walter,
1351 4595 1520 4650 Naturuccht
1531 4593 1581 4649 und
1592 4577 1665 4642 politi

453 4704 476 4740 ο.
496 4689 520 4752 a,
540 4688 556 4754 a
576 4689 697 4754 49-5r;
724 4689 775 4744 ure
795 4689 967 4744 arenosum
994 4689 1041 4742 aar
1060 4685 1230 4740 erraremus
1252 4685 1307 4739 unu
1327 4685 1375 4738 aas
1393 4682 1498 4738 uoces
1516 4684 1534 4752 a
1552 4667 1662 4737 loo-1⁰⁶-

453 4775 617 4844 Organicam
638 4779 771 4846 originem
791 4779 897 4833 civitat.
918 4776 1047 4831 describit
1069 4777 1170 4842 Cicero,
1190 4774 1231 4828 Dc
1249 4773 1321 4828 offic.
1341 4773 1353 4826 l
1374 4773 1416 4826 17.

542 4865 611 4919 'De
630 4869 724 4936 regim.
745 4868 831 4938 princ.
850 4867 867 4920 l.
889 4869 919 4932 l,
939 4883 962 4920 c.
985 4867 1010 4920 1.
1046 4864 1210 4919 Aristotelea
1231 4863 1322 4931 (Polit.
1341 4861 1405 4925 12,
1426 4861 1513 4927 1253,
1532 4879 1555 4926 a,
1571 4856 1594 4920 3)
1608 4847 1659 4919 pira

453 4955 580 5008 πολιτικὸν
600 4954 676 5024 ζῷον.
