3909 5842
455 689 520 750 342
729 679 818 734 Sectio
838 679 871 733 ll.
909 677 990 734 Liber
1008 680 1029 733 I.
1068 678 1156 749 Caput
1174 679 1208 733 ll.
1245 678 1386 734 Articulus
1405 681 1432 734 2.

455 861 584 928 homine
608 859 751 942 dignam,
776 858 797 924 i.
822 879 850 924 e.
875 861 1015 924 naturae
1037 857 1193 924 rationali
1216 860 1251 923 et
1273 857 1391 924 morali
1415 859 1626 927 destinationi
1642 884 1676 926 a·-

455 966 704 1044 commodatam,
730 965 858 1031 secluso
873 964 998 1030 influxu
1015 963 1146 1029 socialis
1162 963 1357 1042 commercii,
1377 965 1576 1050 pertingere
1589 989 1677 1050 nequa·

456 1095 554 1156 quam
577 1076 721 1156 possent.
764 1071 893 1138 Dicitur
919 1071 982 1150 ,ad
1005 1070 1226 1136 evolutionem
1248 1069 1378 1134 homine
1404 1072 1585 1155 dignam‘;
1606 1097 1679 1157 amre

456 1179 541 1245 enim
564 1179 604 1244 iis
628 1179 836 1256 assentimur,
862 1176 917 1260 qui
939 1175 1080 1242 hominis
1101 1175 1193 1240 ideas
1216 1175 1462 1243 intellectuales
1486 1184 1524 1246 et
1538 1181 1680 1247 moralaae

456 1287 526 1352 solo
554 1286 625 1352 lare
652 1285 744 1352 fonte
767 1283 899 1350 socialis
922 1281 1111 1349 traditionis
1134 1284 1193 1347 aut
1216 1281 1257 1346 ab
1280 1281 1423 1348 humano
1448 1306 1605 1351 sermone
1624 1287 1681 1350 dari·

457 1393 583 1459 vandas
613 1412 686 1458 esse
709 1393 838 1476 putant,
870 1409 943 1456 cum
966 1391 1054 1454 teste
1077 1386 1293 1471 psychologia
1316 1389 1525 1466 noverimus,
1554 1391 1681 1458 hominen

456 1499 510 1564 vel
527 1499 596 1564 solo
613 1520 674 1564 usu
690 1519 844 1564 sensuum
861 1495 1047 1579 praeditum
1062 1494 1103 1559 ad
1120 1493 1362 1560 intellectuales
1372 1498 1493 1562 tamen
1507 1499 1683 1582 operatione

458 1607 558 1686 atque
587 1605 636 1670 ita
665 1605 705 1671 ad
731 1603 873 1685 aliquem
897 1600 1036 1684 gradum
1060 1600 1329 1682 qualemcumque
1351 1603 1495 1669 moralis
1519 1604 1683 1670 evolutione

456 1711 630 1794 pervenire
664 1729 772 1794 posse.
818 1708 942 1773 Verum
976 1727 1042 1772 non
1076 1705 1184 1771 minus
1217 1706 1451 1790 psychologiee
1490 1716 1618 1777 certum
1644 1726 1683 1774 aa

456 1817 543 1884 hunc
571 1818 678 1901 ipsum
702 1815 897 1882 evolutionis
921 1814 1060 1895 madum
1085 1812 1195 1879 debita
1218 1813 1415 1880 sufficientia
1438 1821 1477 1883 et
1502 1817 1683 1901 proportione

458 1945 531 1990 cum
547 1927 667 1990 natura
682 1923 825 1988 humana
839 1919 964 1987 tamdiu
983 1919 1171 1997 cariturum,
1193 1919 1346 2002 quamdiu
1362 1941 1428 1986 non
1443 1943 1532 1988 usus
1547 1923 1684 1989 societatis

456 2033 625 2113 tamquam
649 2027 866 2096 necessarium
892 2026 1165 2109 complementum
1188 2025 1236 2090 illi
1252 2027 1438 2096 accesserit.
1474 2029 1516 2093 Id
1533 2029 1683 2113 ipsumsi-

458 2137 620 2221 parientia
643 2136 725 2202 satis
749 2135 929 2210 confirmat,
959 2131 1009 2197 uti
1030 2131 1170 2198 historia
1193 2136 1338 2197 testatur
1360 2133 1562 2200 miserorum
1585 2135 1683 2200 illonm

363 2326 368 2335 Ι
458 2243 632 2322 hominum,
664 2261 745 2325 quos
775 2241 816 2307 ab
844 2238 986 2305 infantia
1008 2239 1043 2304 in
1066 2237 1209 2304 carceris
1232 2238 1407 2304 solitudine
1431 2240 1591 2308 detentos
1612 2241 1683 2306 etat

458 2349 546 2414 omni
568 2348 733 2414 hominum
758 2345 950 2412 commercio
974 2345 1121 2410 seclusos
1145 2345 1329 2410 adolevisse
1351 2346 1506 2428 legimus.

548 2458 578 2521 3.
601 2457 756 2522 Stimulae
772 2461 900 2519 mutuae
917 2453 1147 2518 benevolentiae
1164 2460 1191 2518 et
1206 2474 1318 2518 aenens
1334 2458 1618 2521 commiserationis
1632 2473 1682 2534 eras

451 2564 635 2646 'indipentas
652 2583 689 2626 aa
705 2561 845 2642 miseros,
870 2558 993 2624 homini
1008 2559 1206 2625 naturaliter
1221 2558 1354 2637 inditus,
1378 2563 1413 2626 et
1428 2562 1599 2628 naturalia
1611 2561 1682 2624 bene

458 2668 600 2734 faciendi
631 2667 738 2732 officia
769 2666 992 2732 concomitans
1018 2668 1120 2747 atque
1143 2666 1291 2732 suaviter
1314 2688 1444 2748 urgens.
1493 2671 1580 2735 Esse
1601 2670 1682 2732 auten

459 2773 618 2840 eiusmodi
647 2773 824 2850 stimulum,
856 2771 911 2855 qui
941 2771 1192 2838 correlationem
1222 2773 1323 2838 habet
1352 2795 1425 2850 cum
1457 2773 1628 2858 multiplici
1650 2770 1682 2833 in·

459 2881 606 2964 digentis
629 2879 822 2946 individuali
844 2879 940 2944 modo
962 2881 1229 2953 commemorata,
1253 2878 1376 2944 hommi
1391 2901 1449 2962 per
1465 2901 1505 2946 se
1521 2879 1684 2948 naturaliter

460 2985 678 3068 congenitum,
699 2985 771 3069 ipsa
788 2984 967 3050 communis
982 2983 1148 3050 hominum
1165 2984 1352 3052 aestimatio
1368 2987 1526 3066 ostendit,
1545 3008 1606 3071 qua
1618 2984 1681 3049 illm

460 3093 589 3158 nomine
618 3090 868 3170 ,humanitatis“
896 3089 1059 3156 honorare
1082 3094 1334 3156 consueverunt.

550 3201 581 3266 4.
606 3199 773 3285 Loquendi
787 3198 939 3281 facultas,
962 3219 1026 3283 qna
1042 3198 1132 3263 homo
1147 3200 1344 3263 naturaliter
1356 3199 1529 3282 praeditas
1547 3208 1597 3266 eet.
1621 3196 1681 3271 Qut

461 3305 697 3387 modocumque
722 3304 809 3369 enim
832 3304 929 3369 homo
948 3303 989 3368 de
1004 3302 1094 3368 facto
1111 3302 1249 3386 primum
1267 3303 1398 3386 loquela
1413 3305 1585 3388 praeditus
1600 3299 1680 3368 luent.

461 3432 500 3478 ea
523 3415 635 3478 tamen
653 3435 715 3497 par
739 3434 770 3477 aa
794 3413 947 3494 spectata
969 3431 1049 3475 vere
1071 3413 1235 3477 nataralia
1258 3409 1396 3476 dicenda
1419 3413 1481 3488 est,
1515 3417 1623 3497 utpote
1640 3407 1680 3470 ho·

461 3539 579 3584 manae
612 3523 752 3584 naturae
782 3517 825 3583 ad
856 3518 925 3583 cius
955 3517 1181 3600 integritatem
1207 3519 1323 3585 debita
1370 3517 1407 3583 ld
1430 3519 1486 3583 vel
1510 3520 1585 3586 inde
1604 3514 1679 3602 patel-

462 3624 547 3706 quod
576 3624 688 3690 eadem
720 3625 762 3689 ad
794 3623 926 3706 dignam
949 3624 1090 3689 hominis
1113 3623 1372 3690 intellectualem
1396 3627 1431 3690 et
1454 3627 1608 3692 moralem
1627 3639 1681 3685 evo

462 3730 620 3796 lotionem
645 3730 854 3813 cognoscitur
870 3751 943 3795 asse
959 3730 1156 3808 necessaria,
1181 3752 1220 3797 ac
1236 3735 1411 3814 praeterea
1427 3733 1468 3797 ad
1484 3732 1590 3818 ipsam
1604 3723 1679 3794 iacul-

461 3839 567 3902 tatem
595 3835 760 3920 cogitandi
787 3836 1012 3921 physiologice
1035 3837 1263 3920 complendam
1286 3837 1448 3906 ordinata.
1474 3875 1518 3884 -
1542 3839 1606 3905 Iam
1626 3851 1680 3896 vest

463 3963 541 4008 usus
565 3943 714 4026 loquelae
737 3945 856 4026 suapte
878 3945 999 4009 natura
1021 3945 1113 4008 totus
1129 3942 1171 4008 ad
1187 3943 1290 4009 vitam
1308 3947 1454 4011 acclama
1471 3947 1618 4018 retertur,
1637 3956 1679 4003 nan

463 4049 568 4115 solum
600 4049 759 4134 singulari
788 4050 952 4116 hominem
986 4049 1170 4134 aptitudine
1201 4051 1243 4116 ad
1271 4049 1439 4116 socialiter
1461 4052 1631 4118 vivendum
1647 4045 1680 4108 iu·

464 4159 606 4237 struens,
635 4177 750 4223 verum
774 4161 808 4223 et
831 4157 1044 4241 multiplicem
1067 4157 1222 4224 socialem
1246 4159 1506 4224 communionem
1530 4150 1679 4227 necassent

464 4263 603 4346 gignens
628 4267 726 4346 atque
750 4265 953 4348 amplificans
965 4266 988 4330 ¹.

556 4495 565 4527 ¹
586 4495 660 4562 ,Hoc
681 4493 798 4558 (scilicet
815 4493 951 4547 hominem
978 4509 1039 4546 esse
1058 4497 1158 4546 natura
1175 4491 1317 4560 socialem)
1345 4491 1429 4545 etiam
1447 4493 1638 4550 evidentissime
1650 4483 1678 4535 ‘lt

464 4583 584 4637 claretur
610 4601 658 4652 per
683 4583 749 4648 hoc,
775 4583 846 4651 quod
873 4584 915 4636 est
934 4581 1072 4652 proprium
1097 4581 1216 4636 homims
1233 4579 1370 4634 locutione
1388 4582 1444 4647 uti,
1470 4598 1520 4652 per
1545 4598 1617 4653 quarn
1631 4587 1678 4628 ΜΝΞ

465 4671 544 4724 homo
563 4671 625 4725 aliis
642 4688 722 4725 suum
742 4675 901 4740 conceptum
921 4669 1044 4724 totaliter
1062 4673 1153 4740 potest
1171 4670 1332 4740 exprimere.
1371 4669 1433 4724 Alia
1458 4671 1569 4740 quidem
1586 4659 1677 4726 sarriet!lli

466 4763 623 4832 exprimunt
641 4765 734 4816 mutuo
753 4762 894 4832 passiones
914 4777 979 4816 suas
998 4761 1026 4814 in
1045 4760 1189 4825 commoni,
1207 4763 1240 4814 ut
1259 4761 1335 4814 canis
1353 4760 1381 4814 in
1400 4760 1505 4815 latratu
1523 4761 1598 4827 irana
1612 4748 1676 4812 alala

465 4849 595 4904 animalia
613 4849 755 4921 passiones
773 4867 838 4904 suas
857 4849 974 4904 diversis
993 4849 1089 4903 modis.
1114 4849 1205 4917 Magis
1224 4850 1309 4918 igitur
1320 4848 1401 4904 homo
1415 4853 1459 4904 est
1471 4843 1677 4905 communale

466 4938 554 5004 alteri,
574 4956 656 5009 quam
675 4939 863 5008 quodcumque
883 4938 957 4994 aliud
976 4937 1086 5001 animal,
1106 4938 1177 5006 quod
1197 4938 1310 5006 gregale
1329 4939 1447 5002 videtur,
1465 4943 1498 4992 ut
1509 4957 1583 5005 gras,
1601 4928 1675 4992 foram

468 5030 496 5080 et
514 5027 581 5097 apis.
619 5027 678 5081 Hoc
703 5045 767 5094 ergo
790 5027 964 5082 considerans
984 5027 1110 5080 Salomon
1136 5027 1164 5080 in
1183 5027 1351 5082 Ecclesiaste
1369 5027 1401 5094 4,
1421 5029 1438 5082 9
1457 5029 1512 5083 ait:
1541 5024 1675 5093 ,Melinos
