3909 5842
630 706 671 761 Da
688 706 844 776 ignorantia
861 708 890 761 et
907 706 1117 762 inadvertentia.
1453 712 1496 777 93

244 885 368 963 rantia,
399 907 466 968 qua
489 884 561 969 quis
583 886 618 951 in
640 885 827 965 venatione,
851 885 983 951 omuino
1006 890 1100 953 ratus
1124 885 1272 951 occidere
1294 884 1409 965 foram,
1442 908 1496 953 oc·

245 991 373 1059 cideret
396 992 546 1061 amicum.
594 993 793 1079 Consequens
815 993 1003 1078 appellatur
1026 992 1224 1075 ignorantia,
1250 1014 1335 1077 quae
1359 997 1393 1059 et
1415 1014 1496 1077 qua·

246 1102 346 1164 tenus
369 1099 403 1163 vi
425 1099 654 1184 praecedentis
675 1099 800 1165 liberae
822 1098 990 1166 volitionis
1013 1103 1072 1165 aut
1094 1098 1261 1165 nolitionis
1284 1098 1419 1165 inducta
1435 1099 1498 1165 fuit

245 1206 299 1269 vel
332 1209 538 1289 perseverat,
571 1205 718 1289 adeoque
749 1205 782 1270 iu
816 1227 916 1271 corneo
948 1204 1058 1288 aliquo
1091 1206 1187 1271 modo
1217 1204 1406 1271 voluntaria
1435 1208 1495 1271 est.

248 1312 471 1378 concomitans
486 1312 551 1378 dici
565 1313 661 1389 solet,
683 1332 768 1394 quae
784 1312 905 1378 actioni
922 1313 1051 1395 quidem
1068 1312 1263 1378 simultanee
1279 1311 1496 1395 coniungitur,

233 1418 305 1483 ¹sed
328 1418 363 1483 in
387 1440 459 1484 eam
483 1422 652 1502 tamquam
676 1439 777 1485 causa
800 1439 866 1483 nou
888 1418 1005 1485 influit.
1038 1418 1091 1484 Ita
1114 1419 1142 1483 si
1165 1418 1238 1501 quis
1262 1418 1394 1483 aliunde
1409 1418 1497 1503 posi-

245 1524 317 1590 tivo
333 1524 504 1609 proposito
520 1523 759 1591 determinatus
773 1524 959 1591 interficere
970 1546 1068 1589 ‘suum
1084 1524 1260 1603 inimicum,
1284 1524 1339 1590 ubi
1358 1525 1496 1610 primum

246 1631 340 1697 illum
365 1632 427 1697 sibi
449 1632 581 1698 obvium
605 1631 768 1709 habuerit,
791 1651 869 1696 rnox
892 1652 967 1696 aum
990 1651 1108 1696 revera
1131 1630 1271 1710 occidat,
1295 1631 1353 1697 sed
1376 1636 1498 1715 putans

245 1758 283 1803 eo
309 1742 387 1804 actu
412 1758 448 1803 se
470 1737 619 1803 occidere
638 1737 754 1803 feram.
770 1737 982 1802 -Ceterum
1007 1735 1110 1819 liquet
1133 1736 1219 1802 hunc
1242 1736 1411 1803 divisionis
1427 1758 1496 1803 mo-

246 1844 325 1909 dum
338 1866 412 1909 cum
424 1844 573 1928 proxime
588 1843 807 1928 praecedente
822 1844 927 1929 qnoud
942 1864 1008 1908 rcnn
1025 1864 1067 1908 ex
1083 1846 1178 1926 parte
1195 1862 1385 1925 congruere.
1410 1842 1496 1909 Nam

244 1948 445 2032 ignorantia,
468 1972 532 2033 quo
550 1950 730 2035 perfectius
749 1950 849 2015 fuerit
867 1949 1076 2027 antecedens,
1097 1970 1136 2015 eo
1155 1948 1261 2033 magis
1284 1951 1500 2030 inuincibilis;

246 2076 309 2138 quo
331 2057 439 2139 magis
459 2063 570 2124 autem
591 2076 803 2139 consequeus,
826 2076 865 2121 eo
885 2056 985 2121 etiam
1002 2057 1181 2122 vincibilior
1196 2076 1268 2121 esse
1283 2054 1495 2139 intellegitur.

338 2162 442 2229 Porro
472 2164 513 2230 de
542 2166 747 2249 innocentiae
774 2163 901 2247 influxu
931 2166 967 2227 in
990 2164 1206 2228 volontarium
1230 2170 1258 2227 ct
1280 2161 1413 2227 libnnm
1437 2183 1496 2246 pro

246 2269 366 2351 regula
389 2270 549 2337 statuitur

244 2423 307 2495 117.
399 2416 555 2499 Thonis
582 2416 661 2500 XI.
691 2441 784 2523 ouon
804 2442 845 2502 ne
865 2459 908 2504 ax
929 2440 1128 2521 spernus
1148 2440 1351 2518 invincibili,
1373 2456 1436 2503 neo
1456 2439 1495 2500 n·

246 2536 368 2598 berum
393 2554 457 2600 nee
476 2538 709 2603 voluntnriun
731 2542 784 2601 est
805 2537 993 2600 seeundum
1013 2538 1047 2599 id
1069 2537 1164 2615 quod·
1178 2538 1378 2619 ignoratur;
1407 2536 1496 2615 quod

245 2638 361 2695 autern
383 2652 427 2697 ex
445 2636 646 2715 ignorantia
664 2635 833 2713 vincibili,
854 2638 908 2697 est
922 2634 1154 2700 voluntarium
1169 2638 1203 2697 et
1216 2634 1358 2696 liberum
1375 2633 1496 2695 saltem

243 2730 425 2794 indirecte.
814 2746 818 2760 ¹

335 2844 498 2919 Probatur
517 2866 595 2939 pare
618 2846 643 2917 I.
687 2849 779 2927 Quod
801 2852 840 2917 iit
863 2870 906 2917 ex
929 2850 1117 2934 ignorantia
1139 2852 1316 2917 invincibili
1340 2870 1405 2933 qua
1427 2851 1495 2917 tale

246 2955 381 3021 omnino
404 2975 468 3019 non
491 2954 641 3039 procedit
663 2977 684 3021 a
706 2958 880 3023 voluntate
904 2978 977 3022 curn
1002 2956 1188 3039 cognitione
1211 2956 1284 3021 finis
1303 2977 1360 3021 seu
1376 2956 1494 3023 obiecti

245 3061 450 3138 tententiae,
474 3061 637 3140 obstante,
660 3066 699 3129 ut
721 3062 925 3147 supponitur,
948 3062 1065 3128 morali
1088 3060 1360 3147 impossibilitate.
1396 3066 1497 3150 Atqui

245 3168 375 3233 nullum
399 3170 451 3233 est
466 3168 663 3235 elementum
680 3172 714 3235 et
729 3169 907 3236 voluntarii
923 3174 959 3235 et
973 3168 1066 3234 liberi
1083 3169 1190 3251 magis
1205 3168 1381 3235 essentiale
1398 3190 1495 3251 quam

246 3273 394 3355 cognitio
417 3274 501 3340 finis.
543 3276 630 3361 Erpo
654 3280 748 3341 actus
772 3279 933 3358 quatenus
957 3296 1000 3341 ex
1024 3274 1203 3341 invincibili
1225 3274 1414 3357 ignorantia
1436 3296 1495 3359 po-

245 3380 346 3457 nitur,
370 3400 432 3445 nec
455 3380 538 3446 liber
560 3402 621 3446 nec
643 3382 850 3448 voluntarius
872 3402 946 3448 esse
968 3384 1090 3466 potest.

335 3494 467 3561 Dicitur
496 3499 606 3561 autem
640 3497 837 3575 ,secundum
863 3496 898 3562 id
922 3496 1007 3579 quod
1031 3498 1235 3581 ignoratur“,
1267 3496 1343 3579 quis
1365 3496 1412 3560 nil
1434 3495 1495 3561 im·

246 3601 350 3683 pedit,
375 3602 547 3683 quominus
569 3602 654 3669 idem
680 3606 775 3669 actus
798 3603 976 3669 secundum
1000 3604 1098 3669 aliam
1117 3604 1276 3669 rationem
1294 3604 1367 3669 linis
1383 3604 1496 3687 agenti

245 3728 310 3773 non
335 3708 485 3790 ignotam
510 3709 554 3775 sit
578 3713 613 3775 et
635 3709 841 3775 voluntarius
863 3714 898 3775 et
921 3710 1013 3776 liber.
1045 3710 1148 3775 lmrno
1171 3709 1205 3775 in
1229 3710 1315 3775 omui
1339 3714 1414 3775 actu
1437 3712 1495 3776 bn·

247 3836 354 3897 mono,
386 3815 441 3897 qui
471 3835 514 3879 ex
535 3815 724 3899 ignorantia
753 3816 895 3900 ponitur,
927 3816 959 3881 id
990 3818 1050 3882 liat
1072 3836 1206 3882 necesse
1229 3819 1290 3893 est,
1321 3817 1397 3900 quia
1426 3817 1496 3883 sine

248 3921 314 3986 ulla
339 3920 526 4004 cognitione
548 3922 622 3988 finis
646 3926 740 3989 actus
764 3944 842 3989 vore
864 3922 1026 3988 humanus
1049 3922 1178 4007 prodire
1201 3922 1323 4005 nequit.

336 4066 498 4141 Probatur
518 4086 595 4158 pure
617 4068 658 4141 IL
704 4072 796 4148 Quod
825 4074 863 4137 lit
893 4092 935 4137 ex
957 4070 1145 4153 ignorantia
1168 4074 1319 4156 vincibili,
1348 4074 1495 4156 procedit

248 4200 267 4245 a
296 4198 401 4245 causa
429 4176 538 4259 aliquo
569 4178 665 4243 modo
694 4177 883 4244 voluntaria
913 4181 949 4244 et
970 4178 1074 4243 libere
1097 4176 1249 4245 admissa.
1296 4178 1497 4263 Supponitur

249 4286 334 4351 eninr
358 4284 402 4363 id,
427 4283 513 4366 quod
536 4283 578 4348 ab
601 4288 723 4367 agente
745 4284 799 4350 hic
822 4290 857 4351 et
878 4304 964 4349 nunc
988 4283 1110 4350 actuali
1133 4283 1263 4365 quidem
1278 4284 1416 4351 scientia
1431 4308 1495 4352 non

249 4392 301 4456 vel
323 4412 392 4457 non
414 4388 497 4457 eatis
519 4389 737 4471 cognoscitur,
759 4394 899 4476 petuisse
920 4393 1033 4455 tamen
1054 4410 1094 4455 ac
1111 4390 1255 4455 debuisse
1270 4390 1432 4473 cognosci,
1457 4415 1496 4459 eo

250 4498 335 4579 quod
364 4496 400 4561 in
429 4516 530 4561 causa
559 4498 695 4562 effectus
718 4496 784 4561 iam
808 4496 1017 4579 aliquatenus
1040 4496 1157 4562 saltem
1180 4495 1214 4560 in
1238 4496 1373 4563 confuso
1396 4500 1497 4568 fuerit

248 4604 431 4687 praevisus.
464 4605 552 4691 Erpo
566 4605 647 4671 illud
663 4606 772 4688 aliquo
795 4606 892 4671 modo
916 4611 968 4673 est
991 4604 1212 4671 voluntarium
1237 4608 1271 4671 et
1294 4603 1429 4669 liberum
1447 4609 1496 4673 in·

252 4712 368 4776 directe
396 4730 451 4775 een
481 4714 516 4777 in
548 4734 658 4797 cansa,
689 4716 723 4779 et
753 4712 883 4795 quidem
906 4712 961 4777 vel
984 4711 1090 4793 magis
1114 4711 1166 4775 vel
1190 4711 1295 4776 minus
1318 4711 1495 4777 secundum

251 4816 389 4897 gradum
410 4816 641 4900 neglegentiae
656 4818 690 4883 in
706 4817 898 4883 adhibendis
914 4816 1039 4895 mediis,
1063 4816 1178 4899 quibus
1194 4816 1381 4899 ignorantia
1396 4816 1496 4883 vitari

252 4924 303 4988 vel
334 4922 453 5007 deponi
482 4926 615 5008 poterat
645 4928 679 4990 et
709 4924 860 4991 debebat.
907 4924 1033 4989 Idcirco
1063 4926 1166 5001 actua,
1199 4924 1252 5007 qui
1276 4924 1314 4989 fit
1337 4944 1378 4989 ex
1401 4922 1495 5005 igno-

252 5029 360 5095 rantia
383 5030 551 5109 affectata,
575 5052 635 5115 per
658 5052 694 5097 se
717 5052 738 5097 a
761 5031 886 5097 directe
908 5030 1012 5095 libero
1036 5028 1080 5095 nil
1105 5030 1222 5097 differt.
