3909 5842
532 694 671 749 Asseritur
690 694 753 748 finis
771 694 888 747 hominis
905 694 1019 747 ultimus
1038 692 1066 747 in
1086 692 1229 747 communi.
1463 694 1504 759 37

251 872 385 938 nonnisi
410 872 623 953 subiectieam,
648 870 711 937 etsi
735 870 954 946 essentialem,
978 868 1215 953 proprietatem
1232 868 1377 934 denotat.
1418 868 1507 933 Finis

251 983 368 1044 autem
384 982 535 1053 naturae,
559 977 599 1041 de
615 996 679 1058 quo
695 977 746 1042 hio
763 976 960 1058 quaerimus,
985 976 1006 1043 i.
1023 997 1051 1041 e.
1070 976 1245 1041 destinatio
1262 974 1387 1051 ultima,
1409 995 1506 1057 quam

252 1088 354 1150 homo
376 1106 397 1149 a
412 1088 561 1149 creatore
584 1084 645 1149 sibi
669 1083 874 1165 assignatam
894 1088 929 1149 et
943 1081 1121 1148 secundum
1141 1086 1280 1148 naturae
1296 1082 1506 1147 directionem

252 1190 482 1274 complendam
507 1190 638 1268 habeat,
663 1210 722 1273 per
744 1210 781 1254 se
802 1189 845 1254 ad
860 1188 1006 1253 ordinem
1031 1209 1138 1253 rerum
1156 1190 1337 1255 abiectiorem
1353 1188 1505 1273 pertinet.

253 1298 366 1373 Quare
389 1296 550 1362 obiectum
575 1296 712 1361 formale
734 1294 822 1359 illius
845 1294 1007 1361 naturalis
1030 1294 1259 1373 inclinationis,
1284 1294 1368 1376 quod
1393 1315 1451 1378 per
1471 1314 1507 1359 se

253 1403 334 1468 nihil
361 1402 451 1468 aliud
474 1406 526 1469 est
548 1424 645 1485 quam
668 1402 829 1468 terminus
848 1403 966 1466 idealis
988 1422 1046 1466 seu
1066 1400 1290 1467 intentionalis
1306 1400 1507 1467 subiectivae

253 1508 458 1584 tendentiae,
482 1528 502 1572 a
524 1528 584 1573 suo
607 1512 766 1592 conceptu
790 1508 932 1573 nondum
957 1507 1038 1573 dicit
1059 1508 1165 1591 ipsum
1189 1511 1329 1573 naturae
1343 1508 1440 1571 finem
1457 1508 1507 1573 ob·

256 1617 365 1681 iectiae
387 1617 514 1693 reatern,
539 1614 606 1687 sed,
631 1614 756 1679 utiam
780 1634 881 1697 supra
896 1613 968 1695 (51)
984 1617 1214 1697 praenotatum
1239 1619 1299 1691 ast,
1324 1613 1507 1697 proximum

255 1725 389 1787 tantum
412 1720 619 1786 dialecticum
643 1721 781 1802 gradum
806 1721 1005 1805 suppeditat,
1030 1741 1129 1803 aquo
1146 1721 1188 1786 ad
1204 1720 1293 1786 illam
1312 1719 1434 1785 realem
1451 1719 1508 1783 ob·

255 1825 476 1892 iectivitatem
506 1826 735 1892 affirmandam
766 1830 839 1893 tuto
862 1848 962 1911 passu
986 1827 1238 1894 transscendere
1260 1826 1369 1893 liceat.
1417 1823 1508 1902 Quod

256 1932 320 1997 etsi
343 1932 511 1999 mediante
534 1932 673 2017 simplici
689 1932 895 1999 conclusione
918 1934 983 1999 iam
1007 1935 1077 2001 fieri
1101 1932 1214 2018 possit,
1240 1937 1426 1999 esttamen
1449 1953 1508 2015 pro

256 2038 304 2103 rei
327 2038 498 2121 gravitate
521 2038 678 2123 explicite
700 2039 944 2123 proponendum
962 2044 1063 2122 atque
1079 2060 1117 2105 eo
1134 2040 1240 2122 magis
1256 2038 1356 2105 certis
1371 2037 1508 2104 rationi·

257 2146 318 2211 bus
340 2146 554 2215 firmandum.
586 2144 673 2227 quod
696 2166 760 2210 non
785 2145 894 2212 desint
916 2145 997 2211 varii
1022 2166 1169 2211 errorum
1193 2126 1322 2223 fontes,
1350 2166 1367 2209 e
1392 2144 1509 2227 quibus

258 2256 377 2318 contra
399 2252 461 2317 hoc
483 2250 729 2318 fundamentale
753 2252 921 2318 doctrinae
943 2257 1044 2337 caput
1067 2254 1127 2318 sub
1147 2252 1286 2335 quadam
1310 2251 1419 2336 specie
1437 2250 1508 2316 veri

259 2359 358 2423 dubia
388 2357 513 2423 moveri
536 2362 660 2440 queant
685 2378 725 2423 ao
747 2379 865 2424 revera
887 2364 1093 2427 moveantur.
1140 2360 1185 2425 Et
1207 2358 1355 2443 proxime
1379 2357 1508 2440 quidem

260 2466 299 2529 de
326 2467 394 2530 fine
420 2464 559 2529 hominis
587 2464 638 2541 ,in
662 2464 841 2529 communi“
869 2470 960 2531 certo
985 2470 1136 2533 constare
1160 2466 1274 2543 debet,
1305 2464 1325 2532 i.
1350 2486 1378 2530 e.
1403 2463 1509 2529 scien-

261 2569 353 2647 dum,
379 2573 489 2635 utrum
514 2570 644 2635 omnino
668 2571 829 2635 beatitudo
852 2574 952 2655 reatis
973 2576 1143 2654 tamquam
1166 2570 1347 2637 obiectivus
1370 2574 1509 2636 naturae

260 2676 332 2741 finis
361 2674 394 2741 ei
423 2681 625 2760 proponatur
647 2712 692 2720 -
715 2676 836 2742 omissa
865 2676 996 2743 interim
1028 2678 1220 2759 quaestione
1248 2678 1288 2743 de
1316 2674 1508 2761 particulari

262 2783 329 2848 eius
353 2783 492 2860 obiecta,
516 2786 552 2847 et
575 2782 615 2847 de
637 2783 744 2862 modo,
769 2804 832 2865 quo
856 2782 1037 2849 subiectum
1061 2783 1094 2848 in
1119 2805 1157 2849 eo
1182 2784 1305 2851 beetur.

264 2927 310 2999 tt
404 2919 561 3002 Thasie
591 2919 638 3001 V.
680 2942 776 3027 binis
803 2944 950 3007 hominis
978 2946 1118 3007 ultimus
1147 2944 1316 3008 naturalis
1343 2945 1381 3006 ln
1402 2942 1508 3005 beati·

263 3038 379 3103 tudine
399 3039 540 3102 realiter
562 3040 803 3117 consequenda
823 3042 995 3104 consistlt.

347 3157 508 3229 Probatur
530 3154 566 3229 I'.
611 3160 665 3225 Ex
695 3168 807 3226 mutua
835 3164 1042 3227 correlatione
1074 3164 1156 3227 iuter
1182 3170 1334 3227 naturam
1362 3171 1389 3228 et
1414 3162 1508 3246 finem

266 3274 413 3332 erraturae.

349 3371 573 3454 Cosmologice
585 3376 713 3438 certum
725 3377 777 3438 est
789 3394 884 3438 omne
897 3394 955 3438 ens
968 3378 1125 3452 creatum,
1142 3374 1277 3457 proinde
1290 3378 1324 3440 et
1335 3374 1507 3453 hominem,

265 3476 303 3540 ad
326 3477 467 3559 aliquem
492 3477 621 3543 demum
644 3480 742 3544 linem
764 3479 950 3545 naturalem
973 3480 1123 3545 ultimum
1141 3502 1161 3545 a
1177 3485 1325 3547 creatore
1341 3481 1508 3557 destinari,

266 3587 297 3647 et
307 3582 392 3649 hunc
404 3585 500 3649 finem
513 3584 675 3651 obiective
689 3586 973 3670 proportionatum
991 3608 1063 3654 esse
1079 3593 1227 3655 naturae.
1255 3592 1355 3676 Atqui
1370 3594 1509 3655 naturae

264 3688 432 3768 humanae,
456 3712 540 3774 quae
563 3714 622 3776 pro
646 3692 830 3759 subiectivo
853 3716 913 3759 suo
936 3696 1027 3760 finali
1050 3701 1201 3779 respectu
1221 3697 1429 3763 considerata
1451 3716 1510 3779 per

266 3794 365 3878 ipsum
388 3801 572 3865 amurcam
595 3803 768 3885 appetitum
792 3800 1002 3869 beatitudinis
1024 3802 1194 3868 verissime
1218 3801 1412 3885 exprimitur
1427 3799 1508 3883 (51),

267 3899 431 3969 inordina
454 3904 617 3971 obiectivo
640 3906 814 3973 manifeste
836 3908 916 3973 nihil
940 3908 1028 3974 aliud
1053 3908 1320 3993 proportionetur
1335 3907 1395 3973 nisi
1413 3908 1508 3973 beati·

268 4008 336 4073 tuda
357 4014 492 4076 realiter
513 4014 741 4097 emrsequeuda.
788 4014 952 4099 Erpa...

349 4148 509 4220 Probatur
531 4148 584 4223 11⁰.
631 4154 684 4218 Ea
707 4154 827 4219 diuinis
845 4154 1106 4238 perfectionibus.

350 4256 457 4322 Homo
480 4256 523 4323 ad
549 4258 785 4326 beatitudinem
813 4264 959 4325 naturali
989 4264 1144 4345 appetitu,
1175 4280 1240 4325 non
1264 4260 1368 4325 solum
1393 4263 1509 4343 poten-

269 4359 342 4439 tiali,
365 4364 425 4428 sed
448 4364 549 4430 etiam
572 4366 695 4433 actuali
718 4371 753 4433 et
774 4365 936 4433 habituali
957 4366 1083 4433 invicta
1098 4366 1296 4433 necessitate
1312 4354 1509 4432 sollicitatur

271 4464 390 4540 (Thasie
405 4467 476 4552 IV).
507 4473 607 4557 Atqui
629 4492 672 4536 ex
694 4472 756 4537 hoc
779 4476 904 4538 certum
928 4472 1138 4556 cognoscitur
1154 4472 1312 4538 creatoris
1329 4471 1508 4552 consillum,

272 4591 327 4651 quo
354 4575 446 4641 illum
479 4576 520 4641 ad
551 4576 788 4642 beatitudinem
821 4578 997 4660 aliquando
1028 4600 1146 4645 revera
1177 4578 1420 4663 adipiscendam
1453 4579 1509 4643 de·

274 4677 449 4747 stinaverit.

349 4796 464 4864 Prob.
493 4798 633 4866 minor.
682 4798 858 4883 Repugnat
887 4822 968 4867 sans
996 4802 1115 4868 divinis
1138 4802 1407 4886 perfectionibus,
1439 4802 1507 4867 for·

275 4900 380 4968 malem
403 4904 493 4969 illam
516 4910 656 4972 naturae
672 4906 845 4973 rationalis
867 4907 1113 4974 inclinationem
1130 4930 1169 4974 ac
1185 4908 1381 4974 desiderium
1398 4930 1509 4975 essen·

275 5002 343 5071 tiele
372 5015 406 5076 et
438 5008 625 5078 invincibile
657 5033 717 5096 per
748 5014 851 5077 Deum
885 5014 1008 5096 absque
1040 5014 1178 5079 hominis
1210 5016 1305 5099 culpa
1337 5034 1396 5079 suo
1427 5014 1508 5080 reali
