3909 5842
341 653 344 657 Δ
442 679 506 744 102
663 675 753 731 seno
772 676 792 731 1.
830 675 910 731 nnn
927 677 949 732 r.
986 676 1141 749 capulus
1178 678 1319 734 amenus
1337 680 1363 735 s.
1401 680 1464 748 eo.

439 856 540 931 metu,
570 855 619 932 fit,
650 873 711 938 pro
738 852 801 919 heo
823 853 898 939 ipss
918 854 1095 939 hypothesi
1118 853 1276 921 eiusmodi
1300 859 1363 935 est,
1394 856 1482 939 quod
1505 876 1550 922 ex
1572 858 1673 923 volun·

438 957 520 1025 tetis
542 958 754 1027 inclinatione
776 980 982 1044 nequaquam
1006 962 1110 1039 fleret,
1134 960 1198 1027 nisi
1220 960 1390 1029 videretur
1407 963 1627 1031 necessarium
1640 964 1674 1030 sd

439 1064 611 1133 vitandum
634 1068 766 1147 malum,
797 1068 884 1151 quod
907 1067 1061 1149 timetur;
1091 1068 1228 1152 proinde
1257 1073 1310 1135 est
1333 1069 1391 1135 sub
1415 1074 1525 1157 aliquo
1548 1082 1675 1159 resperso

438 1174 701 1257 involuntarium,
722 1194 792 1253 seu,
815 1180 853 1242 ut
874 1174 989 1241 schola
1010 1173 1167 1256 loquitur,
1196 1176 1390 1253 ,comodum
1412 1176 1524 1262 qnid“,
1549 1178 1571 1244 i.
1593 1200 1621 1245 s.
1634 1180 1675 1244 in·

438 1278 658 1347 voluntarium
674 1286 774 1365 prout
789 1280 1017 1348 consideratur
1039 1281 1219 1349 secundum
1241 1302 1278 1349 se
1302 1286 1337 1349 st
1360 1286 1457 1349 extra
1472 1282 1562 1349 hunc
1576 1304 1676 1351 casnm

438 1384 603 1452 voluntati
626 1387 841 1471 propositum.

527 1491 710 1561 Assertio
725 1496 756 1562 2.
781 1494 888 1560 Motus
903 1497 998 1561 etism
1012 1498 1122 1581 procis
1136 1516 1196 1581 per
1210 1516 1243 1561 so
1255 1496 1471 1561 voluntarium
1483 1498 1589 1580 ipsius
1601 1504 1678 1563 adso

438 1600 620 1665 nudemus
631 1604 757 1668 missit.
779 1600 813 1668 Si
823 1600 934 1683 aliqua
946 1604 1094 1684 exparte
1107 1604 1214 1667 metus
1223 1600 1444 1667 voluntarium
1457 1605 1556 1669 actus
1564 1602 1678 1669 minue-

437 1709 499 1782 ret,
516 1705 591 1771 inde
603 1710 701 1785 esset,
718 1707 805 1789 quod
817 1707 927 1790 sliquo
941 1708 1039 1773 modo
1052 1707 1139 1774 forte
1155 1706 1377 1775 contribueret
1389 1707 1430 1772 sd
1443 1707 1514 1774 eius
1526 1709 1680 1775 rationem

442 1811 674 1890 ,involuntarii
695 1813 874 1880 secundum
897 1813 1008 1897 quid“,
1032 1814 1119 1897 quod
1142 1812 1226 1881 elias
1249 1814 1351 1879 etiam
1369 1814 1595 1881 voluntarium
1621 1815 1679 1893 ,di-

437 1917 616 1983 minutum“
636 1919 765 1987 dicitur.
797 1922 897 2006 Atqui
911 1923 1018 1987 totam
1042 1940 1135 1987 suam
1159 1921 1429 2004 qualemcumque
1451 1921 1617 1988 rationem
1638 1922 1680 1987 in·

438 2022 618 2089 voluntarii
647 2028 742 2092 actus
770 2026 827 2092 ille
857 2047 922 2093 noo
945 2049 967 2091 o
989 2034 1073 2092 metu
1103 2026 1290 2112 participat,
1322 2026 1381 2093 sed
1412 2029 1548 2095 aliunde
1578 2026 1679 2105 habet,

436 2128 598 2207 nimirum,
629 2131 715 2212 quod
745 2130 815 2197 eins
845 2131 1007 2199 obiectum
1037 2134 1163 2198 rationo
1192 2134 1245 2199 sni
1275 2135 1327 2199 est
1350 2131 1489 2199 arduum
1512 2136 1548 2199 et
1572 2134 1680 2199 volun·

437 2234 518 2301 tatis
552 2236 755 2302 inclinationi
789 2258 995 2322 repugnans,
1031 2240 1090 2303 aut
1124 2238 1243 2305 saltem
1275 2238 1468 2323 particulari
1500 2239 1680 2325 appetibili-

436 2344 509 2408 tste
535 2364 594 2427 pro
617 2342 790 2409 voluntate
818 2362 946 2419 carens,
977 2346 1015 2409 ut
1044 2347 1139 2427 patet
1166 2344 1199 2409 in
1229 2345 1380 2429 exemplo
1407 2346 1511 2413 allato
1535 2346 1579 2413 de
1601 2365 1679 2411 mer

437 2451 566 2527 catere,
599 2449 654 2532 qui
681 2450 802 2516 timens
828 2448 1039 2534 naufragium
1070 2449 1242 2516 imminens
1274 2451 1531 2535 pretiosissimas
1560 2472 1680 2517 merces

436 2553 470 2619 in
499 2576 591 2621 mare
620 2554 798 2639 profundit.
827 2590 871 2601 -
897 2557 986 2641 Erpo
1015 2559 1123 2623 metus
1153 2576 1212 2641 per
1241 2578 1277 2624 se
1304 2557 1396 2625 nulla
1417 2558 1547 2625 ratione
1572 2558 1680 2624 volun·

434 2660 556 2725 tarium
580 2662 706 2729 minuit.
731 2697 733 2702 ·

525 2766 706 2834 Assertio
719 2772 749 2835 3.
770 2770 952 2855 Metooipse
964 2778 1077 2835 conset
1088 2774 1123 2835 in
1134 2777 1205 2835 notu
1219 2773 1454 2853 ,colomarium
1465 2770 1679 2857 simpliciter&

437 2875 459 2938 i.
478 2896 501 2939 e.
519 2876 678 2960 quidquid
695 2878 912 2942 dvoluntarii
926 2878 1017 2943 inest.
1053 2876 1302 2953 ,Voluntarium
1324 2877 1534 2960 simpliciterl‘
1563 2875 1680 2960 aliquid

438 2980 499 3055 est,
530 2984 692 3062 quatenus
715 2981 757 3047 de
779 2981 869 3047 facto
893 2985 927 3047 et
950 2981 1126 3047 actualiter
1148 2984 1326 3049 secundum
1348 2982 1398 3049 rei
1420 2984 1679 3067 cognitionema

437 3083 609 3152 voluntate
632 3088 790 3171 procedit.
831 3088 1111 3171 ,Unumquodque
1134 3090 1220 3155 enim
1244 3090 1436 3175 simpliciter
1459 3111 1532 3156 esse
1556 3090 1679 3165 dicitnr,

438 3192 616 3257 secundum
633 3194 719 3276 quod
735 3198 787 3260 est
809 3195 844 3260 in
863 3197 995 3261 actu.“1
1025 3196 1071 3261 Et
1085 3194 1170 3261 hanc
1186 3194 1314 3277 quidem
1331 3197 1492 3262 rationem
1508 3194 1681 3262 voluntarii

438 3299 524 3363 omni
548 3300 646 3379 actui,
671 3300 726 3383 qui
749 3324 788 3366 ee·
810 3310 893 3367 oreta
914 3302 960 3386 fit,
986 3300 1160 3367 convenire
1183 3301 1394 3367 manifestum
1409 3304 1477 3380 sst3
1501 3324 1564 3369 nee
1580 3302 1680 3368 minus

437 3407 531 3488 patet
561 3426 634 3471 eam
659 3409 760 3473 solum
784 3408 814 3473 ei
845 3406 1030 3485 convenire,
1063 3406 1140 3491 quia
1166 3409 1361 3486 ,secundum
1385 3406 1495 3492 quid‘,
1526 3408 1548 3479 i.
1573 3430 1603 3477 e.
1626 3406 1680 3473 sub

437 3510 525 3576 omni
546 3512 611 3578 elio
635 3515 798 3597 respectu,
822 3516 916 3579 sotus
935 3514 988 3578 est
1003 3512 1253 3581 involuntarius.
1285 3518 1384 3600 Atqui
1406 3518 1444 3579 ut
1467 3514 1623 3581 voluntas
1644 3514 1680 3579 de

436 3614 526 3683 facto
556 3639 593 3683 se
622 3619 664 3684 ad
694 3618 788 3684 illum
811 3618 1019 3699 determinet,
1051 3622 1149 3685 unica
1179 3623 1263 3685 ratio
1294 3622 1455 3706 impellens
1482 3624 1592 3687 metus
1623 3622 1678 3685 est.

436 3722 524 3808 Erpo
546 3727 654 3790 metus
676 3744 805 3804 revers,
829 3724 984 3808 quidquid
1008 3725 1041 3790 in
1066 3746 1104 3790 eo
1126 3729 1177 3791 est
1193 3726 1380 3805 voluntarii,
1405 3726 1532 3791 seilicet
1551 3726 1679 3807 ,volun-

436 3830 557 3896 tarium
581 3832 804 3919 simplicitsr“,
829 3853 966 3899 causare
991 3832 1146 3898 dicendus
1170 3836 1230 3901 est.

525 3970 685 4045 Probatur
695 3989 774 4063 pers
785 3970 828 4043 ll.
861 3973 1042 4041 Assertio
1059 3978 1086 4040 1.
1113 3975 1216 4040 Metus
1231 3996 1290 4061 per
1305 3996 1339 4041 se
1353 3995 1418 4041 non
1434 3974 1513 4039 tollit
1528 3977 1678 4039 rationem-

437 4077 540 4145 lr‘deri.
572 4077 724 4162 Namque
749 4085 904 4147 manente
920 4080 1051 4163 integro
1067 4080 1205 4147 rationis
1224 4102 1295 4159 usu,
1318 4080 1425 4163 ipsum
1444 4078 1677 4158 ,voluntarium

437 4183 660 4267 simpliciter“‚
683 4187 771 4269 quod
793 4187 828 4253 in
850 4190 927 4253 actu
951 4187 1100 4265 habetur,
1125 4187 1255 4271 scipso
1278 4186 1363 4269 quod
1386 4186 1569 4253 admixtum
1584 4186 1678 4253 habet

530 4387 581 4441 ¹8.
598 4387 691 4440 wem.
706 4388 728 4451 1,
742 4387 767 4452 2,
781 4405 807 4456 q.
821 4388 845 4450 6,
865 4404 889 4440 a.
903 4384 1091 4450 e-Quoosi
1104 4384 1131 4439 S.
1145 4385 1264 4441 Thomas
1276 4385 1301 4445 2.
1315 4386 1340 4451 2,
1354 4403 1380 4455 q.
1396 4386 1455 4449 142,
1469 4384 1555 4439 sei.
1568 4402 1591 4439 c.
1604 4382 1678 4439 dicit:

440 4471 504 4539 ,lla
515 4490 585 4541 quse
592 4490 641 4543 per
649 4475 773 4528 timorem
781 4474 865 4528 fiunt.
875 4514 881 4527 .
890 4514 896 4527 .
906 4490 960 4527 non
969 4478 1034 4527 sunt
1043 4470 1203 4543 simpliciter
1210 4472 1371 4539 voluntaris,
1381 4473 1428 4527 sod
1438 4473 1552 4538 mixts“,
1562 4471 1676 4543 idipsum

436 4561 533 4625 innuit,
549 4560 695 4631 quodcum
711 4562 805 4617 schola
818 4560 1032 4616 involuntarium
1044 4562 1192 4615 secundum
1205 4562 1269 4632 quid
1281 4560 1489 4633 appellavimus.
1508 4560 1601 4615 Primo
1612 4559 1676 4614 enim

437 4650 491 4705 sit:
519 4648 637 4716 ,hebent
661 4649 823 4721 principium
841 4648 882 4705 'ab
908 4650 1037 4705 exteriori
1056 4650 1237 4722 impellente¹¹3
1264 4651 1360 4705 deinde
1386 4648 1490 4719 sllegst
1507 4647 1676 4705 Aristotelem

437 4736 525 4791 Ethio.
539 4738 564 4803 8,
583 4756 607 4792 c.
622 4738 645 4803 1,
663 4738 709 4793 ubi
722 4755 777 4804 css,
796 4756 866 4807 quse
878 4738 1011 4793 melorum
1026 4742 1100 4794 metu
1113 4744 1239 4809 aguntur,
1258 4740 1380 4795 actiones
1392 4738 1495 4793 mixtas
1507 4741 1596 4803 vocat,
1615 4752 1676 4805 quse

436 4830 529 4881 tsmmr
548 4826 595 4892 sis,
614 4843 685 4894 quse
702 4831 799 4897 sponte
818 4832 943 4895 aguntur,
963 4826 1109 4882 similiores
1127 4828 1191 4882 sint.
1223 4826 1542 4892 destinassent,
1563 4828 1587 4891 1,
1608 4824 1675 4880 1110.

436 4932 461 4981 s,
483 4916 528 4970 11:
551 4916 641 4980 μικταὶ
661 4917 711 4981 μὲν
735 4916 781 4969 οὖν
806 4917 868 4971 slsis
894 4917 922 4970 al
946 4912 1068 4971 τοιαῦται
1093 4918 1214 4988 πράξεις,
1240 4919 1341 4972 ἐοίκασι
1366 4918 1398 4971 δὲ
1420 4915 1523 4981 μᾶλλον
1548 4916 1674 4973 ἑκουσίοις.

437 5004 479 5060 cf.
498 5004 582 5058 otiam
602 5006 714 5067 Suorez,
734 5004 774 5057 Dc
792 5003 946 5058 voluntario
965 5004 1034 5075 disp.
1055 5005 1079 5071 3,
1098 5010 1165 5060 sect.
1187 5008 1210 5071 l,
1229 5023 1256 5060 n.
1277 5007 1290 5060 1
1311 5006 1337 5060 2.
