3909 5842
440 578 482 641 58
670 572 759 629 Sestio
778 574 800 629 I.
835 574 917 629 Liber
935 576 955 630 l.
994 575 1083 646 Caput
1100 576 1134 630 II.
1173 576 1311 631 Articulus
1330 577 1355 631 3.
1392 577 1452 645 52.

440 753 586 838 corporis
609 751 910 832 transformatione,
935 772 1020 836 quae
1042 754 1159 838 procul
1182 753 1279 819 dubio
1302 753 1430 819 nonnisi
1450 758 1673 839 supernatura·

439 860 516 926 liter
539 858 671 925 evenire
693 861 814 942 potest,
841 859 1013 926 Suaresius
1030 866 1143 927 censet
1165 860 1247 937 fore,
1272 864 1310 926 ut
1332 860 1443 926 anima
1459 860 1568 943 eligat
1582 862 1675 944 potius

444 985 596 1045 ,manere
618 968 774 1048 separata
797 985 896 1047 qnam
918 965 1026 1031 redire
1050 966 1092 1031 ad
1116 968 1253 1050 eorpus¹¹
1267 968 1288 1033 1.

529 1072 681 1137 Getarum
704 1092 747 1136 ex
762 1073 836 1137 tota
851 1070 914 1137 hae
928 1071 1151 1156 disputatione
1168 1093 1240 1137 enm
1257 1072 1399 1138 irnotnm
1421 1074 1537 1156 colligi
1553 1072 1677 1139 libenter

440 1178 661 1256 admittimus,
684 1180 722 1243 ut
744 1177 942 1243 resurreetio
966 1198 1156 1261 corporum,
1188 1199 1286 1261 quam
1310 1178 1391 1245 tides
1414 1178 1568 1247 futuram
1592 1182 1677 1245 testa-

440 1288 505 1362 tur,
529 1305 596 1349 non
617 1286 721 1350 solum
745 1283 859 1349 lumini
881 1284 1019 1350 rationis
1042 1305 1108 1349 non
1132 1284 1319 1363 adversari,
1343 1284 1401 1351 sed
1425 1285 1455 1350 ei
1478 1285 1594 1369 potina
1617 1306 1679 1351 eon·

440 1392 601 1455 sentanea
623 1410 663 1455 ac
686 1389 798 1455 divina
822 1389 986 1474 sapientia
1009 1390 1109 1473 digna
1132 1410 1205 1455 esse
1229 1411 1294 1455 nou
1310 1390 1448 1456 obscure
1464 1390 1679 1473 intellegatur.

440 1528 488 1599 74.
576 1526 749 1600 bebelium.
791 1540 940 1598 Auctores
960 1538 1146 1611 scholastici,
1176 1538 1225 1599 ubi
1247 1539 1283 1599 de
1303 1540 1488 1599 beatitudine
1513 1546 1626 1615 agunt,
1645 1560 1681 1598 so

440 1635 505 1694 lent
524 1654 639 1711 quoqne
659 1636 691 1694 in
711 1636 775 1695 eius
797 1641 966 1713 canentiam,
993 1640 1155 1697 necessaria
1175 1638 1333 1713 atributa,
1352 1640 1513 1697 arridentia
1536 1638 1682 1713 inquirere.

440 1732 552 1791 Verum
572 1738 636 1792 tota
649 1734 725 1793 haee
739 1734 913 1810 disputatio,
934 1735 1110 1811 praesertim
1126 1740 1272 1811 quatenus
1288 1735 1368 1795 circa
1382 1735 1557 1795 accidentia
1571 1734 1682 1809 (,beati-

439 1828 573 1889 tudinem
601 1831 868 1905 accidentalem“)¹
888 1836 1043 1903 versatur,
1072 1832 1189 1892 ratione
1211 1832 1396 1893 brndamenti
1417 1833 1454 1892 ad
1476 1832 1682 1893 beatitudinem

441 1928 698 2003 supernaturalem
718 1928 814 2004 magia
835 1948 922 2005 quam
944 1930 981 1987 ad
1002 1930 1169 1988 naturalem
1183 1930 1332 2006 pertinere
1346 1929 1472 1990 videtur.
1502 1930 1608 2003 Quare
1621 1932 1682 1989 haee

441 2043 539 2102 panea
558 2024 608 2085 hic
628 2045 682 2101 per
702 2027 908 2103 compendium
929 2032 1053 2087 notasse
1075 2028 1221 2087 sufficiet:

532 2121 615 2192 Quod
636 2124 673 2182 ad
695 2124 908 2185 beatitudinem
929 2126 1094 2186 obiectioom
1108 2126 1227 2197 attinet,
1249 2124 1314 2185 sive
1328 2126 1495 2185 natrualam
1509 2127 1582 2186 sive
1596 2144 1682 2201 super·

442 2220 617 2292 naturalem,
639 2221 734 2281 solnm
748 2224 843 2282 Deum
864 2222 928 2281 eius
949 2222 1110 2281 essentiam
1132 2223 1314 2282 constituere
1329 2242 1367 2281 ex
1381 2222 1469 2283 dictis
1484 2243 1543 2300 per
1557 2242 1592 2282 se
1605 2220 1684 2280 mani·

443 2318 552 2377 festum
573 2323 628 2377 est.

531 2416 579 2475 Ad
599 2416 814 2476 beatitudinem
835 2423 933 2476 antem
956 2417 1151 2477 subiectivem
1174 2417 1386 2493 perficiendam
1399 2418 1501 2494 plures
1523 2422 1614 2477 aetem
1628 2433 1683 2473 oon·

444 2518 576 2585 currunt,
598 2514 648 2590 qui
668 2514 749 2573 cirea
768 2534 859 2574 unum
879 2515 952 2574 illud
974 2516 1136 2575 essentiale
1151 2515 1298 2574 obiectum
1314 2514 1509 2575 diversimode
1524 2518 1683 2574 versantur.

443 2610 677 2685 Distinguuntur
704 2612 782 2671 euim
803 2616 941 2689 repetitio,
968 2632 1068 2687 amor,
1094 2614 1236 2689 pendium
1261 2630 1312 2671 seu
1333 2614 1479 2673 delectatio
1500 2612 1538 2671 ds
1554 2609 1683 2670 fruitione

444 2707 550 2766 summi
576 2709 654 2769 boni.
695 2709 735 2769 Et
760 2710 866 2769 horum
887 2710 1004 2786 quidem
1025 2710 1138 2769 nullum
1160 2713 1222 2781 est,
1251 2708 1328 2786 quod
1350 2710 1445 2769 solum
1467 2706 1684 2769 accidentaliter

445 2809 497 2863 aut
517 2824 577 2864 non
597 2807 769 2867 necessario
791 2808 868 2879 (sive
890 2813 923 2867 ut
944 2808 1077 2868 essentia
1098 2808 1162 2867 sive
1177 2813 1210 2867 ut
1224 2808 1412 2881 attributum)
1427 2808 1465 2866 ad
1479 2803 1684 2866 beatitudinem

444 2902 600 2978 pertineat.
629 2904 738 2975 Quaeri
758 2905 850 2981 igitur
864 2911 972 2982 potest,
995 2906 1142 2983 quodnam
1158 2924 1256 2966 eorum
1271 2924 1344 2982 pree
1359 2904 1468 2964 esteris
1481 2903 1582 2981 ipsam
1596 2918 1682 2961 essen·

444 2999 518 3059 tiam
537 3002 731 3061 beatitudinis
752 3003 936 3062 subiectirae
958 3004 1098 3063 exhibere
1120 3002 1300 3063 censendum
1320 3002 1381 3062 sit?
1421 3002 1526 3071 Porro,
1549 2997 1683 3075 siquidem

443 3097 518 3157 haee
539 3100 671 3159 essentia
690 3101 749 3178 ipsi
762 3102 920 3179 conceptui
934 3102 1140 3179 metaphysioo
1154 3100 1349 3161 beatitudinis
1363 3099 1535 3177 respondet,
1558 3092 1683 3175 quaestio

445 3195 483 3253 ad
509 3196 588 3255 hanc
614 3196 730 3256 demum
757 3198 923 3257 reducitur:
953 3197 1095 3268 Quisnam
1116 3200 1165 3257 vel
1193 3198 1312 3275 quinam
1334 3216 1372 3256 ex
1393 3196 1454 3256 illis
1475 3196 1598 3255 actibus
1619 3190 1683 3251 aius·

443 3292 523 3351 modi
544 3294 613 3366 sint,
635 3294 686 3370 qni
699 3316 757 3373 per
776 3315 806 3355 sc
825 3297 995 3372 simplic-iter
1014 3300 1207 3374 requirantur
1227 3305 1252 3355 et
1272 3296 1420 3370 sufficient
1434 3293 1472 3353 ad
1486 3293 1615 3353 relative
1628 3306 1681 3366 per·

444 3390 554 3449 foetam
575 3391 813 3451 coniunctionem
833 3391 960 3451 subiecti
982 3412 1048 3451 cunr
1069 3392 1133 3452 Deo
1156 3392 1351 3452 efficiendam.

535 3486 600 3556 Qua
631 3488 667 3547 de
698 3508 731 3547 re
763 3489 852 3548 facile
879 3490 1011 3567 plerique
1040 3490 1222 3550 conveniunt
1250 3492 1460 3550 delectationem
1488 3488 1524 3547 da
1553 3484 1682 3547 insitione

443 3584 530 3658 boni,
558 3586 664 3662 quippe
693 3606 768 3663 quae
790 3587 1027 3647 coniunctionem
1048 3588 1129 3647 illam
1150 3607 1210 3647 non
1233 3588 1413 3656 constituat,
1443 3585 1496 3645 sed
1516 3580 1684 3643 naturaliter

446 3688 658 3758 consequetur,
688 3686 725 3744 ad
752 3685 965 3744 beatitudinem
993 3685 1113 3745 nonnisi
1141 3704 1194 3762 per
1222 3685 1338 3744 modum
1367 3685 1502 3744 attributi
1529 3672 1682 3741 necessarii

445 3779 604 3855 pertinere.
631 3781 736 3858 Itaque
758 3782 838 3841 eirea
859 3782 939 3841 solos
960 3782 1023 3841 fere
1045 3788 1131 3841 actus
1153 3780 1333 3857 cognitionis
1355 3785 1386 3840 et
1407 3779 1517 3839 amoris
1539 3776 1681 3837 fundatum

447 3874 565 3952 aliquod
593 3876 711 3938 dubium
732 3878 848 3938 versari
875 3883 983 3956 potest.
1025 3878 1064 3937 nt
1084 3898 1155 3937 vero
1180 3898 1233 3954 pro
1255 3876 1409 3953 utriusque
1429 3880 1515 3934 actus
1536 3887 1682 3952 praeroga·

446 3973 510 4033 tiva
529 3974 608 4035 inter
623 3976 825 4037 Scholasticos
846 3976 989 4052 gravibus
1009 3976 1147 4052 utrinque
1168 3974 1336 4034 rationibus
1358 3974 1542 4033 decertatum
1564 3988 1629 4030 esse
1648 3963 1681 4024 vi·

447 4072 548 4131 dsmus
558 4076 577 4132 ⁸.
620 4071 729 4142 Quodsi
757 4074 873 4150 quidem
900 4073 932 4132 iu
959 4072 1135 4150 particulari
1162 4072 1314 4132 beatitudo
1342 4070 1576 4147 supemwturalis
1602 4060 1681 4140 respi·

447 4169 559 4241 ciatnr,
586 4172 691 4231 merito
714 4192 779 4231 eum
801 4172 830 4231 S.
857 4172 965 4231 limma
987 4170 1193 4229 affirmandum
1214 4170 1350 4239 videtur,
1372 4166 1454 4227 illam
1475 4164 1639 4225 formaliter
1656 4162 1681 4217 in

436 4269 505 4357 'eolo
523 4277 590 4327 cetu
610 4272 779 4341 intellectus,
800 4270 819 4328 i.
841 4288 866 4327 e.
886 4268 918 4327 in
939 4268 1021 4327 clara
1042 4266 1098 4327 Dei
1118 4266 1242 4338 visione,
1265 4266 1432 4326 consistere
1442 4270 1460 4323 ⁴.
1502 4262 1680 4321 verumne

540 4471 547 4501 ¹
567 4470 679 4537 Sucrez,
699 4466 847 4521 Commeat.
867 4468 938 4537 inp.
958 4468 974 4521 3
994 4466 1021 4521 S.
1034 4466 1116 4520 theol.
1131 4467 1157 4520 S.
1170 4465 1264 4520 Thom.
1285 4465 1353 4536 disp.
1373 4466 1416 4529 44,
1435 4466 1502 4517 sect.
1523 4462 1548 4525 7,
1567 4460 1584 4527 ἓ
1603 4462 1625 4512 5.
1648 4453 1680 4507 D⁸

448 4556 542 4610 eadem
560 4574 589 4609 re
609 4556 643 4609 ef.
662 4556 689 4610 S.
712 4556 813 4625 Tbom„
832 4554 859 4609 S.
878 4555 960 4609 theol
982 4557 1049 4621 1,*2,
1069 4572 1095 4623 q.
1114 4557 1140 4619 4,
1158 4572 1183 4609 a.
1202 4554 1234 4617 b;
1254 4557 1282 4607 et
1302 4554 1325 4619 l,
1344 4570 1371 4623 q.
1391 4552 1435 4607 89.

538 4643 610 4696 ¹0f.
630 4644 657 4696 S.
681 4644 771 4697 Thera.
791 4661 816 4713 p.
836 4643 853 4697 3
872 4643 1009 4714 Supplem.
1029 4660 1055 4711 q.
1075 4644 1118 4697 95.
1156 4644 1268 4709 suar-ez,
1289 4642 1328 4695 De
1347 4642 1401 4695 fine
1419 4640 1490 4694 bom.
1510 4638 1580 4708 disp.
1602 4636 1638 4691 11.

537 4733 671 4786 ’θωνα
688 4730 707 4785 l.
726 4750 750 4785 c.
769 4732 839 4802 disp.
859 4732 883 4797 7,
903 4736 971 4787 sect.
993 4735 1016 4786 1.
1748 4765 1749 4770 =

537 4824 548 4854 ⁴
568 4823 596 4875 S.
613 4822 714 4889 Thom,
733 4822 760 4875 S.
772 4820 855 4875 theol.
871 4822 894 4887 1,
913 4820 938 4888 2,
958 4838 984 4890 q.
1005 4822 1029 4887 3,
1048 4838 1073 4875 a.
1092 4822 1124 4885 4;
1144 4819 1244 4874 Contra
1258 4818 1361 4874 Gentes
1373 4820 1399 4885 3,
1418 4836 1440 4873 c.
1455 4818 1489 4873 26
1509 4820 1538 4872 et
1557 4816 1621 4871 alibi
1637 4814 1677 4867 be·

449 4914 571 4978 quanter.
608 4910 716 4963 Pariter
734 4909 768 4963 ef.
789 4912 895 4963 Saurea
912 4909 929 4962 l.
949 4928 973 4964 e.
993 4910 1009 4977 ἓ
1028 4910 1098 4977 tsq.
