3909 5842
452 691 514 755 148
682 686 771 741 Sestio
790 686 811 740 I.
850 685 928 741 Liber
944 687 979 741 ll.
1017 686 1106 758 Caput
1124 688 1145 742 1.
1181 687 1322 743 Articulus
1342 689 1365 743 1.
1402 688 1463 757 53.

536 865 733 932 Recentiore
764 867 874 930 aetate
904 863 990 930 idem
1013 863 1208 948 principium
1230 864 1470 930 theonomicum
1495 865 1544 930 uti
1566 864 1697 930 unicum

448 973 627 1040 remedium
657 974 772 1037 contra
800 969 988 1036 universum
1016 970 1316 1049 „antinomismum“
1342 971 1462 1036 iterum
1484 992 1695 1055 propugnan-

449 1081 525 1146 dum
547 1077 692 1161 suscepit
708 1077 765 1143 Dr.
783 1077 826 1144 H.
847 1077 1041 1162 Martensen,
1066 1077 1237 1161 episcopus
1254 1075 1474 1159 (lutheranus)
1492 1078 1695 1154 Seelandiae‚

447 1189 481 1252 in
511 1206 609 1270 opere
638 1182 1066 1268 philosophico-theologico
1093 1183 1231 1262 „Ethica
1260 1183 1471 1252 christiana‘.
1523 1183 1695 1266 Quousque

447 1296 558 1359 autem
588 1291 658 1356 eius
688 1290 839 1375 opinione
868 1289 921 1356 hic
955 1290 1241 1369 „antinomismus“
1275 1310 1311 1355 se
1341 1290 1512 1366 extendat,
1543 1291 1598 1356 vel
1621 1291 1694 1356 inde

446 1400 595 1484 apparet,
620 1397 705 1480 quod
729 1399 763 1462 ct
791 1396 1043 1475 „iesuitismum“
1070 1395 1120 1461 illi
1143 1396 1360 1462 adnumerare
1383 1396 1429 1460 nil
1452 1396 1613 1463 dubitetl.

445 1519 510 1592 17³.
598 1519 628 1603 c)
637 1521 688 1586 Ad
697 1521 835 1586 classem
844 1519 1075 1604 principiorum
1083 1519 1540 1603 deontologico·rationalium
1547 1525 1692 1605 praster-

446 1649 486 1694 ea
501 1627 674 1693 referenda
687 1627 840 1692 videntur
856 1627 1017 1709 quaedam
1033 1626 1280 1709 ascriptoribus
1295 1627 1402 1710 anglis
1419 1626 1510 1693 edita
1524 1627 1691 1711 principia

446 1755 539 1819 quae,
557 1733 620 1800 etsi
632 1733 793 1798 communi
807 1733 933 1814 origine
946 1732 1132 1817 empirismc
1144 1733 1261 1799 morali
1273 1737 1350 1816 post
1359 1733 1516 1798 Lochium
1529 1734 1563 1797 in
1573 1735 1692 1817 Anglia

445 1839 626 1908 dominanti
641 1843 793 1922 cognata,
810 1840 852 1906 ab
864 1840 960 1904 huius
976 1843 1087 1905 tamen
1103 1841 1266 1905 communi
1277 1840 1387 1906 indole
1398 1839 1691 1906 eudaemonistieo-

444 1947 557 2014 sociali
581 1966 645 2011 non
668 1945 877 2012 mediocriter
898 1950 1117 2012 recesserunt.
1166 1946 1239 2012 Huc
1261 1947 1415 2013 censendi
1437 1949 1533 2012 sunt:

534 2053 663 2121 Samuel
681 2053 820 2118 Clarlre²
843 2051 1104 2135 (lats-1729),
1129 2053 1296 2118 Newtanii
1319 2060 1354 2120 et
1369 2053 1482 2118 Lockii
1505 2053 1691 2137 discipulus,

445 2160 500 2244 qui
522 2159 679 2225 moralem
703 2159 860 2226 virtutem
883 2158 917 2224 in
940 2179 978 2224 eo
1002 2158 1101 2225 sitam
1124 2179 1197 2224 ease
1217 2159 1365 2237 docebat,
1390 2159 1476 2241 quod
1499 2180 1567 2224 non
1590 2159 1690 2224 solum

445 2267 542 2333 homo
557 2266 637 2350 ipse,
660 2265 717 2330 sed
734 2269 769 2330 et
784 2265 888 2329 amnis
905 2264 970 2331 alia
986 2284 1040 2330 res
1056 2268 1229 2332 seeundum
1245 2268 1412 2351 propriam
1429 2268 1498 2330 eius
1512 2267 1689 2330 naturalem

445 2375 655 2459 aptitudinem
679 2394 717 2438 ac
739 2373 978 2437 destinationem
994 2373 1212 2438 consideretur
1228 2380 1432 2454 attrectetur,
1455 2371 1584 2438 scilieet
1597 2373 1689 2437 homo

443 2484 481 2546 ut
510 2499 651 2563 persona
681 2477 865 2556 rationalis,
897 2477 1018 2543 animal
1049 2483 1087 2544 ut
1116 2498 1175 2544 ens
1205 2479 1276 2544 vita
1305 2477 1465 2544 sensitiva
1494 2478 1687 2562 praeditum,

444 2587 559 2670 planta
588 2589 626 2650 ut
655 2583 852 2667 vegetaliter
882 2584 1008 2650 vivens.
1055 2585 1127 2650 Hoc
1157 2585 1254 2651 modo
1284 2589 1319 2650 et
1342 2585 1404 2650 Dei
1427 2585 1635 2649 voluntatem
1658 2590 1689 2650 et

443 2691 583 2757 hominis
606 2691 726 2755 bonum
750 2689 930 2773 adimpleri.

533 2797 675 2862 Wiltiam
705 2796 898 2861 Wollaston³
926 2795 1178 2879 (laea-1724)
1208 2817 1396 2881 supremum
1425 2798 1524 2860 linem
1554 2796 1688 2861 hominis

443 2923 515 2970 esse
539 2901 586 2968 ait
609 2921 806 2984 cognoscere
830 2901 1006 2968 veritatem
1030 2921 1167 2984 eamque
1190 2903 1262 2968 sive
1284 2904 1385 2967 verbo
1408 2902 1481 2966 sive
1506 2901 1688 2968 actionibus

442 3009 636 3094 exprimere,
662 3029 746 3090 quae
769 3009 919 3092 singulae
942 3009 1144 3076 considerari
1166 3010 1294 3094 possint
1313 3015 1483 3091 tamquam
1507 3008 1687 3074 enuntiatio

444 3116 581 3184 alicuius
604 3114 798 3181 sententiae.
830 3115 1002 3182 Moraliter
1021 3115 1123 3197 igitur
1139 3119 1253 3183 bonam
1270 3125 1327 3182 aut
1341 3120 1460 3182 malam
1477 3139 1544 3182 esse
1558 3119 1685 3182 liberam

442 3226 603 3305 actionem,
623 3229 722 3307 prout
744 3243 851 3286 ueram
875 3231 932 3287 aut
952 3222 1076 3305 falsam
1097 3227 1286 3289 sententiam
1302 3224 1422 3306 efferat.
1454 3223 1566 3305 Agere
1581 3230 1685 3290 autem

441 3330 617 3397 veritatem
641 3348 790 3394 asseres
815 3349 928 3394 omnes
952 3334 1100 3396 tractare
1123 3351 1162 3395 eo
1184 3330 1290 3407 modo,
1314 3351 1413 3412 quem
1434 3351 1548 3396 earum
1572 3335 1686 3396 natura

441 3437 554 3521 exigit,
587 3434 786 3500 contrarium
818 3455 890 3500 esse
914 3455 1014 3518 egere
1037 3435 1254 3514 mendacium,
1284 3458 1317 3503 v.
1341 3458 1374 3519 g.
1399 3435 1546 3501 cruciare
1569 3435 1685 3501 animal

441 3543 534 3628 quasi
566 3561 664 3606 sensu
696 3540 817 3606 doloris
849 3562 975 3608 carens.
1022 3541 1061 3606 In
1093 3542 1208 3608 eadem
1240 3563 1277 3608 re
1306 3543 1530 3609 condicionem
1562 3561 1684 3625 quoque

440 3653 603 3716 humanae
625 3647 794 3714 felicitatis
817 3654 875 3714 aut
898 3648 1102 3714 infelicitatis
1125 3648 1316 3715 continerit

530 3758 560 3821 3.
586 3756 755 3841 Principia
777 3755 1230 3840 cantharidae-„rationalia“.

440 3875 504 3946 174.
594 3875 719 3942 Ultimo
746 3876 817 3941 loco
841 3877 1145 3942 commemorandae
1168 3877 1305 3943 veniunt
1328 3878 1490 3959 quaedam
1513 3880 1683 3966 principio·

440 4005 511 4049 rum
543 3981 714 4047 moralium
749 3982 923 4061 formulae,
957 3982 1075 4064 quibus
1106 3989 1141 4048 ct
1171 3983 1318 4050 moderni
1348 3983 1548 4066 pantheismi
1579 3987 1682 4063 duces,

531 4139 539 4170 ¹
560 4136 609 4190 Die
628 4135 787 4190 christliche
807 4135 904 4200 Ethik,
931 4135 1094 4204 dargestellt
1112 4153 1165 4189 von
1184 4136 1230 4190 Dr.
1250 4139 1287 4190 H.
1306 4139 1477 4206 Martertecn,
1504 4137 1620 4194 Biachol
1635 4159 1683 4195 von

440 4225 562 4290 Seeland,
581 4223 712 4278 deutsche
725 4240 786 4276 vom
800 4223 1342 4292 Verfasserveranstaltetehusgabe1⁸,
1362 4224 1453 4280 Gotho
1468 4227 1545 4292 1878,
1565 4230 1618 4284 523
1627 4247 1682 4298 sqq.

529 4315 539 4346 ²
557 4313 741 4367 Demonstrat.
761 4311 790 4364 of
808 4311 853 4365 the
871 4311 953 4379 being
972 4312 1024 4365 and
1043 4312 1190 4366 attributes
1209 4314 1239 4366 of
1256 4313 1324 4378 God,
1343 4313 1452 4368 Londtm
1473 4316 1661 4374 leot-1706.

530 4402 616 4456 8'l'he
636 4401 752 4468 religion
772 4401 802 4454 of
818 4400 921 4454 Nature
940 4401 1102 4467 delinented
1121 4403 1231 4456 London
1252 4404 1330 4458 1722.

529 4493 539 4523 ⁴
559 4491 628 4544 Huic
647 4491 704 4544 fere
723 4488 867 4557 analogum
887 4489 1047 4560 principium
1067 4491 1231 4546 moralitatis
1249 4492 1348 4546 statuit
1367 4497 1400 4546 A.
1413 4494 1547 4562 Raemini,
1566 4494 1684 4564 illudque

439 4581 466 4633 in
491 4579 631 4650 principiis
656 4577 844 4648 philosophiae
870 4577 1058 4648 speculativae
1085 4580 1137 4634 sihi
1163 4581 1281 4651 propriis
1308 4581 1396 4650 logice
1422 4581 1538 4636 landate
1564 4590 1683 4637 conatur.

440 4669 478 4722 llo
497 4669 610 4722 docente
629 4666 770 4720 moralitas
795 4667 823 4720 in
848 4669 1034 4733 conformitate
1057 4671 1194 4736 practicae
1219 4671 1348 4735 (liberae)
1367 4673 1563 4725 aestimationes
1580 4673 1683 4726 omenc-

439 4775 501 4810 rum
527 4775 585 4810 erem
611 4773 702 4810 earum
728 4761 876 4826 cognitione
901 4759 1063 4826 spanedatiua
1090 4761 1209 4824 (directa
1235 4767 1259 4812 ee
1277 4761 1443 4823 neeemaria)
1463 4762 1592 4814 canunt.
1631 4759 1683 4826 ,La

438 4845 565 4900 moralita
584 4864 636 4900 non
658 4849 673 4898 e
693 4846 763 4901 altro
783 4846 833 4900 che
851 4846 878 4900 la
898 4846 1059 4901 conformita
1083 4847 1155 4901 della
1179 4849 1262 4901 etima
1278 4849 1383 4918 pratica
1407 4847 1478 4903 colla
1495 4848 1682 4919 stimaapecu·

438 4935 532 4998 latius,
552 4933 601 4988 che
620 4935 637 4988 l'
656 4953 735 4989 nomo
753 4937 782 4989 fa
801 4935 875 5004 degli
894 4937 1023 5004 aggelu*
1055 4935 1144 4991 Storia
1162 4938 1351 5007 comparativa
1370 4942 1385 4991 e
1404 4937 1500 4992 critica
1518 4937 1560 4992 de'
1580 4937 1682 4993 cirtem

439 5023 545 5076 intorno
564 5023 590 5076 al
610 5022 741 5092 principio
761 5023 833 5077 della
852 5025 960 5089 morale,
980 5043 1003 5079 c.
1025 5027 1047 5089 l,
1066 5043 1092 5079 a.
1114 5028 1136 5088 1,
1156 5043 1183 5095 p.
1204 5027 1246 5088 16,
1265 5025 1366 5080 Milano
1387 5025 1465 5080 1837.
