3909 5842
488 683 678 755 Metapbysica
697 685 767 754 legis
786 685 907 756 analysis
927 703 941 739 e
960 689 1094 756 conceptu
1112 685 1288 752 obligationis
1307 687 1402 756 petita.
1505 692 1567 756 199

319 863 478 940 increata,
509 862 678 940 subsistat,
709 863 880 928 constituit
903 863 1136 945 obligationem
1159 865 1352 929 naturalem.
1399 863 1434 929 Si
1457 867 1568 930 autem

319 971 373 1034 est
396 973 609 1056 continpcntcr
632 972 666 1033 at
689 968 790 1034 libere
813 969 956 1047 inducta,
983 969 1141 1052 obligatio
1164 971 1239 1036 inde
1261 971 1427 1036 resultans
1450 970 1569 1037 dicitur

318 1077 465 1158 positivo.
490 1075 737 1156 —Utriusque
767 1076 976 1158 obligationis
1007 1098 1106 1143 conso
1138 1077 1278 1160 efficiens
1306 1080 1468 1162 primario
1498 1079 1569 1144 sola

321 1181 384 1246 Dei
406 1186 551 1248 uoluntas
574 1204 647 1248 essa
670 1187 790 1266 potest,
820 1183 964 1267 supremi
994 1187 1030 1249 et
1052 1184 1194 1250 absoluti
1223 1183 1421 1250 ordinatoris
1449 1205 1568 1250 rerum.

321 1288 386 1354 Sed
410 1289 507 1355 aliter
530 1293 580 1356 est
605 1311 705 1356 eausa
728 1290 937 1372 obligationis
960 1293 1133 1373 naturalis,
1157 1291 1255 1356 aliter
1276 1295 1439 1377 positione.
1477 1291 1570 1356 Prior
1680 1289 1685 1300 ’

273 1390 277 1395 ’
319 1393 545 1462 ‘immediatas
566 1396 677 1462 divina
694 1397 864 1462 voluntate
888 1398 1079 1482 hypothetice
1101 1397 1176 1477 (snb
1200 1398 1362 1482 hypothesi
1384 1400 1570 1479 mentionis)

319 1504 503 1568 necessaria
527 1502 711 1578 descendit;
743 1503 849 1568 altera
877 1502 1065 1568 immediate
1088 1507 1134 1568 oei
1157 1504 1302 1570 alibero
1325 1505 1498 1571 voluntate
1521 1505 1569 1571 di·

323 1607 399 1672 vina
422 1611 468 1673 nei
491 1629 512 1673 a
536 1609 707 1674 voluntate
731 1612 844 1674 creata
868 1609 899 1674 in
923 1613 1053 1693 partem
1076 1609 1218 1692 aliquam
1241 1610 1481 1694 cooperationis
1496 1631 1570 1675 curn

322 1715 392 1779 Deo
423 1715 609 1780 ordinatore
642 1715 752 1780 mundi
782 1715 914 1780 moralis
944 1719 1066 1780 vocata
1096 1716 1174 1780 oriri
1204 1720 1323 1799 potest.
1371 1717 1442 1781 Hoc
1465 1716 1570 1782 altero

321 1841 401 1886 casu
420 1825 572 1906 proximo
596 1831 625 1888 et
654 1823 840 1888 immediata
871 1843 972 1888 causa
1001 1822 1149 1888 efficiens
1175 1823 1385 1906 obligationis
1408 1823 1570 1906 positivae

322 1931 374 1992 est
397 1928 568 1994 rationalis
598 1929 751 1994 voluntas
780 1931 893 1994 creata
917 1950 982 2010 qua
1004 1928 1146 2011 fungens
1170 1928 1280 1995 divina
1302 1929 1478 2011 legatione,
1508 1951 1570 1994 rne-

322 2035 415 2098 diata
444 2044 547 2100 antem
580 2043 606 2100 et
625 2036 735 2120 primo
759 2034 821 2099 Dei
845 2034 1000 2100 voluntas
1027 2035 1120 2100 illam
1142 2036 1375 2101 auctoritatem
1398 2039 1571 2102 creaturae

321 2140 574 2206 communicans.

411 2255 527 2336 ltaque
557 2255 685 2321 ratione
716 2255 850 2338 originis
881 2256 921 2320 de
951 2257 1096 2322 essentia
1119 2259 1171 2322 est
1193 2255 1403 2339 obligationis
1426 2256 1571 2333 moralis,

323 2365 358 2426 ut
383 2361 541 2444 procedat
564 2361 771 2426 avoluntate
795 2359 829 2442 a)
853 2364 1018 2445 rationaii,
1043 2362 1119 2445 quia
1138 2362 1220 2428 haec
1243 2363 1315 2427 sola
1339 2383 1445 2446 capax
1461 2363 1570 2428 estad

321 2469 419 2534 finem
444 2467 624 2546 ordinandi,
649 2467 683 2550 b)
707 2467 757 2546 iis,
782 2467 836 2549 qui
861 2468 1028 2551 obligandi
1044 2472 1131 2547 sunt,
1155 2472 1315 2555 superiori
1330 2473 1396 2535 siae
1410 2489 1470 2552 per
1484 2489 1521 2534 se
1536 2472 1571 2534 et

321 2574 483 2650 absolute,
509 2574 595 2656 quod
618 2574 679 2640 soli
696 2573 766 2640 Deo
790 2575 954 2652 convenit,
979 2579 1043 2641 siue
1058 2576 1092 2640 vi
1108 2576 1285 2660 potestatis
1301 2575 1570 2641 communicatae.

322 2721 392 2792 226.
484 2723 539 2789 lV.
568 2723 725 2789 Obiectrim
747 2725 884 2808 formale
908 2729 942 2789 et
965 2725 1038 2790 finis
1061 2726 1210 2792 internus
1234 2725 1339 2791 omnis
1362 2725 1571 2808 obligationis

322 2833 457 2898 moralis
482 2837 532 2898 est
557 2841 660 2898 rectus
683 2835 761 2898 ordo
785 2835 925 2914 moratis,
959 2855 1022 2915 quo
1053 2833 1224 2898 rationalis
1249 2837 1403 2899 creatura
1425 2837 1495 2898 tum
1519 2853 1571 2897 se·

322 2942 464 3006 cundum
489 2961 579 3006 suam
606 2939 797 3005 relationem
816 2941 860 3004 ari
874 2941 969 3023 finem
985 2944 1141 3024 ultimum,
1166 2945 1234 3005 tum
1252 2941 1373 3006 intuitu
1388 2940 1482 3004 huius
1498 2938 1571 3002 finis

324 3047 473 3112 omnibus
498 3047 677 3112 communis
701 3047 800 3112 etiam
825 3047 1003 3112 secundum
1026 3069 1104 3113 suas
1128 3047 1304 3114 relationes
1320 3049 1365 3112 ad
1382 3050 1466 3113 otios
1482 3069 1572 3111 creo-

322 3161 416 3219 tnras
446 3157 537 3218 recte
567 3153 759 3236 disponitur.
808 3153 930 3218 Verum
960 3174 1019 3236 pro
1051 3153 1180 3218 diverso
1204 3153 1308 3235 gradu
1332 3154 1428 3218 huius
1451 3152 1572 3218 ordinis

322 3259 482 3342 obligatio
510 3264 654 3345 proxime
684 3263 719 3324 et
743 3261 859 3325 directe
883 3258 1000 3323 referri
1022 3262 1134 3342 potest
1156 3261 1202 3324 ‘uel
1225 3259 1266 3324 ad
1294 3258 1492 3324 ordinandas
1522 3258 1572 3322 iu·

323 3366 473 3432 dividuas
497 3387 655 3450 personas
678 3366 854 3430 secundum
872 3365 1018 3430 ordinem
1034 3366 1275 3450 individualem,
1299 3369 1346 3431 ael
1361 3366 1402 3430 ad
1418 3363 1570 3430 socialem

323 3473 466 3554 aliquam
481 3471 640 3537 unitatem
654 3471 831 3536 secundum
848 3471 993 3536 ordinem
1010 3473 1165 3553 socialem,
1182 3475 1228 3537 cel
1243 3471 1286 3536 ad
1302 3471 1444 3536 omnium
1460 3470 1572 3535 totali·

322 3581 427 3644 tatem
444 3578 623 3642 secundum
644 3577 788 3642 ordinem
808 3579 1028 3643 universalem.
1060 3577 1137 3640 Dixi
1162 3579 1298 3658 directa·
1321 3598 1395 3641 nam
1413 3576 1572 3641 indirecte

325 3687 360 3750 et
376 3687 501 3749 remote
513 3684 617 3748 omnis
630 3683 789 3765 obligatio
802 3683 936 3766 respicit
949 3683 1095 3748 ordinem
1113 3685 1334 3765 universatem,
1352 3682 1428 3764 quia
1443 3703 1573 3766 semper

323 3789 442 3855 saltem
467 3795 591 3855 remote
617 3790 771 3855 intuitum
796 3789 897 3855 habet
922 3789 963 3854 ad
989 3789 1085 3853 finem
1112 3787 1261 3854 ultimum
1278 3809 1492 3864 communem,
1518 3789 1572 3870 qui

322 3897 413 3960 solus
437 3899 488 3961 est
512 3900 636 3961 ratione
659 3900 712 3962 sui
735 3899 941 3962 necessarius.

323 4041 392 4114 227.
439 4046 479 4109 V.
505 4045 590 4110 Hinc
614 4045 788 4127 colligitur,
813 4045 846 4110 in
870 4045 1080 4128 obligatione,
1104 4045 1190 4110 sicut
1213 4044 1389 4109 universim
1407 4041 1571 4108 vinculum

324 4149 447 4215 ordinis
472 4171 529 4234 pro
554 4151 714 4215 creaturis
738 4149 963 4226 rationalibus,
988 4151 1036 4216 ita
1059 4149 1235 4233 praecipuo
1259 4147 1400 4232 quodam
1423 4149 1573 4213 modoet

324 4255 455 4340 proprie
487 4258 643 4321 uinculum
674 4257 880 4322 ordinandae
903 4259 1138 4322 communitatis
1161 4255 1260 4320 situm
1284 4275 1366 4332 esse,
1398 4274 1461 4335 quo
1491 4252 1572 4318 haec

324 4365 359 4427 et
389 4362 519 4444 singula
550 4363 619 4426 eius
647 4363 793 4427 membra
817 4363 979 4427 adfinem
1004 4381 1206 4427 communem
1231 4361 1364 4442 (bonum
1389 4359 1572 4441 commune)

325 4472 415 4534 recte
439 4468 663 4552 disponantur.

414 4583 477 4650 ast
507 4605 585 4666 ergo
610 4588 704 4649 actus
728 4583 903 4666 obligandi,
935 4583 1063 4664 quoties
1087 4583 1232 4648 ordinem
1257 4579 1501 4646 communitatis
1525 4580 1573 4644 di-

325 4692 416 4754 recte
446 4689 588 4774 respicit,
622 4693 801 4756 exercitium
823 4691 986 4774 potestatis
1009 4687 1235 4770 (anaomtatia,
1267 4686 1517 4766 iurisdictionis)
1539 4685 1573 4750 in

325 4795 473 4861 membra
502 4796 647 4861 eiusdem
678 4795 931 4871 communitatis,
961 4795 1003 4860 ab
1034 4815 1073 4860 eo
1096 4795 1278 4870 dimanans,
1311 4792 1366 4875 qui
1389 4791 1463 4856 huic
1486 4795 1573 4856 tam-

323 4923 424 4984 quam
448 4902 616 4968 ordinator
639 4902 680 4967 ad
704 4903 823 4966 bonum
848 4921 1018 4966 commune
1041 4904 1175 4985 praeest
1196 4902 1384 4983 reciperas,
1409 4898 1495 4981 quod
1511 4897 1573 4962 soli

327 5007 395 5073 Deo
420 5007 587 5092 competit,
612 5011 657 5072 oei
681 5029 745 5090 qua
770 5006 859 5072 vices
882 5027 1001 5090 gerens
1024 5007 1094 5073 Dei.
