3909 5842
648 674 689 730 De
707 692 812 730 summo
830 676 901 746 legis
918 673 1052 730 naturalis
1071 672 1212 745 principio.
1488 679 1549 742 251

312 853 380 926 279.
462 852 601 919 Omissis
611 873 709 938 porro
716 853 817 919 variis
832 853 999 938 principiis
1014 857 1129 937 aperte
1141 851 1296 932 erroneis,
1310 874 1445 935 quorum
1459 873 1555 937 prae-

313 959 409 1043 cipua
424 958 584 1024 indirecte
594 959 660 1023 iam
673 957 717 1041 (n.
734 957 922 1041 153-180)
935 981 954 1025 e
965 959 1035 1026 suis
1050 958 1282 1037 fundamentis,
1299 961 1456 1042 quantum
1473 958 1556 1026 satis

313 1070 374 1144 est,
398 1063 668 1142 examinavimus,
692 1067 842 1148 praestet
864 1065 925 1130 hoc
941 1065 1013 1131 loco
1029 1085 1086 1130 eas
1102 1068 1230 1132 tantum
1247 1063 1405 1132 formidas
1421 1063 1555 1140 referre,

314 1192 408 1253 quae,
438 1171 522 1254 quod
555 1171 600 1236 cd
630 1193 696 1235 rem
727 1169 858 1249 attinet,
889 1191 1002 1238 omnes
1033 1170 1160 1254 quidem
1192 1170 1300 1254 aliquo
1330 1169 1427 1236 modo
1449 1191 1556 1237 oerum

313 1275 395 1361 legis
406 1280 546 1343 naturae
558 1276 752 1362 principium
763 1276 944 1362 perhibent,
958 1278 999 1343 de
1015 1277 1131 1360 quibus
1146 1281 1257 1344 tamen
1274 1276 1392 1342 merito
1408 1275 1556 1360 quaestio

311 1383 438 1449 institui
454 1387 575 1468 potest,
600 1403 761 1466 quaenam
777 1405 858 1468 prae
874 1383 994 1450 ceteris
1009 1383 1190 1468 perfectius
1205 1403 1318 1448 veram
1334 1382 1452 1448 summi
1467 1381 1556 1466 prin·

313 1488 387 1573 cipii
410 1489 571 1557 rationem
596 1489 726 1572 assequi
750 1489 911 1556 videatur.
958 1489 1126 1556 Eiusmodi
1150 1494 1260 1557 autem
1283 1489 1457 1573 praecipue
1486 1487 1556 1553 fere

313 1599 487 1678 sequentes
511 1595 672 1662 nominari
694 1598 880 1662 merentur:

406 1706 433 1771 1.
457 1701 621 1780 Formuls,
642 1723 739 1784 quam
756 1703 790 1768 S.
812 1701 947 1767 {ihomas
962 1701 1125 1786 proponit,
1150 1700 1276 1768 dicens:
1305 1699 1395 1778 ,Hoc
1411 1703 1463 1766 est
1478 1719 1557 1782 ergo

312 1807 452 1891 primurn
476 1812 686 1893 praeceptum
709 1807 802 1890 legis,
827 1807 913 1889 quod
937 1809 1053 1873 donum
1069 1815 1113 1874 est
1126 1807 1312 1890 faciendum
1328 1812 1356 1872 et
1368 1825 1557 1890 prosequen-

315 1915 402 1995 dum,
426 1922 455 1980 et
478 1917 597 1980 malum
620 1911 808 1979 citcmdum“
821 1917 842 1980 ¹.

405 2021 436 2084 2.
459 2020 608 2086 Naturae
631 2020 791 2085 humanae
809 2020 984 2085 secundnm
1000 2041 1106 2084 omnes
1121 2041 1195 2085 snos
1211 2020 1389 2084 essentiales
1400 2024 1557 2102 respectus

314 2127 534 2191 consideratae
561 2126 766 2209 conformiter
795 2127 897 2193 vivito.
944 2123 1157 2209 (Principium
1181 2124 1214 2189 in
1237 2123 1337 2190 variis
1361 2123 1558 2208 compendiis

314 2231 518 2298 scholasticis
541 2230 723 2313 usitatum.)

404 2341 434 2404 3.
459 2341 544 2405 Ama
569 2339 671 2404 Deum
694 2360 792 2423 super
814 2341 922 2404 ornnia
946 2346 973 2403 et
996 2340 1177 2423 proximum
1200 2339 1331 2402 sicutte
1356 2339 1470 2420 ipsum,
1501 2338 1558 2399 aut

316 2466 390 2511 ama
413 2445 517 2510 Deum
540 2452 576 2510 ut
596 2447 692 2528 finem
715 2453 743 2510 et
766 2451 867 2510 cetera
889 2451 1021 2529 propter
1043 2446 1157 2528 ipsum.
1204 2441 1271 2524 (dix
1300 2445 1411 2507 mente
1434 2440 1465 2506 S.
1489 2437 1558 2504 Au-

315 2549 487 2633 gustinit)

405 2660 435 2723 4.
461 2659 638 2744 Imaqinem
661 2659 724 2723 Dei
747 2659 887 2724 absolute
902 2660 1005 2724 sancti
1019 2679 1077 2742 per
1093 2657 1219 2721 modum
1236 2661 1374 2720 naturae
1390 2655 1559 2719 rationalis

315 2765 374 2829 tibi
397 2767 584 2850 impressam
608 2763 717 2831 liberis
740 2787 862 2851 quoqne
882 2764 1058 2830 actionibus
1075 2762 1246 2828 exhibent
1279 2757 1559 2841 (Accommodstio

316 2869 496 2936 christiana
518 2869 670 2955 principii
693 2867 1127 2954 platonico-schellingiani.)

406 2979 436 3043 5.
484 2977 615 3043 Rectum
654 2984 792 3042 naturae
833 2979 979 3042 ordinem
1019 2983 1181 3061 tamquam
1222 2975 1376 3040 diuinitus
1416 2979 1557 3037 sanctum

316 3091 448 3150 seruato.

316 3220 387 3293 286.
469 3223 498 3288 E
518 3223 635 3305 quibus
651 3223 825 3290 sententiis
839 3227 957 3309 prima
981 3221 1180 3288 auctoritate
1197 3221 1228 3286 S.
1246 3218 1397 3286 Doctoris
1415 3219 1507 3294 fulta,
1532 3219 1559 3282 si

316 3347 381 3392 non
411 3333 481 3394 tam
511 3349 553 3394 ex
578 3328 670 3423 nuda
699 3330 873 3396 verborum
896 3327 1048 3406 formula,
1079 3326 1137 3392 sed
1160 3348 1203 3392 ex
1226 3329 1336 3391 mente
1359 3323 1503 3390 auctoris
1526 3328 1560 3390 et

316 3438 475 3501 contextu
498 3435 637 3513 articuli,
663 3436 748 3501 unde
771 3435 965 3519 deprompta
989 3437 1050 3512 est,
1079 3432 1282 3510 aestimatur,
1306 3431 1349 3497 ad
1370 3437 1560 3516 postrenum

315 3540 465 3624 proxime
488 3540 624 3618 accedit,
649 3545 707 3607 aut
729 3540 839 3625 potius
861 3539 894 3606 id
916 3539 1024 3624 ipsum
1047 3559 1164 3604 revera
1187 3537 1342 3614 continet,
1371 3534 1456 3617 quod
1480 3535 1561 3601 haec

316 3646 423 3728 magis
446 3646 601 3732 explicite
625 3647 784 3713 enuntiat.
808 3646 905 3724 Nam,
929 3650 967 3712 ut
990 3665 1033 3710 ex
1055 3645 1127 3709 loco
1150 3642 1251 3709 citato
1273 3640 1482 3708 manifestum
1499 3644 1559 3716 est,

316 3752 350 3819 S.
384 3752 527 3818 Thomas
559 3773 663 3836 neque
699 3753 855 3831 ,bonum“
889 3749 1055 3832 intellegit
1081 3748 1178 3833 plane
1204 3746 1472 3826 indeterminate,
1503 3747 1559 3812 sed

317 3859 437 3924 bonum
452 3858 615 3924 rationale
638 3879 697 3923 seu
719 3859 847 3940 raude,
873 3855 958 3939 quod
974 3856 1009 3920 in
1031 3854 1102 3938 ipso
1131 3857 1239 3934 ,recto
1263 3857 1402 3920 naturae
1426 3852 1556 3918 ordine“

317 3963 485 4043 comistit3
508 3985 613 4046 neque
636 3985 708 4029 cum
736 3963 874 4042 ,bonum
889 3961 1090 4027 faciendum“
1112 3960 1145 4024 vi
1160 3959 1244 4043 legis
1260 3959 1348 4037 dicit,
1373 3957 1560 4023 universum

316 4072 437 4136 bonum
460 4071 593 4148 morale,
622 4070 680 4135 sed
702 4069 782 4134 illud
805 4067 1131 4150 tantumintellegit,
1161 4067 1246 4150 quod
1270 4065 1312 4132 ad
1335 4063 1559 4146 integritatem

318 4177 442 4243 ordinis
464 4176 598 4242 moralis
621 4175 811 4259 simpliciter
832 4177 1047 4241 necessarium
1071 4193 1143 4238 esse
1166 4175 1259 4237 recta
1280 4170 1366 4238 ratio
1383 4169 1560 4252 cognoscit.

317 4281 395 4348 Non
410 4284 496 4348 enim
513 4303 635 4366 negare
650 4281 800 4357 intendit,
824 4281 929 4346 multa
945 4301 988 4344 ex
1003 4279 1053 4358 iis,
1071 4299 1155 4361 quae
1171 4279 1256 4343 bona
1272 4297 1344 4342 esse
1360 4295 1560 4358 cognoscun-

316 4395 383 4466 tur,
414 4393 496 4455 citra
518 4390 737 4476 obliqatioucm
763 4386 902 4452 hominis
927 4386 1072 4452 libertati
1098 4385 1168 4450 sive
1192 4381 1344 4449 facienda
1368 4381 1439 4448 sive
1466 4379 1562 4445 omit·

317 4496 420 4563 tenda
442 4497 603 4580 permitti,
646 4495 709 4560 Sed
733 4494 813 4560 haec
836 4493 918 4559 satis
941 4514 1001 4578 per
1023 4513 1059 4559 se
1082 4489 1229 4572 intellegi
1253 4493 1356 4566 ratus,
1380 4487 1450 4553 veri
1473 4487 1561 4569 prin-

322 4657 624 4666 .—--.-—.-—a-—-.-

412 4753 420 4784 ¹
439 4751 466 4805 S.
484 4751 567 4805 theol.
589 4752 611 4815 l,
630 4751 655 4816 2,
675 4769 701 4820 q.
721 4752 763 4814 94,
783 4766 807 4803 a.
827 4749 852 4803 2.

409 4840 420 4872 ¹
438 4840 479 4894 De
497 4838 641 4909 disciplina
659 4838 752 4892 christ.
770 4855 797 4890 n.
816 4836 833 4888 3
853 4837 868 4889 t
888 4837 920 4899 6;
939 4835 974 4889 of.
989 4835 1094 4889 Period.
1114 4833 1168 4888 Der
1183 4832 1312 4887 Katholih
1328 4831 1421 4886 18721
1435 4831 1562 4900 dd2sqq.

409 4929 420 4961 ⁸
439 4927 480 4982 Ol.
499 4929 572 4982 Kart
591 4931 691 4994 Aeqcr,
711 4923 967 4995 Moralphilosophie
986 4923 1055 4978 nach
1074 4921 1250 4978 christlichen
1269 4919 1440 4990 Prinzipien,
1460 4919 1563 4974 Schell-

320 5019 426 5073 hsusen
446 5016 522 5080 1873,
542 5018 558 5070 6
577 5017 612 5070 63
624 5032 684 5084 sqq.
