3909 5842
434 709 499 773 344
698 695 788 757 sectio
807 702 841 756 Η.
878 701 959 756 Liber
977 703 999 758 1.
1038 702 1128 773 Caput
1146 703 1182 757 Π.
1219 700 1409 756 articulant.

432 885 578 954 essentia
601 882 721 968 quippe
743 883 888 948 humana
910 884 1066 950 abstracte
1080 883 1282 950 considerata
1297 881 1427 946 nullum
1448 881 1715 968 inaequalitas<

432 997 491 1060 aut
515 995 649 1058 mutuae
672 987 949 1054 subordinationis
972 989 1222 1056 fundamentum
1246 987 1450 1054 continetur.

432 1123 504 1195 400.
595 1123 637 1190 II.
670 1121 807 1204 Reliqua
836 1142 920 1205 quae
943 1127 1179 1189 enumerantur
1201 1119 1333 1187 socialis
1355 1125 1512 1188 naturae
1539 1134 1712 1191 momenta

433 1232 572 1315 primum
600 1229 682 1296 illud
705 1233 805 1311 atque
829 1229 1006 1296 essentiale
1029 1229 1167 1296 unitatis
1189 1227 1354 1293 vinculum
1378 1229 1596 1296 necessario
1621 1253 1712 1315 prae

432 1341 621 1422 supponunt
643 1358 746 1421 eoque
770 1342 932 1421 spectent,
956 1341 995 1403 nt
1017 1338 1106 1403 intra
1128 1337 1234 1420 ipsam
1254 1336 1451 1401 societatem
1471 1337 1710 1405 universalem

433 1449 547 1511 coetus
570 1444 703 1529 insuper
726 1444 894 1523 arctiores,
919 1443 941 1510 i.
965 1463 995 1510 a.
1019 1443 1197 1510 societates
1222 1442 1484 1528 ,partimur
1511 1443 1710 1510 formentur

432 1551 563 1616 vinculo
590 1551 725 1617 moralis
748 1549 876 1616 unionis
898 1571 963 1616 non
987 1549 1180 1634 simpliciter
1203 1548 1384 1614 universali
1406 1571 1524 1633 neque
1553 1553 1710 1619 omnibns

433 1656 548 1722 eadem
570 1657 700 1723 ratione
723 1655 895 1722 communi.
932 1655 1091 1740 Spectata
1105 1655 1207 1739 igitur
1220 1659 1361 1721 naturae
1377 1655 1517 1724 socialis
1537 1660 1706 1727 efficacia

433 1783 518 1846 quae
534 1763 575 1828 ab
591 1762 681 1828 hisce
692 1764 950 1849 portiadaribua
965 1762 1140 1828 momentis
1156 1765 1339 1846 promanat,
1359 1760 1537 1828 hominum
1557 1767 1707 1832 societas

431 1871 466 1936 in
490 1871 642 1935 concreto
666 1889 731 1934 non
754 1871 866 1953 potest
888 1889 954 1934 non
977 1868 1049 1934 fieri
1071 1867 1296 1952 multipliciter
1316 1870 1518 1954 inaequalis.

433 1999 499 2072 401.
590 2001 648 2067 Ill.
672 1999 892 2066 Nihilominus
915 2001 1021 2066 omnis
1039 2001 1206 2066 hominum
1221 2001 1408 2078 associatio,
1433 2021 1478 2066 ex
1495 2003 1703 2071 individuali

431 2107 665 2175 insufficientia
688 2111 723 2174 et
744 2109 838 2174 varia
861 2111 975 2173 mutua
993 2107 1176 2190 indigentia
1190 2107 1389 2174 naturaliter
1403 2111 1491 2186 orta,
1517 2111 1632 2178 simul
1650 2135 1702 2178 ac·

432 2223 526 2282 turae
540 2218 703 2303 quoddam
718 2215 893 2280 remedium
909 2222 964 2296 est,
986 2237 1046 2299 per
1060 2237 1094 2280 se
1109 2217 1155 2278 od
1170 2216 1382 2300 ruitiqandam
1397 2217 1492 2280 utam
1509 2219 1701 2304 inaequali-

432 2331 527 2388 tatem
550 2325 745 2406 ordinatum,
770 2343 835 2406 qua
858 2321 1017 2400 homines,
1041 2326 1116 2389 utut
1138 2325 1259 2388 natura
1282 2321 1436 2405 specifica
1458 2327 1647 2404 aequales,
1671 2326 1700 2390 in

432 2427 598 2494 individuo
628 2432 740 2494 tamur
769 2427 942 2512 multiplici
973 2427 1235 2512 disproportione
1264 2433 1335 2495 tum
1358 2426 1499 2511 physica
1522 2433 1606 2496 tum
1630 2455 1699 2497 mc

432 2535 493 2600 rali
516 2535 603 2601 inter
626 2555 662 2600 se
685 2533 871 2600 necessario
895 2533 1059 2600 differunt.
1095 2533 1268 2599 Elementa
1291 2532 1377 2598 enim
1401 2533 1605 2616 inaequalia
1627 2537 1699 2622 ipsa

433 2639 660 2706 coniunctione
676 2659 749 2704 sese
763 2641 877 2704 mutuo
893 2639 1068 2723 complent,
1094 2639 1168 2704 aliis
1183 2638 1309 2703 scilicet
1325 2659 1375 2716 eo,
1392 2659 1457 2721 quo
1473 2639 1545 2706 alia
1564 2649 1698 2713 carent,

433 2746 674 2812 abundantibus
704 2748 738 2810 et
761 2745 833 2810 vioe
856 2765 963 2811 versa.
1012 2744 1169 2811 Similiter
1192 2766 1272 2828 ergo
1295 2750 1330 2812 et
1352 2744 1501 2811 homines
1526 2749 1698 2816 societate

433 2853 608 2930 coniuncti,
636 2852 670 2917 in
699 2851 812 2918 ordine
842 2851 883 2917 ad
914 2872 1117 2917 communem
1147 2851 1388 2928 sufficientiam,
1419 2873 1463 2917 ex
1491 2851 1696 2918 individuali

432 2959 668 3042 inaequalitate
693 2957 929 3041 quodammodo
954 2958 996 3024 ad
1019 2957 1204 3042 specificam
1227 2962 1263 3024 et
1285 2958 1424 3023 idealem
1447 2959 1694 3040 aequalitatem

433 3065 696 3150 approximative
719 3063 837 3131 iterum
860 3063 1070 3130 reducuntur.

432 3197 503 3269 402.
594 3199 650 3266 IV.
675 3199 712 3264 In
736 3198 823 3264 omni
846 3197 929 3263 reali
948 3195 1108 3263 societate
1126 3197 1243 3282 duplex
1258 3199 1391 3263 encratis
1406 3201 1537 3264 unionis
1554 3201 1693 3264 deam·

432 3315 498 3372 tum
522 3304 786 3388 distinguendum
811 3307 872 3383 est,
902 3306 1036 3368 alterm
1060 3305 1249 3385 universate,
1273 3301 1506 3380 necessarium,
1531 3309 1690 3388 respectu

433 3415 576 3479 omnium
600 3411 747 3493 aequale,
772 3415 807 3477 et
830 3413 995 3488 constans,
1020 3412 1136 3492 utpote
1158 3408 1192 3474 in
1216 3408 1441 3476 communione
1461 3410 1615 3476 eiusdem
1630 3432 1689 3474 na·

432 3524 527 3585 turae
551 3519 724 3603 specificae
747 3518 935 3592 fundatum
960 3519 1095 3582 atterum
1113 3519 1324 3602 particulare,
1348 3522 1393 3592 et,
1416 3516 1554 3582 tametsi
1576 3516 1614 3582 in
1629 3538 1688 3599 ge·

432 3646 511 3690 nere
541 3625 614 3708 plus
644 3624 793 3689 minusve
823 3623 1053 3698 necessarium,
1085 3623 1117 3686 in
1148 3621 1315 3687 individuo
1338 3626 1449 3688 tamen
1473 3627 1509 3688 et
1530 3627 1687 3706 respectu

432 3731 633 3812 singulorum
651 3730 854 3812 contingens,
871 3729 1053 3813 inaequale,
1070 3729 1238 3795 mutabile.
1264 3729 1316 3794 Sic
1332 3729 1506 3813 multiplex
1521 3729 1687 3794 natrmalis
1762 3792 1763 3819 ,

431 3837 613 3920 indigentia
642 3837 675 3901 in
705 3857 826 3918 genere
857 3837 1067 3902 considerata
1096 3834 1275 3900 communis
1299 3836 1429 3918 quidem
1452 3839 1505 3901 est
1528 3836 1683 3909 omnium,
1762 3822 1763 3869 3

432 3943 490 4008 sed
512 3943 545 4008 in
569 3943 760 4026 particulari
783 3943 880 4026 plane
904 3942 1036 4008 diversa
1059 3942 1092 4006 in
1112 3942 1259 4024 singulis,
1272 3941 1403 4025 ‚partim
1419 3942 1548 4008 ratione
1564 3941 1682 4008 obiecti

432 4049 554 4135 partim
576 4049 704 4114 ratione
728 4049 815 4115 modi
839 4053 873 4114 et
896 4049 1028 4132 gradus.

431 4181 502 4253 403.
593 4183 634 4248 V.
665 4183 715 4248 Ab
740 4185 916 4248 universali
938 4184 1094 4248 societatis
1116 4182 1240 4246 uinculo
1264 4189 1292 4246 et
1314 4181 1431 4264 officiis
1453 4185 1625 4248 sodalibus
1648 4187 1680 4246 in

433 4312 465 4355 eo
494 4289 645 4372 fundatis
672 4290 781 4354 nudus
811 4290 900 4354 bomo
931 4311 1082 4374 nmquam
1105 4309 1139 4354 se
1162 4289 1296 4352 solutum
1320 4295 1377 4352 out
1400 4296 1576 4373 exemptum
1599 4291 1680 4353 licite

432 4397 750 4481 existimaremus,
773 4400 926 4462 naturam
945 4396 1032 4460 enim
1048 4414 1262 4469 communem,
1279 4393 1433 4476 quamdiu
1448 4393 1544 4470 vivit,
1561 4415 1679 4460 exuere

432 4501 554 4585 nequit,
568 4501 744 4569 —Contra
768 4492 908 4567 actualis
932 4502 1089 4584 obligatio
1107 4499 1279 4579 naturalis,
1304 4520 1368 4582 qua
1384 4499 1457 4582 quis
1470 4503 1678 4586 portuatarrb

432 4607 601 4674 societatis
624 4609 804 4672 membrum
828 4628 900 4673 esse
924 4613 983 4674 aut
1005 4628 1138 4673 manere
1160 4609 1324 4682 teneatur,
1352 4627 1391 4672 eo
1413 4605 1496 4690 ipso,
1521 4605 1606 4688 qnod
1627 4609 1677 4670 est

432 4719 585 4798 respectu
619 4713 820 4797 singulorum
857 4715 1051 4796 contingens
1086 4717 1120 4778 at
1153 4713 1338 4791 mutabilis,
1374 4734 1393 4777 e
1427 4711 1676 4796 particularibus

432 4821 683 4904 uniuscuiusque
713 4821 876 4888 adiunctis
906 4819 976 4886 sive
1006 4820 1233 4905 personalibus
1263 4819 1333 4886 sive
1356 4817 1525 4896 localibus,
1554 4839 1674 4884 necnon

432 4949 474 4992 ex
497 4927 657 4994 relatione
680 4927 898 5004 aeremitatiS,
923 4947 1007 5009 quae
1021 4927 1109 4993 iuter
1123 4927 1222 4992 finem
1237 4925 1407 4993 societatis
1421 4925 1629 5009 particularis
1643 4928 1674 4990 et

432 5033 575 5100 officium
599 5034 720 5100 sociale
744 5034 892 5100 omnibus
916 5055 1086 5100 commune
1101 5031 1287 5110 intercedit,
1311 5030 1602 5097 commensuranda
1616 5033 1672 5094 est
