3909 5842
632 693 700 749 Esse
719 696 887 749 sanctionem
905 694 1059 749 naturalem
1078 694 1238 749 ostenditur.
1492 699 1556 764 235

399 871 440 938 ΙΙ.
465 873 661 957 Praemium,
692 871 778 954 quod
807 871 856 937 ita
885 872 1008 938 homini
1037 872 1071 938 in
1101 872 1265 938 servanda
1295 873 1369 956 lege
1403 893 1558 956 perseve-

308 977 397 1044 ranti
412 979 615 1061 proponitur,
639 977 863 1044 essentialiter
872 985 1064 1062 perpetuam
1088 997 1160 1043 esse
1176 977 1297 1043 lumine
1312 977 1451 1044 rationis
1467 983 1557 1044 certo

308 1084 476 1168 probatur.
508 1083 583 1167 Ipee
604 1105 744 1167 namque
765 1088 943 1168 conceptus
958 1083 1171 1152 beatitudinis
1187 1083 1427 1168 perennitatem
1451 1088 1485 1151 et
1508 1084 1557 1149 in-

308 1189 594 1257 defectibilitatem
617 1191 810 1275 implicitam
834 1191 944 1257 habet.

399 1297 457 1366 111.
482 1297 639 1364 Similiter
656 1320 759 1384 poeno
776 1300 952 1364 essentialis
966 1296 1113 1382 praemio
1130 1318 1172 1362 ex
1188 1296 1328 1363 adverso
1346 1295 1557 1382 respondens,

309 1388 451 1484 quaein
474 1403 650 1470 amissione
672 1404 747 1469 finis
770 1403 877 1470 ultimi
900 1424 958 1469 seu
982 1404 1016 1469 iu
1036 1406 1216 1490 privatione
1240 1406 1356 1469 camini
1379 1405 1453 1470 boni
1481 1423 1558 1468 cou-

220 1499 225 1506 ’
308 1509 408 1588 sistit,
429 1531 489 1594 per
511 1531 545 1575 se
568 1514 603 1575 et
626 1532 667 1575 ex
691 1515 812 1577 natura
834 1509 883 1575 rei
904 1517 1059 1595 perpetua
1083 1529 1156 1574 esse
1180 1507 1397 1592 cognoscitur.
1445 1507 1558 1574 Posita

309 1615 397 1679 enim
419 1615 602 1682 voluntatis
624 1615 787 1681 humanae
810 1615 1019 1681 aberratione
1042 1636 1062 1680 a
1085 1635 1165 1680 vero
1181 1616 1246 1680 fine
1262 1614 1454 1698 simpliciter
1470 1635 1557 1680 com·

308 1720 400 1803 pleta
423 1724 458 1786 et
481 1720 660 1799 definitiva,
691 1720 855 1787 assecutio
878 1721 975 1786 huius
997 1721 1071 1786 finis
1094 1721 1300 1804 intellegitur
1322 1742 1395 1786 esse
1418 1725 1558 1787 naturae

309 1827 508 1894 necessitate
530 1828 751 1912 impossibilis,
775 1828 873 1911 idque
896 1829 1023 1912 pariter
1045 1830 1232 1913 simpliciter
1255 1837 1283 1894 et
1307 1829 1497 1913 definiat-et

398 1933 455 2001 IV.
479 1933 601 2011 Quodsi
623 1934 725 2017 igitur
748 1934 938 2000 universim·
951 1939 1147 2017 quaeratur:
1179 1940 1289 2000 utrum
1319 1935 1389 1999 solo
1420 1933 1558 2000 rationis

309 2037 431 2104 lumine
461 2059 483 2104 a
511 2038 611 2122 priori
644 2059 770 2122 poenae
800 2039 982 2106 aeternitas
1014 2039 1233 2106 demonstrari
1267 2045 1390 2122 queat?
1413 2075 1457 2086 -
1480 2043 1558 2104 ante

309 2143 418 2209 omnia
434 2143 665 2228 distinguenda
681 2145 811 2212 videtur
827 2145 977 2228 quaestio
989 2146 1068 2211 iuris
1081 2150 1115 2211 et
1127 2146 1276 2228 quaestio
1294 2147 1384 2213 facti.
1411 2147 1558 2227 Quaestio

312 2253 395 2317 iaris
418 2255 480 2328 est,
505 2251 533 2316 si
557 2272 714 2334 quaeras:
739 2255 849 2318 utrum
873 2251 1001 2319 sancto
1025 2252 1173 2336 poenalis
1196 2273 1257 2338 per
1272 2253 1402 2318 modum
1420 2255 1558 2317 naturae

309 2356 462 2422 intimata
483 2361 519 2422 et
541 2357 739 2424 naturaliter
761 2357 895 2440 cognita
918 2357 1076 2423 eiusmodi
1092 2357 1146 2436 sit,
1171 2379 1256 2440 quae
1270 2381 1330 2444 per
1344 2380 1376 2424 se
1391 2356 1558 2442 perpetui·

310 2467 415 2530 tatem
439 2463 562 2546 exigat,
594 2463 642 2529 ita
669 2469 794 2530 utnon
817 2464 878 2529 nisi
903 2463 1039 2548 speciali
1063 2469 1097 2530 et
1119 2465 1262 2549 positivo
1286 2464 1347 2530 Dei
1369 2464 1558 2532 interventu

310 2571 352 2634 ab
375 2569 436 2635 hac
459 2569 560 2634 eximi
582 2569 710 2654 possit?
756 2571 801 2637 Et
823 2570 885 2636 hoc
907 2571 1003 2636 modo
1027 2571 1196 2636 intellecta
1219 2571 1369 2654 quaestio
1392 2570 1477 2636 citra
1500 2569 1558 2634 du·

311 2675 399 2741 bium
423 2676 625 2760 affimoada
648 2682 710 2756 est,
734 2681 773 2743 ut
796 2680 889 2760 patet
905 2697 948 2742 ex
963 2677 1092 2742 ratione
1108 2676 1173 2742 iam
1189 2676 1223 2742 iu
1239 2677 1351 2744 coroll.
1368 2677 1426 2743 ΙΠ.
1444 2677 1557 2744 allata.

310 2781 397 2847 Addi
428 2783 528 2850 etiam
561 2786 681 2868 potest,
712 2782 798 2866 quod
828 2804 893 2848 nou
916 2783 1014 2867 pauci
1037 2783 1239 2862 existimant,
1273 2783 1411 2848 eandem
1434 2804 1558 2868 poenae

310 2889 472 2954 rationem
503 2890 724 2956 necessariam
754 2889 868 2968 videri,
900 2893 938 2954 ut
967 2888 1094 2955 sanctio
1125 2909 1242 2972 perse
1267 2889 1416 2956 absolute
1440 2891 1558 2956 efficax

311 3000 346 3061 et
368 2995 537 3062 sufficiens
559 3002 730 3082 appareat.
755 3035 798 3044 -
823 3000 972 3078 Quaestio
993 2997 1075 3079 facti
1098 2999 1209 3063 autem
1233 2996 1315 3062 haec
1339 3001 1407 3062 eet:
1438 3000 1558 3072 utrum,

309 3101 390 3167 iuris
413 3103 612 3170 necessitate
635 3103 816 3188 supposita,
840 3106 907 3168 sola
930 3103 1059 3170 ratione
1080 3102 1307 3187 philosophica
1322 3109 1412 3169 certo
1428 3104 1559 3188 probari

309 3207 425 3292 possit,
449 3209 497 3274 ita
521 3212 699 3275 accessorio
724 3218 750 3275 et
768 3231 831 3296 pro
854 3213 940 3276 maai
962 3231 1039 3275 cosa
1063 3230 1202 3294 poenam
1227 3211 1266 3274 de
1287 3209 1374 3291 facto
1397 3209 1468 3274 fore
1484 3229 1558 3294 per·

308 3318 443 3397 petuam
465 3316 499 3380 in
524 3320 729 3398 exsecutione,
761 3315 1032 3398 quemadmodum
1064 3315 1103 3381 de
1134 3315 1204 3381 iure
1228 3319 1264 3381 ut
1287 3315 1365 3382 talis
1387 3315 1559 3382 intimatur

308 3420 343 3486 in
365 3421 510 3486 naturali
530 3423 809 3506 mercantiam?
835 3423 947 3504 Atque
961 3421 995 3486 id
1011 3421 1123 3500 etiam,
1146 3425 1315 3504 tamquam
1333 3421 1442 3486 divino
1458 3421 1557 3504 legis·

309 3527 415 3593 latore
437 3507 702 3593 infinite'sancto
726 3532 760 3594 et
782 3527 922 3612 sapienti
945 3527 1089 3610 dignum,
1115 3528 1245 3593 omuino
1268 3526 1557 3610 suaderequidem

308 3636 343 3698 et
366 3637 505 3699 eatenus
530 3633 722 3711 veritatem,
755 3655 839 3716 quae
862 3634 994 3700 aliunde
1017 3634 1082 3699 iam
1105 3633 1179 3699 fidei
1204 3633 1392 3702 testimonio
1416 3640 1510 3702 const
1532 3639 1557 3708 t,

308 3760 368 3804 suo
400 3760 529 3822 quoque
562 3739 714 3805 comitari
748 3740 904 3824 suffragio
938 3739 1145 3825 philosophia
1179 3741 1279 3807 valet.
1333 3741 1436 3807 Immo
1470 3745 1556 3808 tam·

308 3866 407 3928 quam
423 3845 641 3912 certissimum
657 3846 718 3911 hoc
734 3847 852 3912 saltem
869 3847 1002 3932 apriori
1018 3847 1215 3930 assequitur,
1233 3847 1335 3912 salvis
1348 3847 1467 3912 divinis
1482 3868 1557 3932 per·

307 3950 503 4017 sectionibus
525 3952 729 4018 sanctionem
745 3952 915 4036 poenalem
933 3975 1031 4039 neque
1049 3952 1242 4036 simpliciter
1258 3957 1292 4019 et
1308 3955 1481 4018 arzioersim
1498 3975 1558 4020 sua
1636 3973 1639 3980 ·

306 4059 452 4124 naturali
480 4061 689 4144 perennitate
712 4060 876 4139 frustrari,
907 4083 1007 4146 neque
1031 4061 1130 4127 etiam
1161 4081 1221 4143 per
1244 4059 1375 4124 modum
1405 4061 1557 4143 specialis

307 4165 561 4232 interventionis
581 4165 713 4232 divinae
731 4166 973 4233 misericordiae
989 4167 1141 4248 derogari
1156 4187 1253 4249 posse
1276 4169 1317 4231 iis
1332 4170 1367 4232 ia
1384 4169 1556 4247 adiunctio,

307 4270 342 4335 in
367 4271 482 4353 quibus
507 4293 547 4338 eo
570 4272 641 4356 ipso
665 4277 831 4359 intepritos
861 4277 1038 4339 essentialis
1061 4274 1138 4357 fiais
1162 4273 1342 4340 sanctionis
1372 4273 1554 4338 deficeret2.

308 4489 400 4540 autem
412 4487 541 4558 imposuit
558 4489 665 4543 actibus
684 4490 809 4543 humanis
827 4488 947 4542 ordinem
967 4488 1084 4557 aliquem
1098 4489 1127 4542 in
1139 4491 1264 4559 respectu
1278 4489 1312 4542 nd
1325 4489 1406 4542 finem
1425 4489 1494 4542 boni.
1508 4531 1515 4542 .
1529 4528 1535 4544 .
1551 4531 1556 4543 .

307 4574 424 4645 Oportet
440 4577 533 4644 igitur,
553 4579 632 4647 quod,
651 4579 675 4632 si
688 4579 752 4632 ordo
768 4577 814 4630 ille
833 4580 907 4630 recte
926 4577 1032 4647 positus
1045 4581 1096 4640 est,
1114 4578 1271 4631 incedentes
1285 4595 1333 4648 per
1345 4577 1423 4631 illum
1436 4577 1556 4632 ordinem

307 4665 390 4718 finem
409 4665 472 4719 boni
490 4669 699 4735 cousequantur,
719 4667 790 4735 quod
809 4669 853 4719 est
871 4665 1032 4735 praemiari;
1059 4665 1218 4720 recedentes
1236 4669 1328 4718 autem
1347 4666 1381 4718 ab
1399 4665 1446 4720 illo
1465 4666 1557 4720 ordine

307 4770 357 4823 per
374 4757 517 4822 peccatum
536 4770 553 4807 a
571 4755 625 4808 fine
643 4755 706 4808 boni
726 4754 845 4818 excludi,
871 4755 943 4822 quod
962 4758 1006 4808 est
1024 4754 1137 4823 puniri.“
1179 4755 1207 4809 S.
1230 4755 1330 4822 Ttom„
1356 4753 1457 4808 Contra
1477 4753 1556 4808 Gont.

306 4841 326 4894 l.
346 4841 372 4903 3,
391 4858 414 4894 c.
435 4843 494 4896 140.
605 4845 614 4875 ¹
633 4844 661 4896 S.
685 4845 776 4897 Tlrom.
797 4844 820 4904 l,
840 4842 865 4904 2,
885 4860 911 4911 q.
931 4841 974 4905 87,
994 4860 1018 4895 a.
1039 4843 1070 4904 3;
1092 4842 1192 4895 Contra
1212 4840 1292 4896 Gent.
1312 4841 1329 4894 l.
1349 4842 1373 4906 3,
1393 4861 1416 4896 c.
1438 4843 1496 4896 144.

398 4929 409 4961 ²
429 4928 470 4983 cf.
484 4932 512 4984 S.
531 4931 632 5000 Tlrom„
652 4931 752 4985 Contra
766 4930 846 4985 Geut.
860 4930 878 4983 l.
892 4930 916 4992 3,
937 4948 960 4984 c.
976 4931 1133 4993 llo-14&
1156 4929 1183 4984 S.
1195 4929 1279 4984 theol.
1300 4930 1324 4992 2,
1344 4930 1368 4995 2,
1389 4948 1414 4999 q.
1429 4931 1471 4996 67,
1493 4949 1516 4983 a.
1530 4933 1556 4984 4.

307 5015 350 5072 cf.
371 5017 453 5071 etiam
470 5019 583 5087 Suam,
602 5019 643 5072 De
661 5019 770 5087 legibus
787 5019 806 5072 l.
826 5021 850 5081 2,
870 5037 893 5073 c.
913 5019 938 5082 9,
956 5037 983 5072 n.
1003 5020 1028 5084 3,
1048 5019 1093 5087 qui
1113 5018 1194 5072 immo
1212 5019 1267 5072 ait:
1289 5019 1346 5084 ,Ad
1365 5018 1556 5072 incurrendum
