3909 5842
674 693 705 745 ln
723 691 869 763 hypothesi
887 691 1069 748 conscientiae
1087 695 1188 747 certae.
1491 695 1554 760 279

310 889 431 948 errore,
455 890 498 935 ex
520 871 618 935 corde
641 870 781 935 hominis
803 869 932 936 ratione
955 869 1079 936 utentis
1103 869 1204 936 deleri
1227 869 1349 954 poterit
1372 869 1429 935 illa
1445 889 1556 934 essen·

308 976 400 1042 tialis
430 975 514 1059 legis
545 976 776 1060 promulgatio,
809 999 892 1062 qnae
922 979 1080 1061 supremis
1114 979 1181 1041 eine
1211 978 1383 1062 principiis
1414 979 1556 1054 constat,

310 1082 426 1164 quibus
443 1082 570 1149 scilicet
585 1083 806 1165 unusquisque
820 1104 858 1148 se
873 1082 1055 1165 obligatum
1070 1080 1243 1163 intellegit,
1268 1084 1378 1164 uitare,
1402 1089 1556 1166 quantum

310 1189 452 1254 alibero
481 1211 538 1254 eno
568 1189 703 1254 arbitrio
722 1191 876 1274 pendeat,
906 1190 1027 1254 malum
1057 1195 1087 1254 ct
1113 1189 1222 1271 facere
1247 1188 1370 1268 bonurn,
1404 1187 1489 1272 quod
1512 1188 1557 1252 ad

306 1304 428 1377 rectum
450 1299 601 1362 moralem
624 1297 769 1362 ordinem
794 1304 929 1382 apparet
951 1297 1176 1362 neceesarium.
1216 1294 1309 1360 Haec
1332 1293 1557 1376 legissumme

308 1402 481 1483 unicuique
501 1423 567 1467 non
583 1402 689 1467 minus
705 1410 788 1468 certo
810 1423 909 1485 quam
932 1402 1107 1468 amandum
1130 1401 1312 1466 obiecticnm
1330 1404 1490 1467 ueritatem
1507 1405 1557 1466 iu·

308 1508 451 1576 notescit
481 1507 526 1591 (n.
557 1511 623 1576 270
653 1507 742 1590 271).
795 1513 895 1596 Atqui
927 1509 960 1574 vi
992 1509 1088 1574 huius
1121 1507 1305 1575 dictaminis
1338 1508 1558 1574 conscientiae

308 1624 456 1682 omnent
476 1624 579 1682 rectae
601 1616 824 1698 unusquisque
846 1615 1013 1698 obligatur
1036 1616 1128 1698 sequi
1144 1614 1378 1681 conscientiam
1394 1615 1495 1681 etiam
1510 1615 1557 1680 in·

309 1721 508 1789 vincibiliter
530 1743 712 1788 erroneam.
907 1795 915 1809 .

399 1837 516 1904 Prob.
540 1837 682 1904 minor.
728 1838 846 1917 Homo,
881 1843 1040 1920 quantum
1070 1841 1109 1904 ab
1134 1841 1237 1923 ipsius
1269 1840 1404 1904 arbitrio
1432 1840 1557 1926 pendet,

309 1949 448 2010 eatenus
475 1947 601 2009 rectum
633 1943 779 2009 ordinem
803 1948 918 2010 servat
948 1964 1006 2009 seu
1037 1944 1158 2008 malum
1190 1943 1276 2010 vitat
1299 1947 1334 2011 et
1357 1944 1476 2028 bonum
1500 1965 1558 2010 ne·

309 2051 489 2118 cessarium
519 2051 741 2134 amplectitur,
772 2055 935 2133 quatenus
966 2050 1036 2116 eius
1067 2051 1222 2116 voluntas
1246 2049 1466 2118 conscientiae
1491 2050 1558 2117 dic·

309 2158 426 2226 tamini
456 2163 546 2225 certo
576 2158 699 2240 aliquid
722 2157 909 2242 prohibenti
938 2158 992 2223 vel
1016 2156 1231 2241 praecipienti
1260 2179 1333 2223 sese
1363 2157 1557 2236 conformat,

309 2265 380 2330 sive
395 2264 475 2329 illud
495 2284 610 2330 verum
623 2263 668 2329 sit
683 2264 754 2330 sive
768 2263 1003 2330 invincibiliter
1019 2283 1206 2338 erroneum
1223 2299 1267 2308 -
1283 2263 1438 2329 voluntas
1461 2263 1557 2342 enim,

309 2391 369 2455 per
384 2392 420 2436 se
436 2391 535 2436 caeca
550 2369 703 2448 facultas,
727 2369 793 2435 alio
809 2370 906 2435 modo
922 2371 964 2435 ad
979 2373 1069 2435 recte
1086 2369 1248 2452 agendum
1266 2369 1340 2435 duci
1356 2390 1421 2435 non
1437 2373 1557 2453 potest,

310 2477 374 2542 nisi
396 2478 574 2543 secundum
604 2477 647 2554 id,
678 2478 764 2559 quod
792 2475 839 2541 illi
863 2478 905 2542 ab
928 2475 1156 2559 intellegentia
1179 2475 1380 2560 proponitur.
1406 2511 1449 2521 -
1472 2477 1560 2563 Erpa

311 2603 351 2648 eo
373 2583 454 2667 ipso,
485 2583 572 2665 quod
599 2603 658 2666 per
681 2582 915 2649 conscientiam
939 2590 1057 2648 certam
1081 2591 1109 2649 et
1132 2605 1238 2648 veram
1251 2581 1485 2673 unusquisque
1508 2587 1559 2649 te·

309 2694 408 2755 netur
436 2695 563 2756 rectum
592 2689 789 2755 rationalem
819 2690 966 2756 ordinem
990 2711 1047 2755 seu
1072 2689 1178 2772 legem
1202 2693 1341 2755 naturae
1364 2688 1558 2771 generatim,

305 2805 465 2882 ‘quantum
489 2819 510 2862 a
533 2819 590 2863 suo
614 2797 750 2862 arbitrio
771 2798 895 2881 pendet,
927 2796 1117 2881 adimplere,
1148 2801 1280 2862 tenetur
1310 2815 1437 2879 quoque
1467 2795 1558 2878 sequi

310 2904 544 2970 conscientiam
570 2907 694 2969 certam
719 2903 783 2970 etsi
805 2902 1038 2968 invincibiliter
1058 2923 1238 2981 erroneam,
1263 2908 1300 2969 ut
1315 2905 1409 2986 patet
1426 2923 1468 2968 ex
1483 2923 1559 2986 pro-

310 3010 390 3075 bata
413 3010 519 3093 prima
541 3012 638 3093 parte
661 3009 803 3075 theseos.

400 3127 532 3210 Arpum.
558 3124 603 3190 ΙΙ.
650 3125 703 3189 Ex
726 3133 872 3208 conceptu
894 3125 1016 3209 pcccati
1036 3124 1195 3206 formalis.

401 3230 577 3295 Peccatum
599 3229 739 3295 formale
761 3251 820 3294 scu
843 3228 970 3296 malitia
995 3228 1134 3295 actionis
1149 3227 1271 3293 homini
1287 3227 1488 3312 imputabilis
1504 3248 1558 3293 ea·

310 3341 410 3403 tenus
433 3335 649 3410 contrahitur,
674 3340 837 3418 quatenus
860 3336 1016 3400 voluntas
1040 3334 1161 3399 malum
1186 3335 1311 3399 morale
1334 3353 1399 3416 qua
1414 3334 1483 3400 tale
1506 3355 1560 3400 oo-

311 3445 438 3527 gnitum
463 3444 565 3509 libere
589 3442 800 3526 amplectitur
822 3441 878 3524 (cf.
903 3464 934 3508 11.
962 3440 1050 3524 197).
1082 3444 1181 3528 Atqui
1204 3441 1333 3523 quoties
1357 3440 1475 3522 aliquis
1491 3439 1561 3521 agit

310 3554 428 3616 contra
449 3549 615 3615 dictamen
637 3549 857 3614 conscientiae
880 3552 1002 3627 certae,
1027 3547 1090 3615 etsi
1114 3548 1201 3613 forte
1223 3546 1455 3613 invincibiliter
1470 3565 1560 3610 erro·

311 3675 405 3733 neae,
428 3655 534 3720 libera
555 3655 728 3720 voluntate
751 3653 884 3736 aliquod
908 3653 1071 3719 obiectum
1095 3651 1314 3736 amplectitur,
1339 3652 1424 3736 quod
1442 3651 1561 3717 ineius

309 3761 500 3845 cognitione
522 3765 574 3827 est
596 3761 729 3840 malum,
754 3765 789 3826 et
812 3760 989 3826 committit
1012 3758 1150 3825 formale
1173 3761 1355 3842 peccatum.
1394 3759 1481 3845 Erpo
1504 3758 1561 3824 ob·

311 3867 471 3950 ligatione
505 3865 733 3948 adstringitur,
768 3865 816 3930 illi
848 3865 1018 3931 dictamini
1052 3885 1088 3929 se
1121 3863 1336 3930 conformare.
1366 3901 1409 3911 -
1437 3863 1561 3932 idcirco

311 3976 347 4040 S.
376 3975 536 4039 llaoucoe¹
559 3974 600 4038 de
623 3973 738 4038 eadem
762 3993 798 4036 re
822 3971 987 4037 disserens
1010 3991 1076 4036 non
1107 3969 1238 4036 dubitat
1268 3969 1449 4036 affirmare:
1486 3972 1562 4048 ,Di-

312 4079 461 4157 cendum,
495 4079 582 4161 quod
613 4078 806 4161 simpliciter
835 4077 941 4142 omnis
972 4077 1128 4144 voluntas
1159 4075 1349 4171 discordans
1379 4077 1560 4156 aratione,

311 4186 385 4252 sive
407 4190 502 4252 recta
524 4186 595 4250 sive
619 4189 762 4263 errante,
786 4205 917 4267 semper
941 4189 993 4250 est
1016 4184 1134 4249 mala.“
1168 4181 1279 4265 Atque
1302 4183 1335 4248 id
1358 4183 1463 4266 ipsum
1482 4204 1562 4268 apo·

311 4293 419 4361 stolus
442 4295 539 4376 (Rom
558 4296 609 4370 14,
627 4291 684 4373 23)
708 4291 787 4357 dicit
810 4313 883 4356 cum
907 4291 971 4356 ait:
1001 4289 1134 4369 ,Omna
1160 4289 1245 4371 quod
1269 4310 1334 4354 non
1358 4295 1409 4356 est
1432 4310 1474 4354 ex
1499 4289 1563 4354 fide

311 4400 349 4482 (i,
374 4420 401 4466 e.
426 4400 513 4483 quod
535 4402 574 4466 fit
597 4404 714 4466 contra
736 4397 995 4478 conscientiam),
1019 4401 1190 4481 peccatum
1215 4396 1323 4461 cst.“2

313 4546 384 4618 ³09.
475 4546 663 4620 Corollaria.
692 4549 718 4615 Ι.
743 4519 1188 4614 Conscientia'humanorum
1208 4551 1340 4612 actuum
1358 4545 1473 4627 regula
1488 4565 1562 4629 pro·

311 4655 404 4721 xima
427 4677 485 4722 seu
507 4655 698 4723 immediata
721 4659 812 4720 recte
833 4653 962 4732 dicitur,
987 4653 1045 4719 sed
1067 4653 1152 4719 hano
1175 4673 1269 4717 suam
1293 4651 1473 4718 efficaciam
1498 4671 1562 4716 non

313 4761 377 4827 nisi
400 4763 484 4845 legis
507 4765 560 4828 vel
584 4783 684 4828 verae
707 4761 762 4826 vel
786 4759 958 4844 putativae
982 4759 1112 4824 nomine
1136 4761 1170 4824 et
1194 4757 1394 4824 anctoritate
1418 4761 1561 4822 exercet.

408 5024 417 5054 ¹
436 5022 462 5077 S.
482 5021 566 5076 theol.
587 5023 611 5087 l,
630 5022 655 5088 2,
674 5039 701 5091 q.
722 5022 764 5085 19,
783 5038 807 5074 a.
828 5021 852 5074 5.
963 5019 974 5052 ¹
995 5017 1035 5073 cf.
1055 5021 1160 5074 Suarez
1179 5017 1196 5072 l.
1216 5035 1239 5073 o.
1258 5022 1327 5073 sect.
1346 5017 1371 5082 4,
1390 5017 1406 5086 ἓ
1426 5017 1515 5086 6sqq.
