3909 5842
430 888 554 966 didicit,
586 886 740 971 explicite
768 885 954 952 detrectet?
981 882 1119 959 —Quo
1147 886 1228 948 tunc
1257 880 1372 947 stricto
1401 880 1473 945 iure
1503 878 1688 945 secundum

430 994 567 1061 allatum
589 992 783 1077 principium
806 990 909 1057 filium
931 988 1072 1056 invitum
1096 989 1138 1055 ad
1162 985 1401 1054 oboedientiam
1425 984 1621 1051 coercebit?

430 1106 500 1177 534.
588 1103 805 1176 corollarium.
852 1104 990 1171 Reieota
1021 1104 1109 1171 falsa
1137 1102 1296 1169 eiusmodi
1325 1101 1489 1167 humanae
1518 1099 1693 1165 libertatis

430 1212 670 1298 praetensione,
694 1211 773 1277 nihil
797 1215 909 1279 tamen
932 1231 1032 1277 verae
1052 1232 1091 1277 ac
1105 1209 1213 1276 iustae
1229 1209 1299 1274 eius
1317 1207 1470 1290 dignitati
1487 1205 1691 1281 detrahitur,

431 1320 529 1385 immo
553 1338 593 1385 ea
616 1338 713 1401 quam
736 1317 880 1385 maxime
903 1316 1096 1385 adstruitur.
1141 1316 1293 1398 Namque
1315 1314 1363 1380 illi
1385 1313 1470 1379 falso
1495 1312 1563 1378 hoc
1582 1312 1690 1376 veris·

433 1424 550 1491 simum
566 1424 697 1491 axioma
713 1424 975 1491 substituendum
992 1427 1063 1489 est:
1081 1423 1192 1489 Omnia
1203 1424 1347 1487 iuridicis
1358 1424 1442 1486 inter
1452 1420 1604 1484 homines
1615 1418 1692 1483 otii·

429 1534 515 1617 qatio
532 1553 569 1597 oc
585 1532 808 1616 dependentia,
825 1552 907 1616 quae
922 1552 987 1595 aon
1002 1533 1069 1595 iam
1086 1530 1197 1595 divino
1210 1530 1407 1609 summane,
1423 1530 1489 1591 sive
1500 1526 1690 1590 immediate

431 1640 497 1702 sice
526 1639 663 1703 mediate
692 1636 916 1720 manifestata,
952 1636 1079 1718 definite
1106 1637 1208 1718 fuerit
1236 1636 1394 1720 imposita,
1427 1640 1557 1699 tantam
1588 1633 1689 1697 libero

431 724 497 787 434
648 716 737 772 Sectio
755 716 789 771 IL
826 715 907 771 Liber
924 714 959 769 11.
997 715 1086 785 Caput
1104 714 1139 769 11.
1176 711 1317 767 Articulus
1336 712 1361 766 3.
1398 710 1459 779 §L

1775 1397 1777 1480 l

431 1745 593 1809 hominum
624 1764 776 1809 consensa
806 1745 940 1828 legitime
967 1745 1081 1809 induci
1104 1750 1196 1828 atque
1217 1744 1253 1807 in
1276 1740 1446 1806 individuo
1470 1740 1690 1804 determinari

428 1858 538 1935 potest.
562 1887 606 1899 -
629 1848 687 1915 Cui
711 1848 896 1915 sententiae
919 1847 1067 1932 perfecte
1097 1846 1248 1929 congruit
1281 1846 1422 1929 definitio
1444 1846 1612 1910 libertatis
1635 1868 1687 1911 e:-

431 1965 551 2037 terane,
576 1976 674 2039 quam
697 1954 817 2021 homini
842 1959 913 2021 iure
935 1962 1070 2021 connato
1097 1957 1284 2037 competere
1305 1950 1462 2017 universa
1476 1949 1687 2035 philosophia

432 2061 612 2129 christiana
624 2062 728 2141 docet,
742 2061 909 2127 nimirum:
924 2062 1093 2143 ,Libertas
1107 2062 1295 2126 eduliorum
1310 2060 1444 2124 arbitrio
1456 2061 1493 2124 in
1506 2059 1689 2124 actionibus

433 2168 600 2237 externis.“

729 2252 877 2327 dotanda
899 2252 940 2325 ad
962 2252 1136 2327 solvendas
1159 2250 1384 2324 difficultates.

432 2361 500 2434 535.
592 2365 619 2427 1.
654 2360 854 2444 Quicumque
883 2360 937 2425 vel
966 2380 1085 2445 purum
1115 2357 1365 2425 naturalismum
1397 2357 1452 2422 vel
1483 2356 1686 2422 atheismum

431 2466 578 2553 profiteri
601 2468 692 2545 nolit,
716 2466 813 2534 fateri
837 2467 951 2551 procul
975 2466 1071 2531 dubio
1095 2465 1193 2531 debet
1215 2465 1321 2530 Deum
1343 2463 1562 2528 multifariam
1586 2463 1685 2529 etiarn

431 2596 492 2660 per
519 2574 650 2639 modum
675 2576 816 2639 naturae
840 2576 963 2638 certam
988 2592 1080 2637 suam
1104 2572 1309 2637 voluntatem
1333 2569 1498 2634 circatas
1522 2568 1687 2636 humanas

432 2702 497 2746 non
520 2681 626 2745 solum
649 2678 682 2744 in
706 2679 878 2756 communi,
903 2678 960 2743 sed
978 2678 1078 2744 etiam
1093 2678 1127 2742 in
1142 2676 1335 2761 particulari
1354 2674 1574 2742 manifestare
1591 2699 1686 2761 posse

433 2808 471 2853 ac
486 2806 604 2852 revera
620 2786 842 2852 manifestare.
873 2785 964 2862 Quod
981 2785 1036 2850 ubi
1048 2784 1226 2851 seeundum
1243 2787 1355 2849 rectae
1369 2782 1510 2848 rationis
1526 2785 1685 2850 aestima·

433 2892 556 2959 tionem
577 2891 749 2975 contingit,
772 2892 934 2957 humanae
950 2891 1097 2957 libertati
1111 2890 1277 2972 integrum
1294 2910 1358 2955 non
1374 2892 1426 2954 est
1440 2889 1683 2956 ordinationem

434 2997 534 3064 divini
553 2997 754 3081 legislatoris
769 3020 829 3082 pro
845 2998 950 3065 lubitu
966 3018 1131 3082 spernere,
1156 3000 1225 3075 aut,
1248 2994 1408 3078 siquidem
1423 2994 1566 3062 sociales
1582 2997 1683 3063 homi-

432 3126 509 3171 num
540 3104 718 3171 relationes
749 3105 872 3171 directe
896 3104 1048 3187 attingit,
1081 3103 1217 3169 iuridice
1245 3101 1448 3168 inefficacem
1477 3102 1683 3169 existimare.

523 3215 552 3278 2.
584 3211 682 3277 Aliud
714 3215 764 3277 est
795 3210 902 3276 dicere
932 3210 1012 3276 iuris
1039 3209 1232 3275 relationem
1262 3230 1322 3292 per
1351 3209 1457 3273 solum
1486 3228 1682 3274 consensum

432 3316 571 3383 liberum
594 3322 762 3400 tamquam
786 3339 915 3382 causam
937 3316 1121 3399 fcrnraliter
1142 3316 1326 3399 efficientem
1345 3313 1573 3394 determinari,
1597 3316 1682 3381 aliud

432 3445 581 3490 asserere
611 3425 654 3489 ad
684 3423 846 3489 actualem
870 3426 1044 3489 externum
1067 3422 1216 3504 vigorem
1238 3421 1318 3487 iuris
1339 3420 1405 3487 iam
1428 3440 1488 3504 per
1511 3442 1551 3487 se
1575 3422 1681 3487 deter-

432 3530 557 3609 minati,
588 3529 771 3613 generatim
802 3529 974 3613 loquendo,
1005 3529 1027 3597 i.
1055 3550 1083 3595 e.
1116 3528 1204 3595 inter
1232 3527 1380 3594 homiues
1407 3526 1541 3594 adultos
1565 3532 1602 3594 et
1625 3548 1681 3593 usu

432 3635 570 3702 rationis
599 3634 766 3714 fruenter,
797 3636 941 3719 aliquam
971 3636 1090 3701 saltem
1122 3635 1260 3701 tacitam
1292 3633 1379 3699 illius
1412 3633 1619 3716 agnitionem
1651 3641 1682 3700 et

432 3747 570 3808 eatenus
603 3764 784 3808 consensum
817 3744 950 3827 requiri,
983 3745 1074 3825 puta,
1108 3762 1172 3806 non
1202 3746 1240 3809 ut
1266 3761 1399 3807 causam
1429 3739 1681 3808 determinandi.

432 3848 490 3914 sed
521 3852 558 3915 ut
590 3849 801 3915 condicionem
831 3848 910 3913 iuris
942 3850 988 3913 ad
1010 3870 1102 3914 usura
1126 3848 1324 3935 applicandi.
1371 3846 1443 3912 Hoc
1469 3847 1569 3912 modo
1597 3847 1681 3912 enim

432 3975 550 4021 revera
572 3953 725 4021 iuridieas
749 3954 976 4038 obligationes
1002 3976 1059 4020 eas
1083 3954 1194 4033 etiam,
1219 3975 1303 4036 quae
1325 3952 1472 4019 libertati
1496 3952 1530 4017 vi
1553 3954 1681 4019 altioris

432 4060 515 4143 legis
545 4059 764 4143 imponuntur,
797 4062 989 4145 plerumque
1012 4065 1124 4127 tamen
1147 4082 1212 4126 non
1235 4060 1305 4125 sine
1329 4059 1561 4144 cooperatione
1584 4060 1681 4124 liber-

433 4168 513 4236 tatis
537 4167 590 4233 vei
614 4166 853 4233 concomitante
876 4167 931 4232 vel
947 4170 1167 4249 consequente
1183 4166 1260 4232 oriri
1277 4166 1435 4234 videmus.
1475 4166 1554 4242 Quis
1571 4170 1679 4232 autem

433 4294 655 4359 quaecumque
668 4276 702 4339 et
714 4272 1015 4355 quomodocumque
1027 4296 1096 4339 mem
1109 4272 1264 4339 libertate
1275 4274 1368 4351 fiunt,
1386 4272 1501 4338 eadem
1509 4296 1573 4358 per
1585 4273 1681 4337 liber·

432 4384 536 4447 tatem
560 4377 629 4443 fieri
654 4378 799 4444 dixerit?

904 4464 1146 4533 Articulus
1170 4464 1204 4533 8.

488 4576 578 4641 luris
602 4574 676 4639 idea
701 4595 738 4639 ea
762 4574 903 4639 absoluto
926 4574 1041 4638 mandi
1059 4576 1223 4659 principio
1241 4574 1454 4659 pontheistice
1478 4574 1626 4638 derivata

859 4680 1036 4765 (Schellinp
1057 4717 1101 4729 —
1125 4679 1251 4763 Hegel).

688 4820 705 4903 ἓ
732 4823 760 4887 1.
797 4820 897 4885 Eius
928 4818 1155 4885 character
1185 4820 1426 4903 exponitur.

433 4934 501 5007 5³6.
593 4936 799 5004 Subieotivus
828 4934 924 5015 ,iuris
947 4934 1248 5001 individualismus“
1275 4955 1335 5018 per
1352 4934 1509 5000 Kantium
1533 4938 1567 5001 et
1582 4932 1678 4999 Fich·

431 5048 520 5109 teum
550 5044 618 5109 lato
647 5046 850 5127 propagatus
880 5047 979 5124 atque
1009 5041 1175 5106 mediante
1202 5039 1428 5124 philosophica
1456 5039 1678 5107 abstractione
