3909 5842
363 668 426 733 136
588 662 679 719 Sectic
698 666 720 719 I.
757 665 837 719 Liber
855 665 890 719 11.
927 665 1017 736 Caput
1035 666 1056 721 l.
1093 665 1231 721 Articulas
1253 666 1275 719 1.
1313 664 1374 733 53.

361 846 512 910 cialitatis
524 844 659 910 realiter
673 848 709 911 et
724 844 875 910 effective
891 848 1069 927 congruat:
1087 844 1249 909 neminem
1265 842 1352 909 enim
1367 842 1483 926 fugere
1498 861 1627 925 posse.

361 970 459 1033 quam
482 951 599 1017 intima
622 951 739 1017 relatio
764 950 906 1017 exsistat
927 951 1015 1016 inter
1038 949 1231 1017 felicitatem
1248 952 1426 1036 peacralem
1442 952 1475 1014 et
1491 948 1629 1013 indivi-

362 1057 498 1139 dualem,
530 1078 603 1123 cum
632 1057 694 1123 sibi
711 1056 891 1140 'reciproce
921 1056 1067 1123 condicio
1098 1055 1301 1134 essentialis,
1333 1054 1440 1121 altera
1467 1052 1629 1119 alterius

361 1183 462 1228 causa
485 1162 581 1229 simul
604 1165 639 1227 et
662 1164 799 1229 effectus
828 1184 901 1228 esse
931 1166 1183 1244 cognoscantur.
1208 1198 1252 1207 -
1275 1162 1391 1243 ltaque
1418 1180 1628 1244 supremum

361 1267 559 1334 moralitatis
582 1267 775 1353 principium
799 1269 841 1334 ad
861 1269 946 1333 hanc
963 1267 1102 1350 denique
1118 1266 1320 1333 definitivam
1335 1265 1419 1349 legis
1433 1265 1627 1331 formulam

360 1374 544 1440 reducitur:
568 1375 621 1439 Ita
643 1396 765 1440 omnem
787 1382 876 1440 tuam
892 1377 1082 1439 nativitatem
1098 1375 1239 1458 dispone,
1264 1381 1352 1438 ntea
1367 1372 1630 1457 pacatamfieri

358 1484 459 1565 possit
481 1483 656 1546 maximam
678 1502 836 1546 rammam
855 1484 1089 1566 prosperitatis,
1113 1483 1281 1545 minimam
1303 1500 1375 1543 nero
1400 1480 1519 1545 doloris
1532 1500 1628 1564 pro-

362 1592 467 1672 ducat,
497 1612 563 1655 aaa
592 1592 691 1655 solam
709 1612 773 1674 pro
797 1598 835 1671 tc,
866 1592 923 1657 ced
946 1593 1042 1656 etiam
1063 1612 1123 1676 pro
1148 1592 1222 1655 aliis
1244 1590 1426 1655 bominibus
1449 1595 1506 1651 aut
1529 1592 1630 1651 cerie

360 1717 419 1781 pro
441 1718 538 1781 qaam
559 1696 632 1780 fieri
649 1698 753 1780 possit
775 1698 915 1761 monimo
938 1718 1070 1761 nurnero
1093 1698 1232 1761 aliorum
1254 1696 1417 1761 homiaem
1427 1696 1447 1759 ¹.

450 1800 686 1866 Verumtamen
709 1805 816 1867 totum
845 1801 931 1866 hunc
963 1802 1120 1867 moralem
1153 1802 1332 1868 discursum
1358 1798 1523 1865 Bentham
1546 1818 1627 1862 non

361 1906 426 1972 alio
449 1906 514 1971 fine
536 1907 690 1991 suscepit,
714 1928 813 1990 quam
836 1912 875 1974 ut
897 1906 1111 1974 scientificum
1134 1908 1229 1991 quasi
1252 1907 1497 1991 praeambulum
1513 1924 1627 1988 prae-

361 2013 510 2079 mitteret
532 2012 648 2078 maiori
672 2013 764 2097 operi
786 2014 930 2097 politico,
963 2015 1048 2097 quod
1077 2014 1272 2081 moliebatur
1296 2012 1423 2095 (Traite
1447 2011 1486 2077 de
1509 2011 1627 2093 legis-

361 2116 479 2199 lation)
503 2122 538 2183 et
560 2119 646 2201 quod
669 2121 880 2205 praecipuam
896 2120 966 2187 eius
982 2120 1104 2187 nomini
1121 2120 1347 2187 celebritatem
1363 2116 1487 2184 attulit.
1520 2116 1623 2181 Idem

362 2245 504 2307 namque
520 2226 683 2291 obiectum
698 2226 830 2292 socialis
846 2226 1063 2309 legislationis
1079 2248 1152 2292 esse
1168 2230 1326 2311 reputans
1342 2224 1429 2308 quod
1445 2222 1530 2305 legis
1541 2243 1626 2287 mo-

361 2331 441 2397 ralis
456 2331 641 2410 universae,
662 2353 859 2415 quamquam
876 2334 1054 2399 secundum
1070 2333 1231 2399 rationem
1249 2330 1456 2398 necessitatis
1471 2332 1506 2395 et
1522 2328 1625 2394 utili·

361 2437 443 2503 tatis
454 2437 585 2503 socialis
598 2438 704 2522 magis
717 2440 1030 2523 circumscriptum²‚
1047 2460 1145 2505 unum
1159 2439 1310 2521 idemque
1321 2456 1509 2522 supremum
1522 2434 1625 2519 prin-

362 2544 482 2627 cipium
494 2543 711 2626 legislationis
723 2545 935 2611 statuendum
947 2566 1020 2611 esse
1033 2546 1128 2612 duxit
1143 2546 1229 2629 quod
1242 2550 1276 2611 et
1291 2542 1499 2617 moralitatis,
1516 2541 1624 2607 nimi·

362 2670 434 2713 rum
457 2649 650 2733 principium
670 2654 960 2730 ,maximicatioaia
972 2650 1157 2735 felicitatia“
1176 2672 1233 2717 seu
1250 2650 1405 2716 utilitatis
1421 2648 1623 2725 communis,

362 2755 460 2839 idque
476 2757 573 2823 solito
589 2756 742 2823 instituto
762 2759 924 2836 ,calculo“
941 2760 983 2824 ad
997 2759 1106 2824 varias
1118 2757 1334 2842 legislationis
1346 2754 1505 2823 materias
1516 2776 1625 2839 prac-

361 2862 428 2928 tice
444 2863 610 2946 applicare
625 2862 770 2947 suscepit
778 2864 799 2923 ⁸.
823 2863 933 2945 Atque
948 2864 997 2930 ita
1013 2864 1104 2931 nulla
1120 2865 1234 2931 habita
1249 2865 1378 2930 ratione
1394 2862 1525 2929 altioris
1541 2862 1625 2927 finis

363 2974 422 3035 aut
442 2970 566 3035 ordinis
587 2970 744 3036 divinitus
765 2971 929 3055 praefiniti
950 2972 1055 3036 omnis
1078 2971 1244 3053 legislatio
1267 2969 1373 3036 civilis
1396 2974 1431 3034 et
1454 2967 1624 3051 poenalis,

361 3075 1620 3145 immouniversusordoiuridicusinarithmeticoilloatililarismofundatur.

362 3215 429 3286 165.
520 3217 581 3295 Qui
597 3218 631 3283 in
655 3218 804 3284 doctrina
826 3218 943 3283 morali
967 3218 1154 3285 Benthamii
1178 3218 1320 3301 vestigia
1343 3218 1494 3301 proxime
1510 3218 1622 3283 secuti

362 3328 448 3401 sunt,
473 3324 563 3389 illam
587 3346 652 3390 uon
675 3329 745 3390 tam
763 3325 919 3391 ulteriore
934 3346 1111 3409 progressu
1128 3346 1225 3408 quam
1242 3328 1338 3390 caute
1354 3324 1503 3389 adhibito
1519 3326 1621 3389 theo-

362 3432 466 3495 retico
496 3430 720 3496 moderamine
749 3433 908 3515 perficere
938 3432 1143 3498 studuerunt.
1191 3432 1307 3515 ltaque
1330 3432 1483 3496 nolentes
1506 3434 1618 3497 totum

362 3535 608 3601 utilitarismum
637 3536 737 3601 etiam
765 3540 911 3602 socialem
934 3537 967 3601 in
992 3536 1149 3621 principio
1173 3558 1262 3603 mere
1287 3538 1447 3620 egoistico
1471 3536 1617 3611 fundari,

363 3641 544 3723 egoismum
559 3641 793 3707 individualem
810 3642 920 3726 potius
943 3644 1082 3727 primum
1107 3648 1141 3708 et
1158 3644 1376 3730 imperfectam
1392 3653 1533 3711 naturae
1547 3652 1617 3709 eta-

364 3749 454 3813 diam
477 3747 511 3811 in
535 3747 723 3813 evolutione
753 3748 921 3814 nobilioris
950 3749 1152 3816 utilitarismi
1183 3750 1315 3834 proprie
1345 3752 1475 3816 socialis
1506 3750 1617 3815 dicere

362 3854 560 3920 maluerunt.
591 3853 644 3919 Ita
659 3855 747 3920 inter
765 3854 847 3919 alios
871 3855 983 3921 Jamee
1008 3858 1232 3922 incentatore*
1254 3856 1509 3939 (1766—1832)
1525 3856 1615 3921 viam

362 3978 565 4041 prosequens
589 3982 687 4042 qnam
703 3962 841 4048 Hartby
857 3982 900 4027 ex
914 3966 1010 4045 parte
1026 3962 1091 4027 iam
1109 3962 1317 4044 signaveram
1342 3984 1402 4029 nec
1419 3984 1484 4027 non
1500 3963 1617 4029 Jamea

362 4064 434 4128 Mill
457 4069 492 4131 et
515 4064 631 4132 Stuart
653 4066 733 4133 Mill.
759 4105 802 4115 —
825 4068 909 4133 Prae
934 4068 1052 4133 ceteris
1077 4074 1187 4135 autem
1211 4070 1325 4135 Staart
1348 4070 1421 4136 Mill
1445 4069 1486 4134 ad
1508 4068 1615 4152 philo-

362 4171 496 4255 sophice
524 4172 770 4257 perpoliendum
801 4174 933 4257 lateque
963 4176 1211 4259 propagandum
1239 4180 1389 4260 systema
1412 4174 1616 4241 utilitarismi

362 4276 536 4360 plurimum
560 4278 768 4345 contribuit⁵.
816 4278 1013 4346 Luculenter
1036 4286 1070 4347 et
1098 4281 1327 4359 ,scientifice‘‚
1358 4282 1379 4347 i.
1405 4302 1434 4346 e.
1459 4280 1614 4347 methodo

362 4380 569 4465 positivismi,
600 4382 680 4446 illud
712 4384 902 4465 complexus
935 4390 986 4451 est
1016 4384 1049 4449 in
1079 4406 1138 4450 suo
1169 4406 1268 4469 opere
1302 4386 1614 4463 ,Utilitarianism¹,

363 4485 443 4551 nihil
466 4506 531 4551 non
555 4492 699 4565 tentans,
730 4511 794 4571 quo
821 4490 854 4553 in
878 4490 1006 4556 ratione
1029 4494 1289 4577 penercliesimae
1312 4496 1442 4561 socialis
1466 4496 1616 4558 utilitatis

456 4726 464 4756 ¹
484 4724 524 4777 Cf.
543 4722 640 4778 Deont.
659 4725 672 4778 1
691 4724 752 4779 388.
861 4724 982 4779 ’Traite
1001 4726 1034 4779 de
1053 4726 1141 4793 legisl.
1161 4726 1173 4779 l
1196 4726 1253 4781 108.

454 4812 464 4843 ⁸
484 4810 524 4865 Cf.
544 4810 637 4865 'l'reitt
655 4812 689 4865 de
707 4811 796 4879 legisl.
816 4815 844 4865 et
856 4812 970 4866 Theorie
990 4814 1037 4867 dee
1056 4814 1150 4883 peines
1168 4818 1197 4867 et
1216 4814 1264 4869 des
1282 4818 1482 4885 recompenses,
1502 4814 1615 4885 passim.

453 4902 463 4930 ⁴
482 4897 664 4951 Dissertatiou
683 4916 717 4952 oo
735 4900 783 4953 the
802 4898 983 4967 Progressus
1000 4900 1107 4955 achion
1128 4900 1295 4972 Philosophy
1317 4902 1423 4971 (1836).

454 4985 524 5039 ⁸Cf.
546 4988 665 5053 Carras,
685 4984 724 5038 La
742 4986 844 5040 morale
862 4986 994 5040 utilitaire
1013 4988 1046 5051 ll,
1066 5006 1088 5041 c.
1109 4990 1133 5052 2,
1153 5006 1178 5058 p.
1198 4990 1250 5043 227
1264 5007 1325 5059 sqq.
