3909 5842
638 673 678 728 De
697 674 873 730 couscientia.
891 704 927 713 -
947 675 1096 730 Generales
1114 676 1246 731 nouenae.
1501 685 1565 750 275

317 873 451 918 normas
474 850 507 916 vi
530 851 614 933 legis
638 855 794 917 aeternae
817 855 930 919 firmas
952 854 1135 921 theoretice
1158 855 1362 938 cognovisse,
1387 857 1448 923 nisi
1472 879 1567 942 prae-

318 963 412 1025 terea
442 958 483 1023 de
514 957 610 1024 modo
644 964 678 1025 et
711 959 901 1025 condicione
934 965 1113 1040 constaret,
1150 983 1214 1044 qua
1246 961 1352 1046 ipsum
1385 964 1566 1031 subiectum
1592 993 1597 1016 ¹

318 1085 422 1148 agens
451 1065 486 1130 iu
514 1064 682 1130 individuo
706 1085 749 1130 ex
771 1065 837 1130 illis
859 1067 1031 1134 moraliter
1054 1067 1224 1134 informari
1247 1069 1415 1153 possitae
1439 1070 1567 1140 debeat.

318 1171 402 1236 Sunt
425 1172 537 1236 autern
558 1173 759 1255 potissimum
782 1172 856 1255 duo,
880 1193 965 1254 quae
988 1173 1021 1238 in
1041 1173 1171 1240 homins
1194 1175 1236 1240 ad
1252 1175 1337 1240 hanc
1352 1176 1567 1244 subiectivam

318 1275 584 1343 informationem
609 1281 825 1343 concurrunt:
850 1280 985 1344 oderam
1009 1282 1060 1344 est
1083 1279 1335 1364 uniuscuiusque
1358 1283 1567 1362 conscientia,

319 1392 385 1464 qua
408 1381 572 1447 obiectiva
594 1381 718 1446 ordinis
739 1382 875 1448 moralis
898 1383 1014 1466 regula
1037 1383 1069 1448 in
1094 1385 1241 1452 subiecto
1257 1385 1397 1470 primurn
1412 1389 1569 1473 recipitur

320 1493 354 1554 et
383 1487 573 1554 individuae
603 1488 769 1556 nativitati
799 1490 994 1573 applicatur,
1027 1493 1162 1558 ultorum
1184 1493 1218 1558 in
1241 1492 1364 1559 liberae
1388 1495 1569 1562 voluntatis

319 1593 512 1661 habitudine
541 1593 626 1676 (aive
656 1594 801 1678 positiva
830 1594 902 1661 sive
924 1595 1097 1679 negativa)
1122 1597 1164 1662 ad
1187 1598 1325 1664 eandem
1348 1600 1568 1666 conscientiae

320 1701 471 1784 regulam
501 1700 663 1779 consistit,
694 1702 780 1767 unde
809 1702 843 1767 in
868 1702 1016 1768 subiecto
1039 1705 1181 1770 morales
1206 1705 1385 1788 qualitates
1409 1707 1567 1786 oriuntur,

321 1828 406 1890 quae
428 1808 529 1891 vulgo
552 1807 695 1874 virtutes
718 1813 753 1874 et
775 1808 859 1875 vitia
881 1809 1028 1877 audiunt.

411 1914 528 1997 Itaque
542 1914 615 1998 ipsa
630 1936 684 1980 rea
696 1914 792 1980 huius
803 1915 878 1980 libri
890 1915 1102 1999 partitionem
1115 1937 1212 2000 quam
1225 1938 1401 2000 sequamur
1415 1919 1569 1999 insinuat,

321 2021 461 2104 primum
486 2021 617 2103 quidem
640 2025 857 2100 conscientiae,
882 2021 999 2088 deinde
1014 2025 1167 2088 mantum
1184 2027 1384 2090 aradiorum
1400 2029 1569 2092 moralium

323 2127 588 2212 explanationem
611 2127 800 2211 deposcens.

858 2318 981 2428 (laput
1007 2317 1036 2404 l.

386 2479 442 2552 De
470 2479 697 2553 conscientia
725 2503 792 2552 seu
820 2480 865 2552 de
894 2479 1102 2554 subiectiva
1129 2480 1223 2573 legis
1252 2481 1508 2577 applicatione.

325 2633 395 2704 303.
486 2636 535 2703 Ut
558 2636 723 2702 obiectiva
745 2636 912 2719 obligandi
935 2637 995 2714 vis,
1021 2658 1086 2719 qua
1109 2638 1164 2703 lex
1187 2639 1348 2704 naturalis
1373 2643 1407 2707 et
1428 2640 1489 2706 hac
1504 2660 1570 2706 me-

325 2740 437 2809 diante
467 2743 567 2808 etiam
598 2743 653 2808 lex
683 2742 828 2827 positiva
851 2743 1005 2827 praedita
1027 2748 1088 2822 est,
1120 2765 1237 2810 revera
1260 2766 1318 2810 seu
1340 2745 1374 2810 in
1402 2750 1496 2825 ,actu
1520 2767 1572 2811 se·

325 2849 449 2915 cundo‘
483 2870 576 2914 suam
607 2848 789 2914 efficaciam
819 2847 862 2914 ad
891 2848 1085 2931 obligandos
1107 2849 1254 2915 homiues
1278 2871 1433 2916 exercere
1456 2851 1571 2935 possit,

323 2975 390 3019 nou
413 2955 536 3022 sufficit
559 2955 629 3021 eius
652 2955 874 3038 promulgatio
898 2976 940 3020 ex
962 2959 1059 3038 parte
1074 2955 1284 3038 legislatoris,
1309 2979 1368 3041 per
1383 2979 1480 3040 quam
1497 2959 1573 3024 sub·

325 3060 403 3126 ditis
427 3061 496 3128 eius
520 3061 765 3144 cognoscendae
789 3061 972 3144 generatim
998 3061 1093 3146 copia
1116 3062 1223 3142 datur,
1248 3067 1283 3130 et
1306 3084 1390 3145 quae
1405 3085 1465 3147 per
1479 3085 1515 3130 se
1532 3063 1573 3129 ad

324 3167 431 3250 ipsam
462 3167 657 3234 obiectivam
682 3168 845 3233 rationem
868 3168 952 3251 legis
974 3168 1135 3252 pertinet;
1167 3169 1225 3234 sed
1249 3189 1331 3253 opus
1355 3173 1406 3235 est
1428 3169 1572 3254 insuper,

324 3277 363 3340 ut
385 3275 440 3340 lex
464 3274 602 3356 singulis
625 3273 765 3339 subditis
785 3273 968 3356 obligandis
985 3275 1149 3340 subiectio-c
1164 3277 1339 3340 innotescat
1354 3280 1389 3341 et
1403 3279 1572 3359 tamquam

325 3380 445 3463 agendi
477 3381 593 3462 regula
625 3383 660 3445 in
687 3381 855 3447 individuo
885 3380 1079 3465 applicetur.
1127 3380 1198 3446 Hoc
1229 3381 1337 3447 officio
1368 3403 1409 3448 ex
1433 3387 1572 3449 naturae

324 3486 478 3552 instituto
501 3487 651 3569 fungitur
673 3485 926 3568 uniuscuiusque
950 3489 1150 3556 consciencia

796 3675 1042 3744 Articulus
1066 3677 1098 3744 1.

627 3803 798 3868 Generelea
821 3803 859 3867 de
882 3805 1072 3869 conscientia
1094 3805 1236 3868 notiones
1246 3803 1267 3868 ¹.

783 3968 801 4050 ἓ
827 3971 856 4036 1.
891 3968 1114 4035 Definitio.

326 4091 396 4164 304.
487 4092 715 4159 Conscientiae
739 4113 857 4158 nornen
880 4094 972 4158 varie
997 4093 1173 4177 accipitur:
1207 4098 1235 4161 l.
1258 4117 1318 4180 pro
1341 4117 1436 4161 sensu
1452 4099 1572 4180 intimo,

326 4221 390 4282 quo
422 4199 516 4265 nobie
546 4199 667 4265 conscii
691 4220 813 4277 sumus,
845 4221 905 4264 nos
929 4199 1100 4277 exsistere,
1131 4201 1334 4284 intellegere,
1368 4222 1468 4284 agere
1491 4207 1571 4278 etc.;

326 4311 357 4371 2.
379 4328 440 4392 pro
462 4309 536 4391 ipae
560 4309 670 4371 animo
694 4306 755 4370 sibi
785 4310 921 4389 conada,
952 4327 1016 4386 quo
1044 4327 1142 4371 sensu
1166 4306 1206 4372 de
1230 4307 1429 4373 conscientia
1452 4309 1573 4374 munda

325 4412 382 4477 vel
404 4413 570 4477 immunda
592 4411 773 4493 loquimur;
799 4415 829 4477 3.
849 4433 912 4496 pro
935 4415 1100 4498 syntereai,
1124 4412 1144 4478 i.
1163 4433 1190 4480 e.
1208 4412 1366 4479 habituali
1387 4415 1573 4497 cognitione

326 4509 562 4584 uniuersalium
594 4518 827 4602 principiorum
851 4519 1072 4601 practicorum
1096 4518 1129 4582 in
1152 4539 1273 4601 genere
1297 4521 1455 4599 moruml,
1487 4542 1514 4587 e.
1539 4543 1571 4604 g.

326 4625 417 4690 Deus
441 4624 606 4702 colendus,
636 4628 793 4707 parentes
815 4623 1007 4700 honorandi,
1035 4624 1155 4689 nemini
1178 4625 1374 4706 faciendum,
1406 4627 1491 4712 quod
1514 4627 1572 4693 tibi

419 4831 601 4887 ¹Secundum
625 4831 701 4886 ideas
720 4831 746 4885 S.
766 4830 886 4885 Theium
906 4829 945 4898 (S.
965 4829 1049 4884 theol.
1070 4831 1098 4896 l,
1125 4847 1151 4899 q.
1171 4832 1217 4899 79)
1244 4831 1396 4886 luculenter
1414 4833 1447 4887 de
1473 4832 1525 4888 hac
1543 4851 1573 4887 re

327 4921 439 4977 ducent
457 4922 571 4988 Suara,
590 4919 631 4972 De
649 4919 770 4973 bonitate
789 4924 818 4972 et
836 4919 941 4972 malitia
958 4917 1032 4971 hum.
1052 4925 1162 4972 actuum
1182 4918 1250 4989 disp.
1272 4920 1313 4984 12,
1332 4923 1399 4974 sect.
1420 4922 1507 4989 lsqq.

418 5009 489 5064 'Gt
510 5011 538 5062 S.
561 5009 662 5076 filiorm,
681 5007 707 5061 S.
727 5006 809 5061 theol.
831 5008 854 5071 l,
873 5024 898 5074 q.
919 5007 961 5070 79,
981 5023 1005 5059 a.
1027 5006 1067 5058 12.

1302 5095 1357 5149 18*
