3909 5842
657 639 724 694 Esse
743 639 833 707 legem
851 638 1005 694 naturalem
1023 639 1223 709 comprobatur.
1500 643 1564 707 215

317 815 472 900 primario
487 820 660 900 nataralia,
684 817 705 883 i.
723 837 750 882 e.
767 837 826 900 per
841 817 973 882 modum
989 820 1129 881 naturae
1144 817 1216 882 lata
1231 821 1266 882 et
1285 816 1429 882 naturali
1444 817 1566 883 lumine

317 920 439 986 homini
455 921 672 988 innotescens.
705 923 742 987 Id
759 921 844 987 euim
861 921 1016 1004 exigunt:
1040 923 1075 1004 a)
1098 925 1251 1006 araalopia
1267 921 1410 988 omnium
1427 923 1565 988 aliarum

317 1050 427 1094 rernm
451 1034 646 1106 creatarum,
672 1049 755 1112 quae
779 1049 891 1094 omnes
914 1049 973 1112 per
996 1029 1102 1112 ipsam
1124 1049 1218 1093 suam
1241 1037 1396 1094 naturane
1411 1030 1453 1094 ad
1468 1031 1565 1095 finem

318 1135 527 1212 ordinantur;
552 1134 586 1217 b)
608 1137 684 1220 finis
706 1138 792 1222 lepis,
821 1135 876 1218 qui
899 1139 991 1201 totus
1014 1135 1174 1200 naturalis
1197 1139 1259 1212 est,
1287 1135 1424 1218 ideoque
1447 1135 1565 1205 media.

318 1241 436 1323 quibus
452 1243 665 1327 compleatur,
682 1241 819 1324 requirit
835 1241 977 1307 eiusdem
996 1240 1134 1312 ordinis:
1160 1239 1191 1323 e)
1207 1240 1280 1324 ipsa
1291 1241 1430 1325 denique
1446 1250 1566 1308 natare

298 1350 489 1414 'rctbnalis
512 1349 658 1430 bominis,
682 1351 798 1430 utpote
821 1367 905 1429 quae
924 1346 1031 1411 ordini
1052 1346 1279 1430 perspiciendo
1294 1350 1368 1413 tot-a
1383 1369 1566 1414 accommo-

318 1453 426 1533 datur,
457 1473 563 1536 neque
594 1453 695 1519 ullam
726 1454 832 1536 legem
864 1452 1041 1537 positivam
1072 1452 1238 1518 efficacem
1270 1452 1415 1537 recipere
1441 1458 1565 1538 posset,

317 1581 382 1626 nou
406 1561 577 1645 supposita
600 1561 673 1644 lege
696 1559 895 1626 naturaliter
917 1559 1060 1642 cognita.
1103 1559 1182 1637 Quis
1205 1559 1292 1624 enim
1315 1560 1390 1643 lege
1412 1559 1565 1644 positiva,

319 1666 419 1734 etiam
450 1667 571 1744 divina,
603 1687 676 1733 sese
705 1666 894 1732 immediate
923 1666 1095 1732 moraliter
1122 1665 1315 1732 obstrictum
1339 1667 1472 1744 sentiat,
1503 1666 1565 1731 nisi

319 1776 547 1858 antecedenter,
571 1773 591 1838 i.
617 1793 646 1840 e.
670 1772 813 1838 naturali
837 1772 975 1838 rationis
990 1772 1122 1851 lumine,
1146 1773 1217 1838 Deo
1233 1773 1456 1856 quodcumque
1471 1793 1567 1858 prae·

318 1879 452 1964 cipienti
475 1880 660 1946 absolutam
684 1879 923 1944 oboedientiam
947 1878 1058 1944 deberi
1081 1878 1309 1963 perspexerit?

318 2016 387 2087 248.
475 2015 635 2088 Probatur
663 2015 723 2087 lll⁰
755 2021 793 2085 ab
825 2021 939 2084 intima
972 2022 1168 2105 experientia
1200 2021 1346 2086 bominis.
1393 2019 1565 2086 Praescia·

318 2123 424 2188 dendo
449 2125 549 2191 etiam
573 2127 689 2209 alege
713 2131 850 2192 aeterua
873 2131 907 2193 et
930 2127 1050 2192 ueteris
1080 2127 1272 2204 rationibus,
1304 2147 1389 2211 quae
1418 2150 1439 2192 a
1461 2129 1566 2212 priori

318 2231 402 2313 legis
425 2233 587 2298 naturalis
610 2233 838 2300 exsistentiam
863 2233 1029 2311 evincunt,
1054 2255 1166 2299 omnes
1190 2233 1337 2300 homines
1352 2233 1490 2301 rationis
1505 2254 1566 2298 usu

319 2337 458 2420 praediti
491 2339 707 2406 certissimum
737 2340 821 2422 legis
852 2340 1015 2406 naturalis
1038 2345 1266 2423 argumentum
1290 2340 1323 2404 in
1346 2361 1408 2406 sua
1431 2339 1567 2422 quisque

319 2447 509 2509 conscientia
525 2446 767 2512 circumferunt.
784 2445 920 2530 -Ipsa
936 2446 1056 2530 quippe
1072 2449 1192 2511 natura
1207 2446 1388 2524 rationalia,
1405 2448 1566 2527 quatenus

318 2571 379 2632 per
394 2550 558 2616 cotidiana
574 2551 708 2617 intimae
725 2551 948 2636 experientiae
969 2553 1061 2619 facta
1083 2552 1177 2617 uobis
1195 2552 1436 2629 manifestatur,
1454 2571 1566 2616 omnes

317 2655 517 2722 characteres
540 2679 633 2723 verae
656 2661 731 2744 lepis
754 2661 885 2724 rnoralis
910 2660 1065 2724 divinitus
1088 2661 1172 2724 lotae
1195 2667 1223 2724 et
1242 2661 1464 2744 prornnlpatae
1485 2677 1566 2741 prae

317 2782 355 2825 se
388 2761 462 2829 lert.
510 2763 596 2850 Erpa
628 2768 715 2830 teste
749 2785 876 2847 quoque
905 2763 1023 2832 intima
1055 2764 1260 2849 experientia
1288 2765 1320 2829 in
1351 2763 1481 2828 homine
1511 2765 1566 2829 lex

318 2869 479 2934 naturalis
504 2871 743 2952 comprobatur.
799 2893 801 2896 ·

408 2972 524 3042 Prob.
542 2980 674 3043 antee.
707 2976 838 3042 Natura
853 2976 1035 3053 rationalia,
1053 2981 1151 3059 prout
1163 2975 1415 3058 uniuscuiusque
1426 2975 1566 3040 hominis

318 3077 454 3145 intimae
478 3082 703 3165 experientiae
726 3082 911 3158 innotescit,
936 3087 988 3148 est

411 3192 438 3253 1.
463 3191 574 3274 repnte
598 3190 746 3256 obiectiea
770 3197 798 3254 et
820 3190 944 3255 stabilis
960 3197 1041 3255 recte
1057 3189 1236 3254 ordinandi
1252 3191 1390 3254 actiones
1405 3189 1566 3253 inmanes

319 3295 365 3358 od
401 3293 496 3378 finem
530 3297 652 3362 bomini
693 3299 887 3362 essentialem
924 3299 1105 3381 cunctisque
1141 3296 1322 3360 horninibus
1360 3316 1564 3377 commanem,

318 3403 354 3464 et
384 3401 514 3482 quidem
544 3401 577 3484 a)
608 3405 801 3488 speculativo-
832 3425 888 3468 seu
921 3401 1068 3486 proxime
1099 3400 1244 3483 dirigens
1275 3400 1495 3474 intellectum
1524 3400 1565 3465 de

318 3506 463 3573 essentia
487 3507 572 3574 enim
595 3509 734 3575 rationis
757 3514 818 3587 est,
844 3515 881 3575 ut
903 3509 946 3575 sit
970 3529 1085 3573 norma
1100 3506 1251 3591 proxima
1267 3505 1474 3584 moralitatis,
1498 3506 1519 3572 i.
1536 3528 1564 3573 e.

318 3612 481 3678 obiective
509 3614 713 3680 discernendi
736 3615 812 3682 boui
836 3619 870 3681 et
893 3615 969 3680 mali
993 3613 1128 3680 moralis
1152 3612 1282 3697 (Thasia
1304 3613 1390 3690 XIX,
1416 3634 1446 3678 n.
1472 3614 1564 3693 184),

319 3720 354 3802 b)
375 3723 530 3807 practica,
553 3721 658 3806 ipsam
684 3724 886 3790 voluntatem
911 3721 1027 3786 morali
1051 3720 1250 3787 necessitate
1272 3723 1363 3785 recto
1387 3719 1492 3784 ordini
1507 3720 1565 3785 ad·

317 3827 495 3909 stringens.
527 3828 665 3912 Etenim,
689 3833 776 3894 teste
799 3828 915 3894 intima
931 3825 1146 3910 experientia,
1171 3847 1244 3891 oum
1259 3826 1373 3891 eadem
1389 3826 1565 3902 evidentia,

318 3933 485 4000 arationis
501 3955 559 3998 usu
570 3934 790 4019 inseparabili,
807 3955 879 3999 oum
890 3933 1121 4016 quanonnulla
1136 3932 1369 3999 invincibiliter
1384 3932 1565 3998 iudicamus

318 4040 488 4107 moraliter
503 4040 597 4119 bona,
615 4041 680 4106 alia
696 4062 774 4106 vero
790 4041 888 4118 mala,
905 4039 1002 4105 simul
1018 4060 1123 4123 aeque
1134 4038 1367 4104 invincibiliter
1382 4039 1564 4122 apprehen·

318 4146 425 4212 dimus
444 4149 581 4214 actiones
601 4150 706 4214 malas
724 4170 830 4214 ornnes
843 4169 882 4212 eo
896 4147 967 4231 ipso
984 4168 1057 4213 esse
1073 4149 1212 4228 illicitas,
1230 4167 1272 4210 ex
1296 4147 1386 4211 torris
1401 4167 1473 4211 rere
1486 4168 1564 4211 non-

318 4255 426 4318 nullas
442 4253 483 4317 ad
504 4253 729 4336 integritatem
749 4253 830 4318 reati
846 4252 981 4319 moralis
997 4253 1118 4318 ordinis
1135 4273 1208 4317 ease
1224 4251 1426 4317 necessarias
1442 4256 1477 4317 et
1492 4251 1564 4317 ideo

315 4369 512 4444 praeceptas.
545 4359 709 4424 Sentimus
729 4359 830 4442 igitur
849 4381 909 4425 nos
932 4359 973 4424 de
989 4358 1079 4424 facto
1095 4379 1154 4442 per
1169 4358 1300 4422 modum
1315 4362 1455 4423 naturae
1471 4361 1566 4443 qnasi

318 4468 505 4551 imperative
535 4467 696 4548 adstrinpi
726 4467 769 4529 acl
792 4469 865 4532 illas
890 4465 1090 4547 omittendas,
1122 4466 1310 4529 lassantem
1332 4465 1563 4548 suscipiendas.

318 4571 422 4647 Quam
445 4571 606 4636 internam
631 4573 872 4648 auctoritatem,
898 4570 1143 4653 qualiscumque
1159 4570 1212 4647 sit,
1236 4570 1264 4634 si
1284 4574 1435 4653 prompte
1458 4571 1565 4652 sequi-

317 4699 400 4754 mur,
425 4678 523 4743 animi
539 4698 664 4761 pacem,
686 4679 713 4742 si
731 4677 977 4754 contemnimus
995 4676 1215 4742 conscientiae
1231 4676 1380 4741 stimulos
1396 4680 1565 4758 tamquam

318 4805 434 4848 vocem
457 4783 577 4848 interni
600 4782 716 4848 iudicis
740 4783 988 4849 condemnantis
1011 4783 1229 4866 experimur¹.

317 4909 423 4917 ...ι-...ὴ

411 4968 419 4999 ¹
439 4966 479 5020 Ol.
498 4968 527 5020 S.
552 4966 652 5033 Thom,
672 4965 698 5019 S.
717 4963 801 5019 theol.
822 4965 844 5030 l,
864 4965 889 5029 2,
909 4981 935 5032 q.
955 4964 998 5029 21,
1017 4981 1042 5016 a.
1063 4965 1093 5025 l;
1115 4980 1140 5030 q.
1160 4962 1203 5025 91,
1222 4978 1248 5014 a.
1267 4961 1284 5013 2
1303 4961 1338 5014 ad
1357 4960 1381 5012 2.
