3909 5842
566 631 712 686 Societatis
731 631 821 686 civilis
840 631 916 700 origo
937 630 1071 685 naturalis
1090 630 1250 685 ostenditur.
1468 633 1532 700 359

276 812 382 878 modo
405 812 476 878 vita
499 811 678 877 domestica
703 833 800 894 quam
825 810 931 876 civilis
947 811 1032 878 hanc
1048 811 1243 894 dignitatem
1259 812 1453 898 participat:
1477 817 1535 880 illa

275 918 463 996 immedite,
495 920 573 985 haec
604 918 747 986 mediate
777 939 816 984 ac
845 922 971 984 remote
995 921 1160 984 enatura
1189 918 1348 1000 originem
1379 919 1534 997 sortitum

275 1029 342 1092 illa
366 1025 408 1091 ad
432 1029 571 1092 naturae
593 1026 676 1090 fines
699 1025 837 1109 singulis
860 1023 1037 1090 individuis
1060 1024 1264 1103 essentiales,
1288 1027 1366 1092 hoec
1386 1025 1534 1100 adfines,
1574 1046 1580 1061 “

276 1133 348 1200 toti
371 1131 501 1214 quidem
517 1133 630 1215 generi
645 1132 858 1211 necessarios,
883 1131 1023 1214 singulis
1039 1135 1148 1198 autem
1165 1153 1224 1216 per
1239 1153 1276 1197 se
1291 1131 1390 1198 utiles
1405 1135 1534 1199 tanturn

277 1239 338 1304 vel
362 1237 492 1302 nonnisi
513 1238 726 1322 hypothetice
749 1238 953 1304 necessarios
975 1237 1125 1323 proxime
1148 1237 1320 1306 ordinatur
1330 1238 1352 1304 ¹.

275 1377 355 1448 424.
446 1377 504 1445 ΠΙ.
528 1379 582 1444 Ex
605 1379 804 1446 necessitate
827 1378 982 1458 naturali,
1007 1378 1173 1461 quainter
1188 1369 1336 1444 homines
1351 1378 1534 1460 generatim

278 1485 400 1551 civiles
430 1488 543 1551 coetus
574 1485 712 1551 deficere
742 1489 919 1566 nequeunt,
950 1485 1041 1550 nulla
1071 1484 1213 1551 derivari
1240 1487 1351 1569 potest
1374 1484 1535 1550 naturalis

277 1591 455 1673 obligatio,
485 1612 550 1674 qua
578 1613 684 1658 ornnes
709 1599 735 1657 ct
758 1593 879 1675 singuli
900 1589 1048 1656 homines
1071 1590 1104 1655 in
1128 1590 1216 1655 civili
1239 1589 1399 1656 societate
1421 1590 1535 1657 vivere

279 1701 342 1764 aut
365 1697 399 1762 in
428 1718 468 1763 ea
498 1702 688 1764 constanter
716 1719 911 1783 permanere
941 1702 1129 1765 teneantur.
1175 1697 1263 1764 Nam
1293 1698 1379 1764 sicut
1407 1697 1534 1764 adhoc

277 1809 437 1888 respectu
460 1803 662 1887 singulorum
686 1804 784 1870 datur
806 1805 990 1871 necessitas
1012 1808 1144 1871 tantum
1172 1803 1396 1889 hypothetica,
1427 1803 1476 1870 ita
1499 1808 1535 1871 et

280 1911 480 1997 hypothetico
504 1919 627 1976 tontum
651 1913 800 1998 oblipctio
824 1933 897 1978 esse
920 1915 1047 1995 potest;
1071 1910 1092 1976 i.
1110 1932 1138 1978 e.
1156 1915 1293 1977 catenus
1316 1915 1394 1978 actu
1417 1933 1533 1976 unum-

279 2038 445 2099 quemque
474 2017 508 2082 in
537 2016 728 2102 particulari
759 2017 978 2100 obstringens,
1010 2021 1172 2099 quatenus
1202 2016 1274 2099 quis
1307 2037 1381 2082 cum
1410 2017 1533 2083 maiore

279 2123 449 2188 hominum
480 2123 688 2189 multitudine
717 2123 933 2189 communiter
962 2123 1075 2188 vivere
1105 2123 1187 2189 velit
1215 2128 1274 2190 aut
1296 2143 1355 2206 per
1377 2123 1533 2189 adiuncta

280 2229 469 2314 personalia
493 2229 535 2295 ad
558 2229 698 2314 idipsam
722 2229 892 2294 moraliter
916 2229 1090 2312 obligetur.

579 2417 727 2491 Nolendo
750 2419 791 2491 ed
814 2419 990 2491 solvendae
1012 2417 1236 2490 difficultates.

280 2541 353 2613 425.
449 2547 476 2609 1.
508 2541 577 2619 Quo
605 2565 702 2608 sensu
727 2544 813 2626 apud
837 2542 1058 2609 Scholasticos
1080 2543 1272 2626 plerumque
1295 2545 1404 2608 status
1427 2541 1532 2606 civilis

282 2671 304 2714 a
327 2653 419 2715 statu
442 2649 586 2715 naturali
606 2649 837 2732 distinguatur,
862 2649 927 2715 iarn
943 2669 1044 2733 supra
1059 2647 1105 2732 (n.
1122 2649 1202 2729 397)
1219 2647 1301 2714 satis
1317 2648 1530 2731 explanatum

282 2758 344 2821 est.
392 2754 559 2820 Eiusmodi
583 2756 670 2819 enim
694 2776 754 2820 usu
777 2755 930 2838 loquendi
953 2776 1019 2821 non
1042 2754 1131 2820 alind
1146 2755 1217 2819 fere
1233 2754 1409 2832 insinuant,
1434 2773 1531 2835 quam

282 2861 368 2942 quod
393 2861 426 2926 in
450 2861 622 2926 corollario
639 2860 679 2926 Il.
705 2861 802 2926 modo
818 2861 964 2927 exhibito
980 2861 1132 2927 similiter
1147 2862 1348 2944 profitemur.
1379 2860 1424 2925 Et
1439 2881 1531 2925 mens

282 2966 412 3048 quidem
437 2967 469 3034 S.
494 2967 639 3033 Thomas
662 2989 702 3034 aa
726 2968 766 3034 de
789 2989 825 3033 re
848 2972 963 3052 aperte
987 2971 1100 3034 exstat
1122 2973 1192 3035 tum
1215 2968 1248 3033 in
1271 2968 1344 3032 loco
1367 2987 1467 3050 supra
1490 2967 1532 3033 ad

272 3073 488 3144 ,corollarium
513 3074 538 3140 Ι.
563 3073 665 3140 citato
695 3079 765 3140 tarn
794 3075 881 3153 alibi,
911 3072 1071 3159 imprimis
1098 3075 1152 3139 ubi
1176 3095 1244 3139 rem
1268 3073 1410 3155 aliquam
1435 3074 1530 3139 modo

282 3183 447 3264 strictiore,
471 3180 567 3246 modo
591 3183 703 3246 lot-inre
719 3201 816 3246 sensu
837 3179 1059 3258 ,naturalem
1079 3179 1143 3244 dici
1158 3200 1255 3264 posse
1271 3178 1393 3245 diserte
1408 3184 1530 3256 monet,

283 3285 330 3352 ati
353 3306 384 3352 v.
408 3309 440 3370 g.
466 3287 497 3352 S.
521 3286 621 3352 theol.
650 3290 678 3365 1,
703 3283 734 3365 2,
758 3309 788 3368 q.
806 3289 859 3359 41.
884 3308 913 3352 a.
931 3290 968 3364 3;
993 3308 1024 3369 q.
1042 3288 1095 3365 51,
1120 3307 1149 3352 a.
1169 3288 1198 3351 1.

282 3423 352 3494 426.
444 3429 475 3494 2.
499 3426 638 3493 Etiamsi
663 3427 797 3493 daretur
820 3426 920 3509 (quod
943 3430 1055 3492 tamen
1073 3425 1249 3491 secundum
1267 3424 1442 3491 veritatem
1459 3426 1529 3490 dari

284 3552 378 3614 posse
401 3531 583 3616 negamus),
609 3553 736 3598 omnem
761 3533 953 3599 societatem
979 3533 1108 3598 civilem
1122 3532 1306 3614 formaliter
1321 3530 1449 3596 demum
1467 3555 1530 3619 qua

283 3641 375 3704 lolem
398 3637 476 3704 oriri
500 3639 605 3705 solum
629 3660 671 3704 ex
695 3639 804 3723 aliquo
821 3640 984 3706 communi
999 3641 1164 3705 hominnm
1182 3659 1342 3705 consensu
1358 3659 1417 3704 seu
1432 3643 1530 3722 pacto

283 3745 390 3827 aliquo
421 3747 538 3812 saltem
569 3745 737 3830 implicito,
768 3746 801 3812 id
831 3751 943 3813 tamen
973 3746 1189 3813 assertionem
1212 3745 1265 3811 hic
1287 3749 1528 3829 propugnatam

283 3872 485 3934 nequaquam
508 3853 699 3918 infirmaret.
734 3853 785 3919 Ad
807 3853 869 3918 hoc
893 3854 979 3918 enim
996 3874 1078 3937 opus
1094 3857 1182 3918 essct
1196 3852 1330 3935 insuper
1346 3851 1528 3923 ostendere,

283 3957 324 4022 ad
355 3957 511 4022 eiusmodi
545 3979 739 4023 consensum
771 3960 1006 4042 praestandum
1038 3959 1186 4024 homines
1218 3956 1402 4041 generatim
1432 3958 1530 4022 libere

283 4062 465 4141 convenire,
489 4063 510 4129 i.
535 4083 562 4130 e.
588 4064 678 4129 nulla
702 4070 841 4131 naturae
864 4064 1065 4131 necessitate
1088 4084 1194 4146 neque
1217 4062 1418 4145 obligatione
1441 4081 1530 4126 com-

285 4169 432 4252 pellente.
464 4169 643 4238 Praeterea
667 4193 730 4237 non
755 4173 860 4238 omnis
884 4171 1129 4254 qualiscumque
1153 4170 1339 4254 cooperatio
1363 4168 1529 4234 hominum

285 4275 381 4340 etiam
410 4275 444 4340 in
474 4275 641 4343 individuo
665 4278 778 4355 libera,
810 4299 916 4361 neque
939 4277 1062 4361 privati
1084 4280 1278 4349 ,contractus
1301 4274 1486 4341 successive
1510 4295 1528 4339 a

285 4381 392 4446 multis
415 4387 551 4467 propter
574 4385 678 4450 solum
701 4385 834 4467 aliquod
857 4385 1025 4469 privatum
1048 4384 1252 4450 commodum
1270 4382 1354 4459 initi,
1378 4381 1529 4463 equibus

355 4613 406 4668 ¹‘H
422 4615 446 4668 δ’
466 4618 494 4668 ἐκ
513 4614 638 4667 πλειόνων
656 4613 751 4678 κωμῶν
769 4619 889 4667 κοινωνία
911 4616 1009 4676 τέλειος
1026 4616 1108 4680 πόλις,
1127 4618 1143 4684 ἡ
1164 4617 1197 4685 δὴ
1217 4617 1306 4684 πάσης
1323 4615 1424 4684 ἔχουσα
1443 4618 1529 4683 πέρας

286 4695 330 4771 τῆς
347 4700 513 4772 αὐταρκείας,
534 4705 571 4764 ὡς
590 4703 654 4762 ἔπος
670 4704 756 4766 εἰπεῖν,
777 4705 897 4772 γινομένη
915 4707 966 4768 μὲν
984 4704 1030 4757 οὖν
1049 4709 1097 4757 τοῦ
1116 4708 1162 4774 ζῆν
1180 4705 1274 4769 ἕνεκεν,
1293 4703 1362 4756 οὖσα
1381 4705 1412 4756 δὲ
1431 4709 1479 4756 τοῦ
1498 4705 1528 4759 εὖ

288 4795 336 4860 ζῆν,
372 4791 417 4844 Διὸ
436 4796 508 4843 πᾶσα
529 4791 602 4850 πόλις
619 4791 698 4858 φύσει
717 4791 799 4854 ἐστὶν,
819 4790 893 4858 εἴπερ
912 4791 955 4843 καὶ
975 4793 1004 4844 αἱ
1021 4790 1126 4859 πρῶται
1143 4794 1282 4845 κοινωνίαι.
1320 4793 1421 4860 Arist,
1447 4792 1528 4846 Polit.

287 4880 298 4932 Ι
315 4879 337 4942 2,
358 4879 434 4945 1252,
453 4879 478 4942 b,
498 4877 541 4944 26,
561 4882 588 4931 et
606 4877 687 4948 paulo
707 4880 770 4931 ante
789 4877 825 4932 ib.
844 4896 868 4943 a,
888 4879 937 4933 26:
955 4876 1062 4950 Ἀνάγκη
1076 4883 1108 4950 δὴ
1130 4878 1235 4947 πρῶτον
1253 4882 1448 4942 ουνδοάζεωῖαι
1467 4884 1529 4942 τοὺς

287 4967 342 5020 ἄνευ
361 4964 479 5036 ἀλλήλων
495 4968 532 5036 μὴ
553 4969 716 5032 δυναμένους
734 4967 807 5032 εἶναι,
828 4967 883 5021 οἷον
902 4969 970 5038 θῆλυ
987 4972 1037 5034 μὲν
1055 4970 1098 5022 καὶ
1118 4968 1200 5036 ἄρρεν
1219 4974 1267 5039 τῆς
1286 4971 1417 5038 γενέσεως
1434 4970 1528 5023 ἕνεκεν.
