3909 5842
394 676 459 740 498
654 670 742 725 Sestio
762 670 796 723 ll.
834 671 915 725 Liber
933 671 968 725 Il.
1007 669 1095 741 Caput
1112 670 1161 725 111.
1199 670 1339 725 Articulus
1356 672 1383 724 4.

396 848 463 908 dum
492 848 653 908 continent.
696 846 806 907 Omnes
835 846 911 907 enim
939 866 988 907 res
1015 847 1163 908 humanae
1189 846 1314 924 ipsaque
1341 848 1423 907 vitae
1451 846 1573 907 socialis
1601 848 1648 907 in·

395 946 510 1007 stitutio
539 966 577 1005 ex
604 950 704 1005 mente
730 944 822 1004 divini
850 944 981 1005 auctoris
1009 949 1040 1004 et
1068 944 1246 1005 ordinatoris
1268 964 1405 1022 supremo
1426 944 1470 1003 illi
1491 949 1523 1005 et
1543 964 1650 1005 essen·

393 1045 461 1105 tiali
488 1047 566 1105 bono
595 1044 744 1103 hominum
773 1043 964 1103 subserviant
991 1062 1114 1102 necesse
1142 1047 1197 1104 est.
1238 1042 1344 1120 Itaque
1369 1043 1460 1104 etiam
1481 1043 1648 1103 secundnm

395 1142 571 1219 principium
602 1142 695 1217 „recti
724 1141 844 1202 socialis
873 1141 1002 1200 ordinis“
1021 1144 1125 1217 palmo
1145 1150 1171 1200 et
1191 1143 1317 1201 maxime
1337 1142 1500 1202 maentialr'c
1521 1162 1557 1201 ea
1578 1142 1648 1201 iura

395 1239 521 1299 dicenda
547 1244 626 1311 sunt,
655 1258 730 1315 quae
750 1242 894 1299 humanae
915 1258 1131 1316 personaeque
1152 1240 1206 1299 toti
1226 1238 1407 1299 conveniunt
1427 1259 1463 1299 ac
1483 1246 1648 1318 propterea

394 1346 516 1397 nonnam
544 1342 699 1397 vocantur.
740 1336 820 1395 Nihil
849 1335 926 1395 enim
947 1335 995 1394 his
1015 1334 1112 1410 magis
1133 1335 1302 1395 immediate
1322 1344 1353 1395 et
1373 1336 1576 1396 essentialiter
1597 1355 1649 1394 ne·

396 1436 558 1495 cessarium
592 1440 709 1508 „rectus
736 1434 818 1493 ritae
839 1434 960 1493 socialis
982 1433 1070 1493 ordo“
1094 1434 1235 1510 postulet.
1276 1434 1334 1492 His
1355 1434 1458 1494 ordine
1479 1434 1648 1493 succedunt

395 1532 470 1604 iura,
500 1552 575 1609 quae
603 1532 737 1610 proxime
766 1532 798 1591 in
825 1532 970 1592 societate
998 1533 1129 1592 humana
1156 1552 1214 1609 qua
1242 1532 1420 1592 naturaliter
1446 1532 1587 1593 institute
1615 1540 1647 1592 et

396 1631 538 1691 divinitus
560 1629 677 1690 sancita
697 1630 868 1701 fundantur,
895 1636 925 1689 et
944 1635 1041 1709 priato
1061 1630 1178 1707 quidem
1200 1650 1248 1702 ea,
1266 1630 1372 1706 quibus
1393 1630 1515 1703 familia,
1544 1633 1648 1691 &tude

396 1730 502 1805 quibus
524 1728 613 1788 latior
635 1728 731 1789 civilis
752 1734 855 1789 coetus
878 1732 907 1787 et
929 1728 1060 1788 societas
1080 1728 1199 1805 publica
1220 1728 1421 1788 essentialiter
1445 1728 1647 1789 constitutur.

395 1827 477 1887 Idem
506 1827 613 1906 quippe
641 1828 712 1887 ordo
740 1827 906 1889 obiectivae
934 1832 1110 1888 permeata
1137 1832 1193 1900 eet,
1222 1846 1280 1903 qua
1306 1826 1385 1886 istae
1411 1827 1513 1887 variae
1536 1826 1646 1886 iurinm

396 1926 518 1998 classes,
541 1928 733 2002 praelucente
755 1942 891 2002 supremo
912 1926 982 1999 fine,
1010 1926 1049 1986 ad
1069 1930 1184 1985 rectum
1204 1926 1285 1985 ritae
1306 1925 1428 1985 socialis
1448 1925 1582 1985 ordinem
1603 1945 1648 1985 re

396 2024 559 2101 quiruntur.
581 2058 619 2065 —
641 2025 766 2084 inverso
787 2028 886 2083 auteur
909 2024 1013 2084 ordine
1033 2024 1137 2084 eadem
1157 2024 1223 2083 inre
1244 2024 1394 2083 censenda
1414 2029 1494 2095 sunt,
1514 2024 1541 2082 si
1561 2023 1593 2083 in
1610 2023 1649 2083 iis

396 2142 455 2181 non
476 2126 537 2181 tam
557 2122 669 2197 gradus
690 2120 881 2181 necessitatis
902 2122 992 2181 medii
1014 2122 1051 2181 ad
1072 2122 1161 2181 finem
1182 2122 1373 2181 essentialem
1392 2122 1531 2194 hominis,
1558 2142 1647 2197 quam

394 2224 505 2298 produc
534 2224 662 2299 eorporis
691 2222 804 2281 amalis
834 2220 1025 2294 aestimatur,
1061 2221 1145 2281 cuius
1175 2221 1316 2280 moralem
1347 2219 1548 2295 organismum
1577 2239 1647 2278 con·

396 2319 532 2377 atitunnt
561 2318 599 2376 Et
619 2318 676 2376 hac
697 2316 813 2393 quidem
835 2318 961 2390 ratione,
984 2319 1094 2378 ceteris
1114 2318 1237 2396 paribus
1259 2324 1290 2377 et
1310 2319 1395 2377 salvo
1417 2337 1534 2394 semper
1547 2337 1649 2376 essen

397 2416 459 2475 tiali
480 2418 538 2475 fine
560 2416 697 2489 hominis,
720 2416 786 2477 iura
802 2418 918 2494 mettim
940 2417 1048 2476 ceteris
1069 2416 1263 2493 praecellunt.

869 2600 1111 2669 Articulus
1134 2600 1169 2668 4.

696 2738 746 2803 De
769 2739 928 2803 collisione
952 2738 1078 2801 iuriam
1103 2743 1130 2801 et
1153 2735 1342 2820 officioram.

397 2869 467 2941 593.
558 2870 714 2947 Quamvis
737 2860 802 2935 non
826 2869 931 2935 solnm
953 2869 1027 2935 iura
1051 2874 1085 2935 et
1108 2868 1217 2934 officia
1239 2867 1384 2952 positiva
1399 2888 1442 2933 ex
1458 2868 1563 2935 variis
1578 2869 1646 2935 suis

398 2976 543 3042 fontibus
566 2975 716 3060 positivis
740 2980 830 3042 certo
854 2994 1061 3057 cognoscere,
1085 2974 1264 3041 sedetiam
1288 2975 1454 3040 naturalia
1477 2996 1496 3039 e
1519 2998 1647 3043 summo

398 3083 556 3168 principio
593 3103 654 3166 ope
688 3085 800 3148 rectae
834 3080 973 3148 rationis
1008 3080 1203 3147 concludere
1235 3081 1270 3147 in
1307 3082 1420 3147 multis
1455 3084 1556 3149 rebus
1589 3106 1644 3169 per

398 3212 434 3255 se
457 3212 594 3275 pronum
625 3194 659 3256 et
689 3188 845 3272 liquidum
875 3189 936 3269 sit,
967 3210 1032 3253 non
1062 3187 1234 3254 mediocris
1262 3192 1376 3255 tamen
1404 3188 1500 3253 huius
1530 3210 1647 3273 opera-

399 3296 498 3361 tionis
533 3297 711 3363 difficultas
746 3296 922 3378 aliquando
958 3316 1000 3360 ex
1034 3295 1107 3379 ipsa
1138 3294 1384 3378 multiplicitate
1416 3299 1451 3361 st
1481 3294 1649 3362 varietate

399 3402 516 3467 iuriam
546 3408 580 3469 et
610 3402 788 3469 officiorum
821 3424 880 3486 per
909 3423 1021 3467 eorum
1052 3403 1252 3485 collisionem,
1284 3422 1380 3483 quam
1406 3406 1539 3481 vocant,
1570 3404 1648 3468 sun

399 3508 477 3573 oriri
500 3512 620 3593 potest.

490 3616 644 3682 Cottidere
674 3615 760 3683 inter
789 3636 825 3681 se
855 3615 926 3680 sive
949 3615 1022 3680 iura
1045 3614 1117 3679 sive
1140 3612 1250 3680 officia
1272 3612 1434 3691 dicuntur,
1465 3614 1493 3679 si
1517 3616 1650 3697 quando

400 3721 463 3785 due
487 3721 539 3786 vel
563 3722 659 3806 plura
679 3726 886 3801 concurrunt,
911 3720 1029 3805 quibus
1052 3718 1149 3785 simul
1164 3718 1318 3786 satisfieri
1333 3720 1456 3803 nequit.
1487 3720 1649 3798 Quoniam

400 3849 480 3892 vero
511 3828 615 3894 omnis
645 3830 700 3895 lex
730 3828 800 3894 sive
825 3828 934 3895 ethica
958 3828 1029 3893 sive
1052 3826 1190 3892 iuridics
1217 3826 1397 3905 „ordinatio
1420 3826 1578 3893 rationis·
1606 3828 1651 3894 sit

400 3940 541 4020 oportet,
566 3935 734 4018 omnisque
757 3934 923 4019 obligandi
947 3934 998 3999 vis
1021 3955 1043 3999 a
1065 3934 1178 3999 divina
1200 3934 1373 4001 voluntate
1395 3934 1573 4000 ultimatim
1593 3936 1650 4001 de·

400 4042 536 4120 scandit,
561 4042 631 4107 sine
654 4062 719 4123 qua
742 4061 802 4105 nec
825 4040 875 4105 ius
898 4061 959 4105 nec
983 4038 1128 4106 officium
1144 4040 1274 4122 aliquod
1291 4042 1420 4105 firmum
1436 4060 1510 4106 esse
1526 4046 1648 4125 potest,

400 4172 420 4215 a
444 4148 543 4232 priori
566 4169 626 4231 pro
650 4152 740 4213 certo
756 4146 939 4212 habendum
957 4150 1019 4226 est,
1044 4146 1244 4211 collisionem
1260 4146 1441 4211 officiorum
1457 4148 1512 4213 vel
1528 4148 1647 4211 iun'nni

400 4256 544 4321 abiectior
564 4258 679 4321 realem
705 4254 827 4319 nullam
851 4274 933 4333 esse,
962 4254 1020 4319 sed
1044 4274 1127 4332 eam,
1153 4253 1347 4336 ubicumque
1370 4258 1532 4333 occurrat,
1556 4276 1648 4320 mera

401 4365 594 4447 apparentia
623 4364 785 4426 constare.
832 4358 957 4445 Quippe
987 4381 1049 4426 nec
1078 4364 1171 4426 recta
1200 4360 1286 4426 ratic
1316 4381 1377 4425 nec
1400 4360 1461 4425 Dei
1491 4361 1649 4428 voluntas

400 4468 462 4533 sibi
486 4466 710 4535 contradicere
733 4472 768 4533 et
791 4487 839 4547 ea,
872 4489 956 4551 quae
979 4468 1067 4535 inter
1089 4489 1126 4532 se
1149 4472 1307 4551 pugnant,
1338 4466 1435 4534 simul
1457 4466 1651 4552 praecipere

401 4577 459 4639 erut
482 4578 556 4639 rata
587 4572 707 4640 habere
740 4596 893 4658 umquam
925 4579 1045 4659 potest.
1092 4575 1299 4659 Quapropter
1333 4574 1438 4641 omnis
1470 4572 1651 4640 collisionis

401 4680 520 4745 solutio
550 4678 583 4743 in
613 4680 801 4765 dissipanda
829 4682 989 4748 eiusmodi
1021 4680 1216 4766 apparentia
1246 4685 1347 4764 atque
1376 4681 1410 4745 in
1433 4680 1649 4747 discernendo

403 4808 440 4852 eo
476 4786 582 4852 officio
614 4789 666 4854 vel
699 4788 770 4854 iure
802 4790 969 4868 consistit,
1004 4789 1091 4871 quod
1120 4788 1297 4854 secundum
1330 4792 1455 4855 rectam
1485 4787 1647 4855 rationem

400 4915 481 4979 prae
500 4894 597 4959 altero
618 4900 804 4979 praecolere
825 4902 859 4963 et
875 4896 949 4961 hinc
969 4896 1063 4959 unice
1087 4899 1162 4960 actu
1180 4895 1351 4980 efficaciter
1368 4894 1548 4962 subsistere
1572 4916 1649 4960 cen-

403 5000 539 5062 sendum
561 5000 613 5065 sit.
