3909 5842
447 679 511 743 110
675 675 765 731 Sectio
783 676 804 731 1.
842 676 923 731 Liber
940 677 975 731 II.
1013 676 1103 749 Caput
1121 677 1142 731 1.
1179 676 1318 732 Articulue
1340 678 1362 731 1.
1400 678 1461 745 51.

444 850 655 925 conveniunt,
685 857 849 935 quotenus
878 857 932 919 eet
960 852 1075 922 libera.
1121 852 1213 921 Inter
1241 852 1323 919 haec
1352 852 1565 938 praecipuum
1585 854 1690 919 iocum

445 958 573 1025 obtinet
601 957 676 1042 ipsa
703 960 882 1045 moraliter,
915 978 1001 1042 quae
1029 958 1228 1043 reliquorum
1258 959 1508 1027 fundamentum
1532 960 1691 1045 quoddam

445 1062 641 1130 censendum
666 1068 727 1131 est.

982 1168 1104 1279 Guput
1131 1167 1160 1255 1.

912 1318 969 1395 De
996 1320 1220 1396 moralitate.

918 1500 1161 1570 Articulua
1186 1500 1217 1570 1.

841 1634 891 1701 De
914 1636 1103 1703 moralitate
1119 1638 1152 1702 in
1176 1658 1296 1723 penore.

740 1801 759 1883 d
786 1805 814 1869 1.
861 1802 918 1868 De
940 1807 1096 1869 natura
1117 1802 1396 1871 moralitatis.

444 1933 508 2006 141.
599 1936 825 2003 Moralitatem
853 1934 1037 2019 generatim
1062 1956 1135 2001 cam
1158 1935 1267 2002 dicere
1291 1934 1434 2001 solemus
1457 1934 1694 2019 proprietatem

445 2041 610 2109 actionum
626 2042 854 2121 humanarum,
870 2042 1049 2109 secuudum
1065 2061 1163 2125 quam
1176 2040 1231 2107 vel
1242 2038 1546 2123 boneethoueetae,
1562 2040 1695 2122 rectae),

446 2148 501 2216 vel
528 2149 636 2215 malae
659 2148 875 2228 (inhonestae,
905 2170 973 2215 non
995 2148 1121 2231 rectae)
1149 2148 1204 2213 vel
1226 2148 1287 2213 sub
1309 2146 1438 2214 ratione
1461 2147 1621 2215 honitatis
1646 2147 1696 2212 rel

446 2254 586 2323 molitiei
614 2254 839 2323 indifferentes
869 2259 1046 2321 censentur
1055 2258 1076 2323 ¹.
1124 2256 1220 2321 Hanc
1249 2274 1330 2321 vero
1359 2255 1528 2323 actionum
1550 2253 1695 2339 proprie·

446 2365 562 2439 tutem,
586 2362 758 2445 supposita
780 2382 893 2427 earum
916 2360 1082 2440 libertate,
1106 2360 1139 2427 in
1163 2360 1340 2427 earundem
1364 2363 1519 2427 relatione
1541 2362 1588 2426 ad
1603 2360 1694 2443 finem

447 2466 579 2533 fundari
607 2488 649 2533 ex
676 2468 724 2533 eie
754 2466 962 2552 perspicuum
985 2470 1047 2545 est,
1078 2487 1162 2549 queo
1186 2467 1347 2553 inprime
1371 2466 1480 2551 capite
1503 2466 1545 2532 dc
1568 2466 1695 2531 actione

447 2572 593 2639 naturali
622 2571 800 2639 universim
830 2573 1014 2658 praemissa
1042 2578 1120 2640 eunt
1150 2573 1195 2656 (n.
1225 2574 1384 2654 31-34).
1430 2572 1496 2639 Ubi
1525 2572 1629 2655 igitur
1660 2572 1695 2635 dc

445 2679 510 2762 fine
535 2683 672 2766 proprio
705 2684 865 2745 actionum
897 2681 1116 2747 humanarum
1149 2684 1240 2747 certo
1273 2685 1413 2759 constat,
1446 2679 1548 2747 dubia
1578 2683 1695 2747 nutum

448 2786 646 2853 moralitatis
673 2808 746 2854 esee
769 2808 834 2853 non
857 2792 985 2871 poteet3
1016 2788 1071 2853 ubi
1095 2792 1206 2855 eutem
1229 2788 1262 2853 in
1286 2788 1358 2872 ipeo
1380 2789 1444 2855 fine
1466 2785 1694 2853 constituendo

448 2894 588 2969 erratur,
620 2893 666 2960 ihi
698 2898 733 2960 et
764 2894 806 2959 de
837 2898 958 2962 natura
987 2894 1185 2961 moralitatis
1214 2914 1297 2961 euna
1329 2893 1478 2959 doctrine
1510 2890 1694 2977 exspectari

448 2998 572 3079 nequit,
596 2998 629 3064 id
653 3000 739 3083 quod
761 3000 917 3067 universo
938 3000 1165 3086 philosophiae
1188 2999 1328 3067 historia
1344 3002 1526 3066 confirmat
1558 2998 1611 3065 Ad
1625 3018 1691 3063 rem

451 3104 593 3171 Tollius:
619 3105 749 3186 ,mnes
773 3106 890 3190 inquit,
919 3106 1117 3186 ,constituto
1133 3107 1166 3173 in
1181 3106 1397 3192 philosophia,
1421 3108 1605 3175 constituta
1618 3110 1691 3173 sunt

352 3192 356 3203 ⁴
447 3210 566 3278 omnia.
597 3212 685 3278 Nam
708 3214 829 3279 ceteris
851 3214 886 3279 iu
907 3213 1006 3278 rebus
1028 3212 1099 3279 sive
1121 3212 1390 3297 praetermissum
1413 3213 1486 3281 eive
1507 3212 1688 3296 ignoratum

446 3322 499 3383 est
514 3318 692 3403 quidpiam,
708 3340 773 3384 non
789 3320 863 3404 plus
879 3318 1073 3385 incommodi
1091 3323 1152 3397 eet,
1170 3340 1267 3403 quem
1284 3318 1399 3402 quanti
1415 3338 1565 3403 quaeque
1581 3340 1688 3385 earum

445 3442 555 3488 rerum
586 3427 654 3503 est,
687 3425 721 3491 in
754 3426 871 3509 quibus
901 3424 1087 3507 neglectum
1121 3430 1173 3493 eet
1204 3426 1337 3508 aliquid.
1384 3426 1554 3492 Summum
1583 3428 1687 3492 autem

446 3528 564 3594 bonum
594 3530 622 3594 si
651 3530 832 3613 ignoretur,
862 3531 997 3597 vivendi
1019 3530 1181 3599 rationem
1205 3530 1351 3614 ignorari
1373 3550 1510 3597 necesse
1533 3535 1592 3598 eet.
1637 3530 1685 3594 Ex

445 3657 508 3718 quo
538 3639 653 3702 tentus
682 3657 775 3702 error
804 3636 1024 3720 consequitur,
1056 3641 1103 3715 ut,
1133 3657 1228 3719 quem
1252 3636 1285 3701 in
1309 3638 1439 3721 portum
1463 3656 1501 3702 se
1524 3636 1684 3721 recipiant,

444 3741 529 3806 scire
552 3764 616 3808 non
640 3742 778 3828 possint.
809 3744 956 3826 Cognitis
976 3751 1087 3811 eutem
1105 3764 1214 3809 rerum
1229 3743 1358 3819 finibuS,
1383 3764 1456 3808 cum
1480 3742 1682 3826 intellegitur.

445 3847 522 3929 quid
544 3848 590 3915 sit
613 3852 647 3914 et
670 3850 828 3915 honorum
852 3856 1037 3916 extremum
1062 3850 1286 3928 etmalorum,
1311 3850 1448 3917 inventa
1464 3850 1554 3917 vitae
1569 3848 1617 3912 vie
1631 3852 1682 3912 eet

445 3954 726 4038 conformatioque
748 3956 891 4022 omnium
915 3954 1152 4022 officiorum.“2

532 4061 581 4127 Ut
595 4065 705 4128 eutem
721 4062 976 4147 quibuscumque
993 4064 1027 4129 in
1042 4063 1104 4128 hec
1120 4082 1157 4127 re
1174 4061 1337 4128 erroribus
1353 4068 1555 4140 occurratur,
1570 4057 1680 4143 duplex

443 4165 496 4232 hic
518 4166 678 4234 solvende
701 4169 849 4251 quaestio
872 4169 1083 4255 proponitur:

536 4284 564 4350 1.
582 4287 690 4349 utrum
707 4282 890 4364 discrimen,
915 4286 1002 4369 quod
1017 4284 1173 4351 honestas
1188 4285 1275 4350 inter
1290 4286 1325 4349 et
1339 4282 1531 4349 inhonestas
1546 4280 1676 4347 actiones

444 4389 608 4455 communi
642 4391 807 4457 homiuum
844 4393 963 4459 iudicio
1001 4392 1193 4469 intercedit,
1233 4390 1361 4457 ratione
1396 4388 1508 4472 aliqua
1536 4386 1675 4453 fundetur

449 4558 487 4565 ...-
500 4560 757 4569 --..--.-,.,...-,.

535 4655 543 4686 ¹
568 4653 712 4708 Difficilior
736 4672 768 4708 ac
793 4654 919 4709 subtilior
945 4655 978 4709 de
1004 4657 1103 4709 natura
1130 4652 1295 4709 moralitatis
1321 4652 1445 4723 quaestio
1471 4651 1542 4705 inter
1564 4648 1671 4703 uocum

444 4740 623 4795 scholasticos
642 4742 790 4811 agebatur,
814 4744 958 4797 nimirum:
986 4744 1052 4811 quid
1067 4746 1182 4811 proprie
1200 4746 1230 4795 in
1248 4760 1275 4795 ee
1292 4745 1328 4794 cit
1346 4749 1370 4795 ct
1388 4742 1521 4809 quomodo
1538 4733 1670 4803 &deiude

445 4830 586 4884 moraliter
599 4833 719 4899 perfecta
738 4840 762 4885 et
777 4836 891 4900 proprie
909 4834 981 4885 dicto
1000 4838 1108 4885 actuum
1127 4832 1317 4884 humanorum.
1350 4826 1390 4883 Oi.
1410 4830 1440 4883 V.
1454 4830 1547 4897 Fene,
1565 4824 1600 4879 De
1613 4818 1669 4875 auti-

443 4918 495 4973 bus
513 4918 638 4974 humanis
656 4920 683 4973 Ii
703 4920 797 4975 1-53.

534 5006 546 5039 ‘
564 5006 604 5059 De
622 5007 721 5060 finibus
739 5008 868 5061 bonorum
888 5011 916 5061 et
933 5006 1066 5061 maiorum
1086 5006 1110 5060 V
1129 5010 1154 5061 6.
