3909 5842
426 700 513 765 ,318
681 695 771 752 Sectic
791 696 825 750 ll.
863 696 944 752 Liber
962 698 983 752 l.
1022 697 1111 768 Caput
1128 696 1149 750 l.
1186 695 1327 750 Articulns
1345 695 1370 750 2.
1407 695 1471 764 fil.

446 875 528 940 nulli
550 874 696 940 membro
719 873 889 940 societatis
913 874 1113 959 particulari,
1144 873 1203 940 sed
1226 876 1283 940 toti
1305 877 1430 959 corpori
1451 876 1577 940 sociali
1601 895 1710 941 essen·

447 980 574 1048 tialiter
593 979 759 1066 proprium
785 983 846 1060 est,
870 983 988 1066 utpote
1010 981 1095 1064 quod
1118 979 1222 1047 vitale
1245 979 1315 1045 eius
1336 979 1538 1064 principium
1563 980 1710 1047 exhibet

448 1086 557 1164 Quare
578 1109 637 1174 per
659 1109 691 1154 se
720 1086 946 1155 indifferenter
974 1107 1012 1152 se
1040 1086 1142 1154 habet
1171 1087 1214 1153 ad
1243 1085 1305 1152 hoc
1334 1085 1389 1150 vel
1411 1085 1494 1151 illnd
1518 1086 1710 1154 subiectum

448 1193 659 1278 particulare,
692 1192 745 1258 cui
775 1196 938 1260 concrete·
959 1192 1141 1260 inhaereat.
1187 1195 1333 1258 Alteram
1363 1193 1416 1256 est
1444 1190 1605 1258 eiusdem
1637 1214 1711 1259 acc·

449 1298 595 1366 turitatis
625 1302 661 1365 in
694 1301 777 1365 recti
806 1299 914 1384 cliqco
943 1299 1081 1365 subiecto
1106 1306 1269 1365 concretas
1291 1297 1466 1364 existendi
1487 1298 1626 1381 modus,
1656 1321 1711 1364 seu

448 1405 500 1470 ius
523 1404 732 1490 particulare,
757 1426 821 1488 quo
844 1406 903 1471 illa
925 1404 1144 1473 determinato
1166 1403 1315 1470 subiecto
1330 1402 1502 1468 exclusive
1516 1403 1709 1473 inhaereat.

450 1511 493 1576 Vi
515 1511 611 1576 huius
633 1510 714 1576 illud
736 1511 843 1595 ipsum
866 1511 928 1590 ius,
952 1511 1039 1594 quod
1062 1510 1191 1578 ratione
1205 1509 1279 1575 finis
1298 1509 1524 1576 essentialiter
1541 1511 1589 1576 ad
1605 1516 1710 1580 totam

450 1617 644 1684 societatem
667 1617 821 1701 pertinet,
852 1621 976 1683 ratione
1003 1627 1110 1684 tomen
1130 1619 1339 1702 porrectionis
1362 1623 1390 1681 ct
1412 1619 1564 1682 exercitii
1586 1619 1633 1684 fit
1655 1619 1710 1684 ali

450 1723 542 1790 cuius
571 1743 731 1807 personae
760 1723 970 1806 particularis
993 1723 1065 1789 sive
1087 1723 1247 1807 physicae
1269 1721 1341 1787 sire
1363 1721 1499 1788 moralis
1522 1725 1710 1809 proprium

451 1829 534 1896 Illud
564 1849 662 1913 porro
692 1829 901 1896 auctoritatis
930 1829 1031 1896 realis
1059 1828 1298 1913 quodammodo
1328 1827 1530 1896 elementum
1558 1829 1710 1913 fomute,

451 1936 512 2002 hoc
534 1955 614 2001 vero
637 1938 805 2002 materiale
828 1937 979 2014 denotat3
1004 1936 1085 2002 illud
1107 1935 1141 2002 in
1164 1935 1252 2003 omni
1275 1934 1436 2002 societate
1457 1935 1624 2019 specifica
1640 1958 1711 2022 pro
1762 2004 1763 2009 ,

451 2042 567 2128 prium,
591 2063 700 2122 unum,
726 2046 881 2108 constans
904 2047 939 2110 et
960 2043 1175 2121 immutabile,
1191 2041 1268 2121 ‚hcc
1290 2041 1467 2107 secundum
1490 2041 1713 2110 individuali·

450 2151 554 2216 tatem
579 2148 770 2214 historicam
793 2149 1046 2232 uniuscuiusque
1068 2147 1238 2216 societatis
1260 2145 1398 2226 varium,
1429 2147 1644 2233 contingens
1666 2157 1714 2217 at·

451 2277 514 2338 que
536 2254 754 2322 vicissitudini
778 2255 965 2322 obnoxium.

451 2393 521 2468 359.
612 2395 669 2461 IV.
694 2395 747 2460 Ex
770 2401 890 2462 natura
913 2399 947 2461 et
969 2393 1069 2460 ideali
1092 2394 1311 2461 destinatione
1334 2393 1547 2462 auctoritatis
1578 2399 1715 2465 socialis

451 2501 639 2568 immediate
663 2501 882 2583 consequitur,
907 2522 979 2567 eam
1004 2521 1110 2583 neque
1133 2504 1303 2568 intrinsece
1327 2503 1503 2567 absolutam
1526 2526 1643 2591 neque
1669 2530 1714 2571 ec·

450 2611 546 2694 lepem
568 2628 723 2690 umquam
752 2628 824 2673 esse
854 2628 960 2691 posse.
1007 2607 1228 2674 Essentialem
1257 2607 1377 2692 quippe
1407 2607 1656 2676 limitationem
1679 2633 1714 2678 ac

452 2734 639 2778 mensuram
668 2713 768 2779 habet
800 2737 836 2779 ec
857 2717 922 2799 fiae
945 2716 1078 2798 speciali
1100 2715 1251 2800 cuiusque
1274 2717 1440 2797 societatis,
1472 2715 1526 2780 cui
1550 2717 1660 2800 proin
1683 2723 1714 2783 et

452 2819 644 2885 exercitium
669 2819 879 2886 auctoritatis
902 2819 1126 2886 conformetur
1149 2823 1290 2904 oportet,
1314 2826 1352 2887 ut
1374 2819 1564 2903 legitimum
1587 2844 1670 2890 esse
1683 2829 1715 2890 et

453 2924 647 2991 obiectivam
672 2925 838 3008 obligandi
862 2925 1043 2993 efficaciam
1066 2926 1188 2994 habere
1211 2926 1325 3013 possit.

925 3125 1166 3195 Articulus
1189 3125 1223 3195 2.

884 3261 935 3326 De
958 3261 1118 3326 activitate
1140 3263 1261 3326 sodali.

451 3409 522 3481 360.
615 3409 729 3486 Actus,
760 3407 815 3492 qui
839 3427 860 3473 a
883 3408 1044 3474 societate
1073 3409 1184 3492 aliqua
1213 3412 1382 3490 tamquam
1411 3427 1557 3491 persona
1588 3411 1709 3476 morali

452 3515 643 3601 procedunt,
675 3514 806 3598 proprie
835 3517 967 3580 sociales
997 3513 1158 3580 dicuntur.
1205 3513 1320 3580 Latius
1347 3517 1461 3579 tamen
1484 3521 1630 3599 accepta
1654 3539 1709 3583 ac·

452 3622 567 3688 tivitas
590 3618 720 3685 socialis
744 3639 856 3686 omnes
880 3619 1089 3704 operationes
1112 3620 1351 3704 complectitur,
1376 3639 1462 3702 quae
1477 3620 1707 3703 aliquomodo

452 3727 644 3794 societatem
668 3745 733 3807 qua
755 3727 856 3792 talem
873 3726 1062 3810 respiciunt.
1095 3726 1140 3793 Et
1155 3731 1225 3794 tum
1242 3726 1372 3810 quidem
1387 3725 1550 3811 duplicem
1567 3749 1708 3796 necesse

453 3840 504 3901 est
527 3831 684 3916 distingui
707 3831 913 3898 activitatem
937 3832 1108 3898 socialem:
1136 3834 1163 3899 1.
1189 3853 1272 3912 eam,
1296 3853 1381 3915 quae
1403 3853 1469 3898 non
1493 3835 1704 3902 aeccietate

452 3939 509 4006 sed
534 3942 620 4004 cicccc
643 3937 835 4005 societatem
858 3941 897 4004 fit
919 3939 1055 4021 eiusque
1077 3943 1130 4004 eet
1148 3942 1357 4022 concitativo,
1381 3942 1544 4022 quatenus
1559 3963 1624 4025 prc
1639 3943 1705 4007 fine

323 4033 326 4042 ¹
451 4047 553 4114 habet
583 4045 688 4128 ipsam
721 4044 914 4110 societatem
945 4047 983 4110 ic
1011 4067 1069 4110 ccc
1099 4067 1165 4111 ecce
1194 4048 1392 4127 mcctitcere,
1425 4065 1565 4128 eamque
1595 4047 1704 4131 logice

452 4151 635 4238 praecedit;
661 4153 692 4218 2.
716 4151 866 4229 alteram,
898 4170 983 4232 quae
1007 4171 1027 4216 a
1050 4150 1209 4218 societate
1234 4151 1300 4216 iam
1324 4151 1507 4219 constituta
1529 4157 1702 4236 tamquam

452 4259 598 4326 subiecto
622 4257 779 4342 procedit,
804 4279 861 4324 seu
886 4257 1095 4324 activitatcm
1118 4261 1263 4324 socialem
1285 4262 1417 4344 proprie
1440 4261 1568 4326 dictam.

603 4453 621 4535 ξ
647 4453 676 4518 1.
722 4449 778 4516 De
808 4451 1041 4517 activitate
1064 4449 1218 4516 sociali
1247 4451 1545 4518 constitutiva.

451 4592 517 4665 361.
608 4593 656 4660 Ut
678 4591 788 4674 aliqua
812 4593 953 4659 societas
976 4596 1054 4659 actu
1078 4613 1143 4674 qua
1166 4593 1243 4659 talis
1266 4613 1339 4659 esse
1361 4593 1507 4678 incipiat,
1538 4614 1622 4678 opus
1648 4602 1701 4662 est

451 4699 561 4782 aliqua
589 4719 688 4764 causa
711 4719 769 4764 seu
797 4699 970 4765 activitate
995 4698 1231 4782 qualicumque,
1263 4720 1442 4784 perquam
1466 4701 1697 4775 constituatur,

451 4809 486 4872 et
509 4827 606 4888 quam
636 4808 812 4890 propterca
843 4809 1074 4872 constitutivam
1101 4827 1266 4872 vocamus.
1314 4805 1406 4872 Haec
1429 4810 1542 4873 autem
1564 4805 1600 4873 in
1622 4829 1697 4874 con·

452 4917 542 4979 creto
573 4911 666 4978 varia
697 4915 748 4978 est
777 4931 836 4995 pro
866 4913 960 4978 varia
990 4912 1147 4978 historica
1176 4911 1303 4994 origine
1333 4912 1490 4995 cuiusque
1516 4913 1694 4982 societatis

452 5017 564 5084 Oritur
595 5017 680 5082 enim
711 5019 853 5084 societas
880 5021 938 5084 aut
962 5018 1093 5085 formali
1116 5019 1225 5102 aliquo
1249 5022 1431 5098 contractu,
1462 5040 1527 5103 quo
1551 5021 1695 5086 homines
