3909 5842
421 683 487 747 462
633 676 721 731 Sectio
740 677 773 731 ll.
810 677 891 733 Liber
909 678 944 732 ΙΙ.
982 677 1071 750 Caput
1088 680 1138 735 111.
1175 678 1315 733 Articulus
1335 678 1359 731 1.
1396 678 1458 745 §2-

421 855 642 933 obtinuerunt‚
666 853 808 919 libenter
827 852 993 933 „historici
1015 854 1113 920 iuris“
1139 853 1301 939 principia
1320 853 1511 932 admittunt,
1540 874 1680 935 quorum

422 984 484 1047 ope
513 961 631 1041 omnia,
662 981 747 1043 quae
774 961 876 1027 semel
899 962 1201 1045 quomodocumque
1223 965 1258 1027 et
1280 962 1542 1045 quibuscumque
1567 960 1682 1027 mediis

421 1070 567 1136 historica
598 1067 762 1151 completa
791 1066 868 1146 sint,
900 1067 1052 1152 deinceps
1083 1090 1180 1134 sacra
1203 1076 1231 1134 at
1253 1069 1452 1133 inviolabilia
1476 1067 1569 1148 (suis
1593 1066 1683 1133 vide·

420 1176 499 1243 licet
522 1172 736 1255 adversariis)
759 1174 953 1243 habeantur.
993 1176 1038 1241 Et
1061 1175 1215 1259 deinceps
1237 1174 1325 1241 forte
1348 1174 1462 1240 audire
1485 1174 1574 1241 licet
1598 1174 1683 1239 eius·

422 1282 509 1349 modi
532 1300 772 1348 neoconversos
796 1302 816 1347 a
839 1280 978 1366 pristino
1002 1281 1120 1367 spiritu
1143 1281 1359 1347 revolutionis
1382 1282 1425 1348 ad
1447 1282 1539 1347 hanc
1565 1304 1680 1347 Meum

423 1391 700 1457 coacervatismam
731 1387 891 1471 singulari
925 1388 1085 1472 religione
1120 1388 1318 1455 disserentes
1349 1389 1390 1455 de
1416 1393 1531 1456 statue
1561 1388 1684 1473 publici

424 1495 534 1577 (quem
554 1492 718 1573 „ordinem
735 1493 900 1559 divinum“
921 1494 1105 1577 emphatice
1128 1492 1313 1579 appellant)
1336 1494 1446 1562 ethica
1468 1500 1504 1561 et
1520 1494 1684 1577 religiosa
1776 1567 1778 1598 Ι

423 1601 595 1685 dignitate,
613 1599 653 1666 de
668 1598 752 1683 legis
768 1599 952 1677 maiestate,
967 1620 1065 1683 quam
1080 1600 1208 1667 sedicet
1224 1600 1476 1679 ‚conscientiam
1488 1600 1678 1684 publicam·

423 1708 630 1793 proclamant
661 1708 696 1771 et
720 1710 850 1772 unicam
876 1705 982 1771 civilis
1006 1708 1264 1793 impatibilitatis
1288 1727 1447 1773 normam.
1493 1707 1615 1790 Atque
1638 1707 1683 1772 ita

424 1813 556 1880 evenire
579 1816 700 1896 potest,
724 1816 762 1879 ut
783 1812 866 1877 haec
894 1812 1060 1891 „historici
1082 1812 1181 1879 iuris“
1208 1814 1354 1894 theoria,
1378 1817 1478 1899 prout
1501 1834 1569 1899 per
1593 1814 1683 1881 Stchl

424 1920 577 2004 exposita
600 1922 661 1997 est,
685 1940 745 2002 pro
769 1918 979 2002 possibilibus
1002 1922 1186 2005 temporum
1212 1921 1392 2000 adiuncta,
1416 1920 1521 1987 etiam
1546 1919 1683 2005 politico

424 2026 568 2111 periculo
592 2046 656 2090 non
681 2028 803 2091 careat.
850 2025 940 2091 Pone
970 2026 1057 2091 enim
1087 2026 1122 2091 in
1145 2027 1256 2110 aliqua
1287 2027 1376 2093 forte
1399 2026 1542 2093 civitate
1565 2030 1682 2111 poten·

426 2140 494 2200 tem
529 2130 701 2198 audacium
735 2130 902 2197 hominum
937 2131 1116 2198 factionem
1149 2133 1325 2216 aliquando
1358 2155 1489 2199 summo
1519 2132 1683 2217 regimine

427 2240 525 2324 potiri
550 2242 584 2305 et
604 2259 665 2305 sua
680 2238 886 2321 legislatoria
901 2241 1070 2322 potestate
1086 2243 1210 2305 statum
1227 2240 1392 2323 publicum
1414 2246 1681 2324 repraesentare.

428 2380 471 2390 -
495 2346 559 2412 Per
581 2346 720 2411 istorum
743 2344 971 2427 legislatorum
988 2346 1194 2413 voluntatem
1217 2346 1362 2413 fortasse
1377 2346 1477 2431 plane
1493 2368 1605 2411 novus
1620 2348 1681 2411 eri·

429 2456 527 2536 getur
550 2452 628 2517 ordo
652 2454 736 2516 iuris
756 2454 886 2537 positivi
911 2454 1117 2534 „humanitus
1139 2452 1346 2519 constitutas“
1363 2457 1399 2519 et
1415 2452 1587 2518 modernis
1602 2452 1680 2517 ideis

429 2558 712 2636 accommodatus,
738 2561 772 2623 ct
794 2557 954 2640 siquidem
970 2558 1112 2626 feliciter
1135 2580 1172 2625 se
1194 2562 1360 2626 sustentet
1382 2579 1461 2624 mox
1483 2559 1591 2625 etiam
1613 2562 1680 2624 iare

427 2666 509 2747 facti
533 2665 674 2749 complcti
697 2662 812 2745 (durch
837 2664 896 2730 das
912 2662 1019 2731 Recht
1042 2666 1101 2731 der
1124 2664 1334 2731 volleudeten
1351 2666 1532 2748 Tatsaohe)
1549 2670 1587 2731 et
1608 2671 1678 2732 tau-

430 2771 503 2836 dem
526 2770 623 2835 titulo
646 2768 727 2833 iuris
750 2768 895 2835 historici
921 2775 1039 2837 cuncto
1062 2772 1182 2856 populo
1205 2773 1259 2837 vel
1283 2771 1387 2839 invito
1411 2793 1455 2838 ex
1478 2772 1678 2856 obligatione

429 2876 640 2943 reverendus.
671 2875 733 2941 Dei
749 2875 835 2942 enim
851 2876 1042 2945 ratihabitio
1058 2879 1092 2944 in
1108 2884 1316 2947 antecessum
1327 2879 1536 2964 supponitur,
1554 2878 1677 2947 etiamsi

430 2984 517 3050 forte
549 3004 670 3048 novum
701 2982 752 3048 ius
787 2983 964 3067 positivum
996 2984 1057 3050 iuri
1089 2986 1200 3052 divino
1231 2986 1397 3053 contraria
1427 2986 1561 3052 sancire
1590 3006 1676 3071 prae

431 3094 540 3157 sumat
553 3094 574 3156 1.

520 3196 612 3262 Haec
635 3200 851 3279 praenotasse
870 3196 1024 3277 sufficiat,
1049 3201 1086 3263 ut
1100 3198 1325 3281 intellegatur,
1349 3198 1465 3281 quales
1479 3197 1611 3265 fructus
1624 3197 1676 3263 illa

430 3301 589 3380 doctrina,
614 3303 790 3383 utcumque
813 3300 971 3367 laudabili
994 3303 1102 3369 studio
1118 3302 1259 3386 primum
1276 3307 1360 3381 orta,
1384 3324 1490 3385 neque
1507 3303 1609 3369 etiam
1624 3324 1677 3387 per

430 3429 465 3474 se
495 3407 583 3474 omni
613 3427 655 3472 ex
685 3412 780 3491 parte
804 3407 898 3487 falsa,
930 3408 1082 3475 societati
1104 3408 1268 3475 humanae
1291 3410 1435 3476 allatura
1458 3410 1624 3489 videatur,
1650 3408 1675 3472 si
1776 3473 1778 3490 ,

430 3514 531 3580 semel
553 3512 685 3596 ingenio
712 3514 877 3593 „moderni
900 3517 1028 3582 status“
1055 3515 1303 3582 accommodata
1325 3514 1414 3582 etin
1429 3538 1525 3581 usum
1541 3516 1676 3583 deducta

428 3621 540 3687 fuerit.
586 3620 696 3703 Atque
723 3620 756 3686 id
779 3621 885 3706 ipsum
909 3622 999 3687 viros
1022 3622 1146 3701 doctos,
1177 3621 1225 3688 rei
1249 3622 1451 3689 christianae
1473 3623 1602 3689 sincere
1623 3622 1674 3686 de·

429 3726 525 3805 ditos,
550 3727 726 3792 admonere
750 3728 848 3793 debet
871 3728 959 3794 viam
978 3729 1152 3795 universae
1175 3728 1384 3811 antiquitatis
1404 3729 1603 3796 christianae
1616 3750 1674 3793 usu
1776 3737 1778 3740 ’

429 3838 655 3900 consecratam
679 3834 737 3900 vix
760 3855 913 3917 umquam
935 3834 1068 3919 impune
1091 3834 1202 3919 sperni
1225 3856 1265 3900 ac
1288 3835 1394 3900 deseri
1417 3856 1524 3919 posse.

582 4028 654 4108 52.
690 4026 794 4091 Esse
823 4047 965 4091 verum
995 4027 1059 4091 ius
1090 4029 1273 4092 naturae
1302 4026 1528 4094 asseritur.

430 4158 498 4229 557.
589 4157 665 4224 Non
694 4158 761 4236 „ius
783 4158 1007 4237 historicum“‚
1032 4159 1119 4242 quod
1142 4164 1273 4239 vocant,
1296 4184 1356 4246 per
1377 4183 1410 4226 aa
1432 4168 1598 4245 spectatam
1610 4157 1667 4221 im-

430 4286 578 4351 pugnare
594 4264 802 4349 suscipimns;
828 4265 904 4347 quin
920 4264 1019 4330 immo
1035 4265 1069 4329 in
1085 4265 1155 4331 eius
1170 4265 1370 4332 resuscitata
1387 4268 1525 4341 cultura,
1548 4264 1665 4331 siintm

431 4395 507 4439 suos
530 4374 651 4439 limites
675 4372 883 4439 contineatur
901 4377 936 4440 et
952 4395 1026 4439 cum
1042 4374 1141 4439 certis
1156 4394 1258 4440 sanae
1272 4373 1499 4459 philosophiae
1513 4367 1665 4457 principiis

431 4480 535 4547 amice
565 4479 765 4557 concilietur,
796 4478 1008 4564 praecipuum
1038 4480 1200 4562 quendam
1224 4480 1397 4546 universae
1419 4478 1500 4545 iuris
1522 4474 1663 4545 scientiae
1776 4517 1778 4540 .

433 4606 641 4670 progressum
673 4584 831 4652 contineri
859 4586 946 4651 ultro
969 4586 1187 4667 agnoscimus
1235 4584 1351 4668 Neque
1374 4584 1423 4651 ita
1446 4604 1573 4650 causam
1592 4578 1663 4645 iuris
1776 4671 1778 4682 Ι

433 4692 592 4758 naturalis
609 4690 664 4775 agi
680 4691 839 4770 volumus,
863 4696 901 4758 ut
916 4692 969 4756 vel
986 4690 1209 4757 aestimationi
1225 4692 1280 4757 vel
1294 4690 1477 4758 latissimae
1491 4684 1662 4776 provinciae
1776 4684 1778 4764 ξ

435 4834 700 4842 ι-σ-ψ---ᾠ
707 4834 754 4841 --

525 4920 534 4951 ¹
553 4918 594 4971 cr.
614 4922 714 4971 aaa:
742 4917 793 4971 uu
813 4916 986 4971 amassiae
1005 4916 1054 4969 aa·
1072 4914 1242 4969 sitoniam
1259 4916 1315 4969 unu
1333 4915 1382 4970 aa
1400 4916 1503 4969 asena
1521 4914 1537 4981 a
1554 4906 1656 4965 u-ae:
1776 4879 1778 4893 '

436 5006 584 5061 131—166.
1776 5017 1778 5061 ε
