3909 5842
620 693 765 750 Societatis
783 695 894 766 partitio
913 697 941 749 et
959 695 1038 750 varis
1056 694 1168 750 indoles.
1453 699 1518 763 333

272 877 308 940 et
331 873 438 939 forma
461 893 479 937 e
503 875 573 938 solo
597 877 695 957 pacto
719 873 917 939 dimetienda
940 877 1028 953 sunt,
1052 873 1228 956 quodcum
1250 875 1295 940 sit
1317 875 1518 970 expertium

272 999 432 1045 consensu
456 979 625 1057 mutabile,
650 980 723 1064 ipsa
746 1001 876 1063 quoque
899 981 1002 1047 variis
1024 981 1261 1048 mutationibus
1285 981 1384 1048 stiam
1409 1001 1518 1046 essen-

272 1086 407 1152 tialibus
430 1086 610 1153 subiacent.

272 1222 340 1294 391.
433 1229 463 1292 4.
495 1228 631 1293 Ratione
661 1227 765 1290 malni
794 1228 877 1291 iuris
907 1229 1061 1292 sociorum
1086 1261 1129 1270 —
1153 1224 1186 1290 in
1217 1227 1379 1312 aequalem
1410 1230 1445 1291 et
1467 1229 1519 1291 in·

271 1337 445 1418 aequalem

364 1448 512 1514 Societas
542 1451 686 1533 aequalis
716 1467 755 1512 eo
778 1448 820 1513 ab
844 1451 1010 1534 inaequali
1032 1447 1260 1529 distinguitur,
1292 1448 1376 1529 quod
1406 1447 1440 1512 in
1462 1447 1520 1512 illa

272 1554 383 1620 cuncti
406 1555 487 1620 socii
509 1558 661 1638 respectu
686 1553 854 1620 societatis
871 1554 1151 1621 administrandae
1167 1557 1267 1637 atque
1282 1553 1447 1635 regendae
1462 1573 1521 1636 per

272 1681 309 1726 se
333 1661 525 1743 aequalibus
555 1661 679 1726 iuribus
709 1660 878 1738 fruuntur,
910 1661 943 1726 in
967 1662 1028 1726 hac
1052 1682 1132 1725 vero
1163 1660 1217 1725 uni
1240 1661 1295 1725 vel
1317 1659 1479 1741 aliquibus
1502 1677 1521 1723 e

272 1766 373 1832 sociis
406 1767 541 1852 speciali
563 1766 634 1832 iure
657 1766 779 1832 sociale
801 1766 948 1848 regimen
972 1767 1139 1851 competit.
1187 1765 1381 1848 Aequalitss
1403 1786 1462 1850 per
1485 1762 1521 1830 se

273 1871 402 1938 nonnisi
424 1872 576 1938 societati
599 1871 766 1956 pactitiae,
791 1871 1010 1954 inaequalitas
1033 1893 1112 1937 vero
1136 1871 1234 1955 legali
1259 1876 1293 1938 et
1315 1871 1521 1937 necessariae

273 1979 381 2062 magis
405 1983 625 2044 consentanea
648 1981 709 2044 est.

274 2115 345 2188 392.
437 2121 467 2185 5.
492 2121 629 2186 Ratione
652 2123 798 2186 internae
821 2129 848 2185 el
872 2128 1021 2186 externae
1043 2121 1308 2205 independentiae
1323 2151 1367 2162 -
1390 2118 1423 2183 in
1439 2140 1521 2184 corn-

273 2226 390 2308 plelam
415 2229 449 2290 et
472 2229 690 2312 incompletam
714 2225 827 2306 (aliasz
857 2225 1057 2310 ,perfectam
1081 2231 1116 2293 et
1139 2225 1414 2310 imperfectam“).

366 2340 549 2408 Secundum
574 2341 734 2426 duplicem
759 2341 890 2408 modum
910 2345 944 2407 et
959 2341 1098 2424 gradum
1114 2342 1259 2407 humana
1274 2340 1418 2406 societas
1433 2361 1522 2405 com·

276 2446 367 2530 pleta
390 2447 442 2511 vel
465 2447 663 2531 incompleta
687 2447 750 2513 dici
773 2451 901 2532 potest,
935 2447 1063 2514 scilicet
1091 2451 1261 2514 intrinsece
1284 2451 1319 2514 et
1342 2449 1520 2512 extrinsece.

365 2561 399 2644 a)
422 2563 597 2629 intrinsece
613 2567 762 2649 completa
778 2567 931 2630 censetur
947 2563 1100 2641 societas,
1116 2562 1146 2628 si
1161 2566 1213 2628 est
1229 2567 1352 2628 interne
1366 2561 1521 2644 indepen-

275 2667 373 2746 dens,
403 2668 424 2733 i.
449 2688 495 2746 e.,
525 2669 553 2734 si
576 2677 688 2755 suapte
710 2677 832 2736 natura
856 2670 1044 2752 generalem
1075 2669 1238 2752 quandam
1261 2669 1295 2734 in
1318 2689 1354 2733 se
1378 2667 1523 2733 continet

275 2774 503 2857 sufficicntiam
525 2774 558 2840 in
582 2775 695 2842 ordine
718 2775 760 2841 ad
776 2776 944 2844 socialiter
959 2777 1201 2861 procurandum
1216 2776 1337 2840 bonnm
1353 2795 1523 2840 commune

275 2883 461 2966 simpliciter
476 2883 652 2948 inmanem
660 2907 673 2965 ,·
693 2883 722 2948 si
737 2887 847 2950 autem
860 2907 921 2970 per
936 2905 969 2950 se
985 2884 1047 2950 hac
1062 2883 1192 2950 interna
1207 2880 1405 2948 sufficientia
1420 2886 1521 2958 caret,

279 2989 448 3053 intrinsece
471 2990 659 3075 incompleta
682 2995 830 3057 vocatur.
863 2990 981 3072 ltaque
1003 2995 1077 3056 tota
1099 2989 1194 3055 huius
1217 2987 1413 3054 discriminis
1435 2988 1521 3054 ratio

278 3115 298 3157 a
321 3093 524 3176 proprietate
538 3095 614 3179 finis
630 3095 809 3174 descendit,
835 3116 898 3178 quo
915 3117 1131 3178 unaquaeque
1147 3095 1289 3160 societas
1304 3094 1520 3177 specificatur.

278 3198 366 3264 Finis
389 3199 529 3279 socialis,
554 3200 609 3284 qui
632 3201 692 3266 sub
715 3202 843 3268 ratione
860 3201 936 3266 boni
951 3202 1130 3267 communis
1143 3204 1322 3287 qenericam
1338 3201 1521 3265 totalitatem

278 3305 352 3370 toni
374 3306 517 3389 inmani,
542 3307 633 3372 nulla
656 3306 725 3372 eius
749 3307 858 3391 specie
874 3307 998 3373 homini
1013 3307 1210 3374 naturaliter
1226 3305 1441 3371 conveniente
1464 3325 1522 3368 ex-

278 3411 384 3490 clusa,
416 3413 677 3497 comprehendit,
709 3414 902 3481 societatem
933 3436 972 3480 eo
1002 3415 1073 3500 ipso
1104 3414 1212 3480 reddit
1234 3413 1412 3480 intrinsece
1434 3431 1522 3476 oom-

278 3517 418 3600 pletam;
450 3523 565 3586 contra
596 3542 638 3586 ex
661 3523 725 3588 fine
754 3522 883 3600 sociali,
916 3521 970 3604 qui
1001 3523 1090 3588 intra
1118 3521 1208 3586 illam
1238 3517 1521 3586 universalitatem

278 3623 354 3688 boni
378 3625 511 3692 humani
541 3627 709 3693 exclusive
736 3628 777 3694 ad
801 3631 967 3716 specialem
993 3630 1134 3714 aliquam
1157 3631 1225 3694 eins
1245 3634 1370 3713 partem
1392 3627 1522 3690 tantum

276 3733 485 3811 coarctatur,
517 3733 660 3800 societas
690 3735 867 3800 intrinsece
897 3734 1097 3818 incompleta
1126 3754 1199 3798 esse
1229 3731 1447 3814 cognoscitur.
1479 3763 1521 3774 -—

277 3836 381 3902 Porro
412 3837 519 3922 ipsum
550 3839 670 3906 bonum
693 3840 887 3926 simpliciter
910 3841 1087 3906 humanum
1111 3839 1207 3904 modo
1230 3837 1451 3904 essentialiter
1474 3836 1523 3901 di·

278 3963 376 4007 verso
400 3945 474 4009 finis
497 3947 648 4029 proprius
673 3947 809 4014 alicuius
832 3947 1003 4014 societatis
1027 3968 1100 4012 esse
1123 3948 1243 4029 potest,
1267 3949 1366 4028 prout
1387 3943 1467 4008 illud
1489 3942 1523 4007 in

277 4048 409 4114 diverso
432 4051 539 4118 stadio
564 4053 760 4119 evolationis
784 4054 946 4120 humanae
970 4053 1012 4118 ad
1035 4052 1253 4118 omnimodam
1277 4049 1522 4135 perfectionem,

277 4157 337 4220 aut
360 4156 536 4222 secundum
567 4157 715 4224 diversos
746 4164 915 4243 respectus
939 4180 1047 4224 rerum
1073 4158 1288 4223 humanarum
1311 4156 1353 4221 ad
1376 4152 1522 4220 ordinem

277 4261 388 4326 mundi
418 4263 602 4328 naturalem
634 4268 669 4331 et
699 4265 983 4348 supernaturalem
1014 4264 1249 4332 consideratur.
1295 4261 1380 4326 Hinc
1403 4261 1456 4334 iit,
1487 4263 1525 4326 ut

278 4367 456 4436 societates
480 4391 540 4454 per
561 4391 597 4436 se
621 4371 799 4438 intrinsece
823 4372 1008 4455 completae
1032 4369 1239 4436 nihilominus
1261 4367 1370 4452 specie
1385 4366 1471 4432 inter
1486 4387 1523 4456 se

279 4473 410 4540 differre
433 4481 564 4558 queant.

369 4589 413 4655 m
442 4613 560 4658 revera
591 4597 660 4659 tres
690 4599 906 4660 numerantur
936 4593 1114 4659 societates
1146 4594 1316 4657 intrinsece
1346 4591 1522 4676 completae,

278 4693 420 4761 societas
433 4698 611 4782 domestica,
625 4701 726 4765 civilis
738 4703 773 4765 et
784 4703 933 4786 reliqiosa
946 4697 1133 4780 (Ecclesia),
1146 4699 1266 4782 quippe
1279 4717 1362 4781 quae
1374 4696 1523 4780 singulae

279 4799 398 4864 bonum
429 4802 549 4869 sociale
579 4803 771 4888 simpliciter
797 4805 975 4871 humanum
1007 4825 1065 4870 seu
1096 4805 1223 4871 cunctis
1252 4803 1523 4886 hominibusque

279 4904 402 4971 talibus
433 4929 602 4974 commune
632 4909 742 4993 aliquo
774 4910 870 4975 modo
902 4913 940 4976 ut
969 4912 1067 4975 finem
1099 4913 1356 4994 prosequuntur;
1390 4910 1522 4976 eaedem

280 5017 392 5078 tamen
423 5015 518 5080 simul
548 5017 677 5082 ratione
707 5017 780 5081 finis
811 5017 920 5101 speeie
943 5017 1030 5084 inter
1053 5038 1088 5082 se
1112 5017 1282 5094 differunt,
1316 5021 1351 5083 et
1373 5017 1525 5083 similiter
