3909 5842
484 676 628 732 Hominem
646 677 733 733 libero
750 679 863 734 arbitrio
881 680 1037 751 praeditum
1057 698 1118 735 esse
1137 681 1298 736 ostenditur.
1468 688 1509 752 79

351 852 393 911 Et
418 853 494 913 haec
521 854 638 930 quidem
666 858 835 916 summatim
862 863 987 918 notasse
1014 859 1072 919 hoc
1098 858 1165 917 loco
1194 859 1333 919 sufficiat.
1374 859 1512 919 Uberiori

260 950 340 1009 onim
368 950 517 1011 rationum
538 960 684 1030 apparatu
706 955 786 1013 hanc
808 956 1043 1015 controversiam
1066 954 1205 1032 prosequi
1228 974 1288 1013 non
1310 960 1372 1015 tarn
1395 957 1512 1017 ethicae

260 1068 349 1124 quam
370 1049 584 1126 psychologiae
605 1070 642 1109 ac
661 1051 836 1111 theodiceae
856 1053 1039 1131 propositum
1061 1058 1109 1111 est
1120 1056 1137 1113 ¹.

343 1240 363 1323 ἕ
389 1244 419 1310 3.
466 1244 681 1310 Hominem
705 1245 839 1312 libero
863 1246 1049 1312 arbitrio
1072 1246 1314 1330 praeditum
1338 1268 1430 1314 esse

757 1352 1014 1419 ostenditur.

259 1485 326 1557 lou.
419 1491 564 1558 Definito
592 1513 672 1558 vero
703 1498 863 1577 conceptu
892 1492 986 1558 liberi
1018 1492 1157 1573 arbitrii,
1188 1494 1371 1577 quaeritur,
1402 1501 1510 1563 utrum

259 1593 342 1659 illud
358 1596 575 1664 humanarum
600 1598 766 1665 actionum
789 1599 920 1665 interno
936 1598 1095 1683 principio
1112 1620 1230 1666 revera
1246 1600 1381 1667 attribui
1396 1600 1511 1685 possit,

260 1704 297 1766 ut
320 1701 406 1767 adeo
430 1709 525 1770 aetus
548 1704 653 1769 omnis
675 1706 807 1789 proprie
830 1706 992 1771 humanus
1016 1727 1080 1771 uon
1104 1706 1209 1772 solum
1233 1708 1438 1774 voluntarius
1454 1707 1511 1774 sed

258 1804 396 1891 insuper
417 1809 500 1875 liber
522 1810 648 1876 censeri
671 1810 800 1878 debeat.
846 1811 905 1877 uui
928 1812 1112 1895 quaestioni
1135 1814 1313 1897 respondet

348 1954 507 2037 'Phesls
534 1956 590 2038 X.
626 1981 736 2044 llomo
757 1982 795 2043 in
815 1984 991 2059 praesenti
1012 1984 1103 2047 vitae
1125 1989 1218 2046 statu
1239 1986 1347 2047 libero
1369 1986 1512 2049 arbitrio

260 2074 439 2148 praeditus
461 2082 526 2139 ost.

349 2200 659 2273 Praenotanda.
706 2207 769 2273 Est
798 2206 880 2273 haec
910 2206 1035 2275 veritas
1064 2206 1239 2275 essentiale
1263 2210 1510 2276 fundamentum

260 2306 365 2372 totius
395 2309 553 2377 scientiae
582 2333 720 2379 morum.
767 2312 984 2397 Quapropter,
1017 2312 1094 2379 licet
1123 2314 1237 2379 eadem
1260 2314 1326 2381 iam
1349 2315 1382 2380 in
1406 2319 1510 2381 meta·
1629 2332 1631 2337 '

260 2412 400 2495 physica
421 2415 547 2499 pridem
570 2418 721 2484 stabilita
743 2418 881 2504 supponi
904 2440 969 2485 nou
992 2418 1155 2487 immerito
1175 2420 1290 2503 possit,
1315 2421 1367 2487 hic
1382 2442 1510 2503 quoque

260 2539 320 2600 pro
344 2520 431 2586 thesi
455 2524 632 2589 statuenda
656 2528 690 2589 et
711 2545 729 2589 e
749 2524 915 2609 primariis
930 2526 1050 2593 saltem
1066 2526 1230 2592 rationum
1247 2527 1418 2593 momentis
1435 2548 1510 2592 oon·

261 2625 425 2695 firmauda
449 2629 588 2697 videtur.

350 2745 624 2811 Adversariorum
662 2747 837 2831 praecipue
875 2748 997 2831 duplex
1037 2748 1152 2813 classis
1193 2747 1348 2831 distingui
1382 2752 1509 2831 potest:

260 2850 366 2913 ultera
389 2871 512 2930 eorum,
537 2852 592 2934 qui
616 2873 728 2918 errore
751 2853 936 2935 theologico
959 2854 1084 2919 inducti
1108 2854 1246 2919 liberum
1268 2853 1407 2919 hominis
1423 2854 1510 2920 arbi·

259 2953 360 3019 trium
384 2956 578 3037 infitiantur,
603 2963 640 3024 ut
667 2959 937 3039 ,reformatores“
965 2960 1088 3025 saeculi
1108 2960 1196 3039 XVI,
1222 2959 1276 3042 qui
1300 2960 1509 3043 originariam

260 3059 403 3127 hominis
424 3064 609 3131 libertatern
633 3072 851 3148 agnoscentes
878 3086 951 3132 eam
973 3086 1033 3149 per
1054 3070 1224 3149 peecatum
1246 3066 1343 3150 primi
1363 3066 1510 3149 parentis

260 3170 377 3251 generi
400 3174 512 3237 nostro
536 3172 692 3238 amissam
710 3172 809 3237 finisse
826 3174 1023 3249 docuerunt;
1049 3176 1151 3239 ultera
1168 3175 1219 3237 est
1233 3171 1509 3255 philosophorum,

260 3277 315 3357 qui
345 3278 401 3341 vel
432 3277 553 3344 diserte
583 3280 637 3343 vel
666 3279 769 3345 tacite
796 3301 856 3363 per
878 3300 971 3344 suam
996 3278 1177 3344 doctrinam
1202 3278 1452 3361 cosmologioam
1476 3284 1510 3345 et

259 3384 528 3467 psychologicam
552 3405 681 3451 omnem
705 3391 850 3453 creatam
874 3406 1006 3451 causam
1030 3384 1167 3451 liberam
1191 3385 1378 3451 excludunt.

350 3499 426 3565 Huc
454 3499 615 3583 imprimis
645 3500 837 3566 recensendi
866 3504 944 3565 suut
967 3500 1145 3565 Fatalistae
1174 3499 1305 3583 proprie
1335 3499 1423 3578 dicti,
1455 3498 1509 3581 qui

261 3605 388 3685 omnia,
425 3627 509 3689 quae
543 3606 576 3670 in
610 3608 730 3672 mundo
765 3609 865 3687 fiunt,
901 3626 998 3673 caeco
1029 3610 1064 3672 et
1097 3606 1296 3671 ineluctabili
1330 3605 1399 3671 fato
1435 3626 1509 3670 eve·

261 3711 331 3776 nire
368 3714 586 3791 contendunt,
622 3734 706 3796 quae
745 3713 911 3780 sententia
942 3713 1156 3797 complurium
1190 3713 1372 3779 Stoicorum
1407 3710 1508 3777 fuisse

261 3823 402 3884 comtat.

350 3936 522 4001 Accedunt
558 3935 751 4017 quicumque
785 3938 1050 4000 materialiamum
1087 3938 1146 4000 aut
1162 3979 1163 3983 =
1178 3937 1411 4021 pactinianum
1448 3934 1508 3999 sub

262 4060 467 4122 quacumque
495 4040 603 4106 forma
629 4044 834 4125 profitentur.
881 4042 925 4106 Et
952 4040 1207 4107 materialismus
1230 4041 1369 4123 quidem,
1395 4043 1509 4124 utpote

354 4306 363 4336 ¹
381 4302 415 4355 V.
430 4302 509 4355 Card.
523 4305 682 4371 Fronzelr'n,
701 4300 741 4356 De
754 4302 819 4368 Deo,
839 4304 880 4357 ed.
900 4304 924 4367 2,
944 4302 1032 4357 thesis
1045 4305 1088 4357 44.
1116 4304 1308 4371 Schnecmamr,
1329 4301 1456 4373 Contron⁴
1475 4303 1508 4357 de

223 4389 226 4393 ⁴
264 4393 372 4446 divinae
391 4392 499 4459 gratiae
516 4391 649 4460 liberique
667 4392 774 4445 arbitrii
792 4391 942 4456 concordia,
962 4390 1089 4457 Friburgi
1102 4391 1147 4444 Br.
1166 4390 1242 4445 1881.
1272 4393 1303 4445 G.
1318 4393 1356 4443 Μ.
1371 4392 1508 4459 Cornoldi,

263 4481 341 4535 Della
359 4480 460 4535 libert'a
471 4498 579 4544 umana,
597 4479 684 4533 Roma
699 4480 767 4535 1884
781 4479 828 4548 (ex
841 4480 977 4549 periodico
993 4480 1203 4545 ,L'Acoadenria
1217 4479 1338 4533 Romana
1351 4479 1377 4533 di
1390 4478 1417 4533 S.
1430 4478 1508 4533 Tom-

264 4588 338 4625 maso
357 4570 508 4639 d'Aquino‘
524 4569 570 4633 IV,
588 4571 657 4624 iaso.
673 4570 709 4637 l).
730 4600 763 4607 -
783 4568 878 4623 Eidem
896 4569 1100 4623 coutroversiae
1118 4586 1170 4623 non
1189 4569 1248 4623 siue
1267 4584 1366 4635 magns
1385 4565 1509 4621 claritate

265 4660 379 4714 inservit
403 4658 490 4713 series
514 4660 690 4713 articulorum
715 4658 744 4712 in
768 4658 905 4728 periodioo
933 4658 1003 4724 ,Der
1028 4658 1173 4712 Kstholilr⁴⁴
1204 4658 1286 4711 1873:
1322 4656 1509 4727 ,speculative

265 4749 448 4819 Begrunduug
471 4748 518 4801 der
537 4747 624 4801 Lehre
642 4764 706 4801 vom
724 4746 876 4815 gtttlichen
894 4746 1125 4801 Vorherwissen.‘
1166 4746 1206 4800 Cf.
1227 4748 1345 4813 Saurea,
1371 4744 1472 4817 Opuso.
1493 4746 1507 4800 l

264 4838 296 4892 de
313 4838 426 4892 auxiliis
445 4836 500 4891 div.
520 4838 625 4903 gratiae
644 4854 667 4890 c.
688 4838 703 4889 7
723 4838 739 4890 9
758 4836 793 4889 al.
814 4864 848 4875 —-
866 4836 965 4906 Opuso.
986 4838 1010 4902 2,
1030 4836 1047 4890 l.
1069 4838 1082 4890 1
1103 4836 1136 4889 de
1155 4836 1271 4890 absolut.
1290 4836 1405 4889 scientia
1423 4836 1508 4890 futur.

265 4929 381 4996 contiug.
391 4956 427 4964 -
437 4926 537 4995 Opuso.
549 4928 571 4987 l,
585 4925 603 4979 l.
616 4926 677 4980 ude
689 4944 823 4980 concursu
832 4924 882 4979 Dei
895 4926 930 4979 ad
942 4928 1022 4980 actus
1035 4924 1137 4980 ordinis
1149 4930 1239 4979 natur.
1249 4952 1284 4961 -
1299 4924 1330 4977 V.
1341 4926 1425 4978 Frins
1435 4924 1461 4979 S.
1473 4925 1490 4979 J
1492 4964 1507 4989 .,

267 5013 303 5069 De
321 5016 429 5071 actibus
447 5015 574 5068 humanis
592 5014 604 5067 1
626 5015 719 5083 (1897)
740 5032 766 5069 n.
786 5014 820 5068 93
833 5032 893 5083 sqq.
