3909 5842
691 666 732 720 De
750 666 918 721 beatitudine
935 666 1098 722 subiectivc.
1478 670 1519 733 55

266 838 315 909 71.
404 841 447 907 ΙΙ.
475 840 675 924 Negaudum
696 846 749 908 ast
780 844 931 908 naturale
952 842 1093 907 hominis
1113 840 1321 933 desiderium
1351 842 1520 926 perfectae

267 946 487 1013 beatitudinis
515 968 575 1032 per
603 948 707 1013 solam
737 948 829 1013 illam
859 948 1044 1014 naturalem
1067 948 1130 1013 Dei
1153 948 1463 1031 contemplationem
1487 952 1521 1015 et

269 1073 419 1118 amorem
450 1053 581 1118 omnino
604 1053 731 1137 expleri
755 1057 932 1137 propterea
955 1074 1022 1119 nou
1045 1074 1158 1137 posse,
1191 1052 1277 1135 quod
1300 1053 1396 1119 homo
1420 1054 1520 1121 etiam

269 1160 420 1225 naturali
444 1161 594 1244 appetitu
618 1160 696 1225 ferri
721 1159 873 1226 videatur
888 1159 922 1225 in
937 1160 1121 1244 perfectam
1137 1164 1289 1227 visionem
1304 1161 1377 1243 Dei,
1402 1160 1520 1227 saltem

268 1270 308 1331 ut
332 1286 456 1333 causae
479 1266 747 1351 primae-rerum.
779 1267 926 1333 Fuerunt
941 1266 1073 1349 quidem
1096 1266 1184 1333 iuter
1199 1266 1415 1333 scholasticos
1438 1288 1521 1333 nou-

268 1372 364 1450 nulli,
382 1373 438 1454 qui
453 1372 539 1438 huuc
554 1372 738 1457 appetitum
754 1373 963 1455 aliquatenus
979 1373 1166 1438 naturalem
1183 1393 1257 1439 esse
1273 1372 1520 1443 existimaruntz

269 1498 354 1558 quos
386 1482 536 1544 recenset
559 1483 593 1545 et
616 1479 800 1545 luculenter
822 1482 950 1545 retutat
973 1480 1169 1545 Sooreaioa¹
1192 1478 1309 1545 merito
1334 1478 1520 1543 affirmans:

272 1582 326 1660 ,in
351 1584 484 1649 homine
507 1606 571 1650 non
596 1606 668 1651 essa
691 1586 874 1669 appetitum
895 1585 1044 1650 innatum
1061 1585 1103 1651 ad
1120 1584 1294 1651 videndum
1311 1586 1415 1651 Deum
1433 1584 1521 1649 clare

269 1694 305 1755 et
327 1694 432 1774 prout
453 1691 488 1755 iu
510 1712 547 1757 se
569 1697 630 1771 est,
656 1695 691 1757 et
714 1696 954 1774 consequenter
976 1713 1038 1757 nec
1058 1692 1101 1757 ad
1116 1692 1400 1776 supernaturalem
1416 1688 1521 1755 beati·

269 1794 452 1862 tudinem‘
493 1799 604 1881 Atque
627 1798 660 1864 id
684 1798 806 1877 valere,
831 1798 888 1878 ait,
917 1799 977 1877 „de
1001 1797 1126 1863 visione
1148 1796 1211 1863 Dei
1234 1798 1294 1863 sub
1317 1816 1521 1880 quacumque

269 1901 437 1980 ratione“;
461 1905 538 1987 quia
560 1904 689 1970 scilicet
716 1904 767 1984 „in
789 1906 922 1971 homins
944 1927 1010 1971 non
1035 1910 1087 1973 est
1108 1908 1249 1992 potentio
1273 1906 1339 1971 clla
1360 1906 1523 1969 naturalia

271 2029 381 2090 nequa
410 2011 522 2077 activa
551 2032 657 2094 nequa
678 2013 831 2096 passiva,
864 2033 925 2077 nec
948 2012 1064 2079 totalis
1087 2034 1147 2078 neo
1169 2012 1321 2096 partialis
1345 2010 1386 2076 ad
1409 2010 1521 2075 videu-

271 2114 348 2179 dum
374 2115 510 2182 Deum.‘

360 2221 585 2287 Nihilominus
615 2222 715 2289 facile
745 2223 954 2290 concedimus
988 2224 1021 2289 in
1051 2225 1221 2309 praesenti
1250 2224 1381 2291 diuinae
1410 2220 1521 2307 provi-

272 2324 408 2393 dentiae
431 2328 545 2394 ordine
567 2329 731 2395 homiuem
754 2330 877 2397 intuitu
900 2330 1113 2397 beatitudiuis
1129 2332 1398 2417 supernaturalia,
1423 2348 1520 2411 quam

273 2432 336 2497 fide
370 2432 559 2503 illustratus
593 2456 653 2519 per
679 2436 741 2501 Dei
775 2436 1011 2503 liberalitatem
1045 2436 1108 2502 sibi
1142 2436 1382 2503 concedendam
1417 2434 1519 2511 novit,

273 2538 330 2604 illa
358 2540 551 2623 possesione
573 2542 635 2607 Dei
665 2565 749 2609 onere
778 2546 925 2609 naturali
954 2543 1021 2608 iam
1051 2564 1117 2609 uon
1140 2543 1256 2609 satiari
1279 2542 1407 2627 posse2.
1453 2540 1520 2605 Ve-

274 2666 345 2709 mm
373 2646 437 2713 hoc
470 2668 536 2713 non
570 2647 682 2713 evenit
716 2668 758 2713 ex
793 2648 941 2714 carentia
975 2648 1114 2715 alicuius
1149 2648 1398 2732 complementi,
1434 2646 1520 2731 quod

274 2750 318 2817 sit
345 2757 488 2820 naturae
511 2754 793 2839 proportionatum
823 2775 863 2820 ac
889 2754 1051 2833 debitum,
1083 2755 1141 2821 sed
1167 2756 1273 2821 solum
1301 2776 1344 2821 ex
1370 2758 1522 2839 respectu

275 2858 316 2923 ad
341 2859 563 2943 capacitatem
592 2863 886 2946 supernaturaliter
909 2862 1091 2941 elevatam,
1123 2860 1213 2927 cuius
1236 2861 1332 2927 homo
1356 2860 1421 2925 iam
1446 2880 1519 2925 oon·

275 2964 362 3031 scius
386 2969 449 3031 eat.

274 3102 321 3174 72.
415 3106 473 3175 111.
496 3106 683 3174 Putaudum
700 3108 801 3173 etiam
824 3129 889 3174 nou
912 3111 965 3174 est
988 3108 1171 3192 appetitum
1195 3106 1335 3173 hominis
1358 3106 1393 3171 iu
1414 3104 1521 3188 gradu

275 3210 489 3278 beatitudinis
518 3213 680 3280 naturalis
704 3214 933 3297 qualicumque
954 3213 989 3278 in
1012 3213 1180 3279 individuo
1204 3212 1422 3279 determinato
1446 3211 1519 3276 ideo

275 3318 390 3383 satiari
421 3339 487 3383 non
516 3340 630 3403 posse,
663 3320 751 3402 quod
777 3324 957 3402 cognoscat
978 3318 1167 3385 innumeros
1189 3318 1312 3402 gradus
1336 3338 1392 3397 eo,
1424 3338 1518 3399 quem

275 3422 344 3507 ipse
367 3446 428 3510 pro
451 3446 511 3491 suo
535 3427 653 3493 merito
678 3432 828 3511 occupat,
852 3426 951 3509 longe
973 3426 1190 3511 perfectiores
1214 3429 1249 3492 et
1271 3425 1360 3490 iutra
1381 3428 1520 3489 naturae

276 3531 435 3598 ambitum
465 3532 566 3599 etiam
597 3532 780 3616 possibiles.
826 3532 915 3599 Nam
946 3533 979 3597 in
1010 3552 1049 3609 ec
1078 3536 1169 3599 statu
1198 3532 1369 3616 perfectae
1392 3528 1520 3595 unionis

276 3657 348 3702 cum
370 3640 443 3705 Deo
470 3660 531 3722 per
553 3639 623 3704 eius
647 3639 868 3721 cognitionem
892 3643 926 3705 et
949 3659 1095 3704 amorem
1125 3640 1235 3704 nullus
1258 3636 1397 3703 hominis
1421 3656 1520 3719 appe·

276 3743 356 3809 titus
386 3746 528 3811 actualis
558 3745 697 3829 supponi
720 3749 833 3829 potest
854 3744 918 3810 nisi
940 3748 1130 3829 rationalis,
1161 3744 1182 3811 i.
1208 3764 1236 3813 e.
1262 3744 1336 3809 curri
1358 3740 1519 3808 obiectivo

277 3850 429 3916 rationali
445 3851 568 3930 ordine,
592 3851 647 3933 qui
663 3856 715 3917 est
731 3852 810 3916 ordo
827 3850 958 3916 divinae
974 3850 1164 3917 sanctitatis
1180 3853 1214 3915 et
1230 3848 1398 3927 bonitatis,
1422 3848 1520 3932 plane

276 3957 493 4023 consentiens.
530 3956 737 4023 irrationalis
760 3962 872 4023 autem
895 3956 1034 4022 dicenda
1057 3960 1147 4023 esset
1170 3954 1330 4039 appetitio
1353 3954 1412 4032 rei,
1436 3974 1520 4037 quae

277 4060 320 4126 sit
340 4062 534 4128 individuali
557 4063 737 4147 capacitati
759 4068 898 4130 naturae
922 4062 1224 4147 disproportionata
1248 4063 1282 4126 et
1304 4060 1380 4125 hinc
1403 4076 1520 4124 secun·

278 4166 351 4231 dum
381 4170 508 4234 rectum
539 4169 686 4235 ordinem
715 4168 936 4253 impossibilis.
984 4168 1028 4235 Et
1051 4188 1147 4247 sane,
1180 4188 1255 4232 cum
1279 4165 1401 4232 iamin
1424 4186 1520 4248 prae-

278 4276 361 4341 senti
384 4276 465 4354 vita,
489 4296 552 4359 quo
576 4275 689 4359 purius
711 4281 822 4341 rectus
845 4276 926 4340 ordo
950 4280 985 4341 et
1008 4273 1218 4340 sanctissima
1233 4272 1295 4337 Dei
1319 4270 1520 4353 dispensatio

279 4384 473 4468 perspicitur
494 4389 529 4451 et
551 4389 700 4462 amatur,
731 4405 769 4449 eo
792 4384 900 4450 miuus
922 4384 1067 4449 invidiae
1088 4384 1143 4449 vel
1166 4380 1385 4466 idiopathioae
1409 4399 1520 4445 aemu-

279 4488 390 4555 lationi
420 4491 512 4556 locus
541 4490 751 4574 relinquitur,
782 4514 841 4577 pro
872 4496 965 4559 certo
994 4491 1178 4558 habendum
1209 4495 1261 4555 eat
1292 4487 1464 4555 afortiori
1487 4486 1520 4551 in

278 4598 366 4662 statu
389 4596 528 4680 perlecti
550 4598 671 4663 amoris
686 4598 778 4664 illam
793 4598 894 4663 sortis
909 4596 1179 4681 inaequalitatem
1197 4596 1400 4677 singulorum
1417 4592 1521 4659 felici·

281 4745 586 4756 Ἢ-

366 4826 375 4856 ¹
393 4824 433 4878 De
451 4824 505 4878 line
522 4824 593 4878 hom.
613 4824 681 4894 disp.
703 4824 744 4888 lc,
762 4827 830 4877 sect.
849 4822 875 4877 2.

365 4912 376 4945 ²
402 4913 461 4967 Hoc
488 4916 594 4967 tantum
622 4928 705 4967 sensu
732 4912 815 4965 etiam
842 4910 1043 4979 intellegendus
1069 4909 1178 4963 videtur
1204 4910 1233 4962 S.
1263 4908 1392 4975 Thomas,
1419 4905 1521 4959 Contra

281 4994 378 5054 Gentes
397 5002 420 5066 3,
439 5002 483 5055 50,
