3909 5842
431 654 492 717 124
663 647 753 701 Sectio
772 648 794 702 1.
831 647 911 702 Liber
930 648 964 703 ll.
1002 646 1091 720 Caput
1109 650 1130 703 l.
1167 648 1307 703 Articulus
1327 649 1350 703 1.
1388 649 1449 716 53.

429 828 540 894 vocari
564 828 658 905 solet,
687 850 751 911 quo
775 827 905 893 nomine
929 831 1041 894 tamen
1064 827 1159 894 multi
1183 828 1278 892 simul
1299 830 1496 915 principium
1518 850 1680 895 summum

428 936 505 1019 lepis
529 937 690 1000 naturalia
712 955 772 1000 seu
792 933 972 999 officiorum
989 934 1188 999 naturalium
1203 956 1372 1018 perperam
1388 934 1680 1018 comprehendunt,

430 1062 502 1106 cum
526 1041 666 1106 alterum
690 1040 731 1105 ab
756 1039 861 1105 altero
884 1060 950 1103 non
973 1058 1070 1104 secus
1086 1039 1218 1105 differat
1234 1061 1272 1105 ao
1287 1042 1450 1105 honestum
1467 1049 1680 1127 apraecepte,

430 1168 567 1230 quorum
584 1147 695 1231 dispar
709 1146 796 1212 ratio
812 1167 855 1211 ex
870 1144 958 1210 infra
974 1145 1015 1210 de
1032 1144 1232 1227 obligatione
1249 1146 1394 1212 dicendis
1409 1148 1549 1231 patebit.
1585 1148 1681 1213 Tam-

431 1253 493 1319 etsi
522 1275 661 1336 namque
691 1275 787 1318 omne
817 1252 1026 1318 inhonestum
1051 1273 1116 1334 qua
1139 1253 1207 1317 tale
1230 1254 1428 1321 naturaliter
1452 1274 1585 1337 quoque
1608 1274 1682 1338 pro-

430 1359 566 1427 hibitum
598 1381 670 1425 esse
699 1360 912 1443 intellegitur,
947 1363 1156 1437 nontamen,
1188 1358 1343 1442 quidquid
1366 1381 1425 1443 per
1448 1380 1484 1425 se
1507 1359 1681 1427 honestum

430 1488 503 1533 esse
526 1466 761 1549 cognoscimus,
786 1487 825 1532 eo
847 1464 919 1550 ipso
944 1465 1044 1532 etiam
1067 1470 1279 1551 praeceptum
1302 1470 1363 1545 est,
1387 1467 1435 1532 ita
1459 1470 1497 1533 ut
1518 1466 1619 1531 nefas
1642 1465 1682 1531 sit

430 1574 510 1639 illud
534 1573 696 1639 omittere.

430 1712 496 1783 154.
588 1713 633 1778 Et
656 1712 749 1777 nobis
769 1713 900 1795 quidem
916 1712 1067 1794 quaestio
1084 1712 1124 1777 de
1140 1712 1281 1796 genuino
1297 1712 1455 1797 principio
1472 1712 1681 1785 moralitatis,

430 1829 584 1905 quantum
607 1820 653 1884 od
675 1840 751 1901 rent,
784 1820 881 1902 plane
904 1819 1069 1903 dirempta
1092 1818 1157 1884 iam
1182 1824 1244 1897 est,
1275 1822 1342 1898 aut,
1374 1820 1402 1884 si
1433 1841 1500 1903 qua
1523 1818 1682 1885 solvenda

431 1926 583 2009 supersit,
608 1946 648 1990 ea
671 1925 713 1990 ad
735 1926 867 2009 plenam
890 1924 941 1989 sui
963 1924 1159 1992 solutionem
1183 1948 1247 1991 uon
1265 1926 1370 2009 exigit
1393 1926 1454 1991 nisi
1471 1930 1509 1991 ut
1525 1947 1568 1990 ex
1585 1925 1683 1991 certis

431 2032 498 2097 iam
526 2031 715 2115 praemissis
745 2030 985 2096 conclusionem
1018 2031 1173 2096 ducamus
1203 2053 1268 2097 nou
1295 2032 1401 2096 minus
1425 2036 1552 2097 certam
1577 2036 1610 2098 et
1635 2030 1681 2094 in-

432 2158 638 2216 concussam,
670 2156 809 2219 eamque
839 2136 880 2201 ad
910 2137 1051 2202 formam
1081 2137 1218 2220 regulae
1250 2136 1432 2203 obiectivae
1466 2159 1525 2203 seu
1559 2135 1681 2203 criterii

432 2242 610 2327 ontologici
640 2264 738 2325 quam
768 2242 910 2308 maxime
941 2243 1220 2309 accommodatam
1244 2242 1444 2326 redigamus.
1491 2242 1574 2307 Cum
1598 2240 1681 2307 enim

433 2350 537 2416 omnis
561 2353 670 2415 motus
700 2350 861 2414 naturalis
888 2350 986 2415 aliter
1008 2353 1118 2415 rectus
1141 2349 1195 2415 vel
1224 2371 1289 2416 non
1319 2353 1429 2416 reatus
1452 2348 1515 2415 dici
1539 2354 1683 2431 nequeat

432 2456 494 2521 nisi
524 2456 702 2521 secundum
735 2455 949 2523 directionem
978 2457 1032 2521 vel
1064 2478 1127 2523 non
1158 2456 1370 2522 directionem
1394 2456 1436 2522 ad
1460 2476 1597 2540 scopum
1620 2456 1682 2520 sibi

432 2561 629 2628 naturaliter
664 2562 847 2644 praefixum
876 2561 922 2644 (n.
952 2562 1116 2643 31-33)‚
1150 2562 1284 2627 evidens
1320 2567 1372 2629 est
1408 2565 1520 2627 actum
1552 2582 1681 2645 quoque

432 2668 610 2733 humanum
625 2667 787 2735 obiective
802 2670 856 2734 vel
871 2673 997 2736 rectum
1014 2670 1067 2734 vel
1083 2690 1148 2734 non
1164 2674 1289 2735 rectum
1307 2688 1389 2745 esse,
1405 2673 1505 2751 prout
1517 2688 1583 2751 qua
1594 2669 1681 2745 talis,

433 2774 466 2839 id
490 2779 542 2841 est
565 2794 607 2839 ex
630 2774 733 2839 libero
756 2774 939 2842 voluntatis
963 2774 1102 2853 delectu,
1126 2774 1169 2839 ad
1192 2795 1285 2839 suum
1303 2777 1410 2851 linem,
1434 2774 1490 2856 qui
1505 2775 1597 2839 Deus
1611 2774 1681 2858 ipse

434 2884 486 2945 est
508 2880 725 2965 spiritualiter
747 2880 964 2964 possidendus
987 2886 1022 2947 et
1038 2881 1100 2946 hae
1116 2880 1322 2963 possessione
1337 2880 1579 2963 glorificandua
1602 2900 1681 2947 vere

433 2986 586 3069 dirigitur
615 2988 669 3052 vel
699 3008 803 3054 secus.
849 2987 895 3053 Et
923 2988 972 3053 ita
1002 2986 1142 3070 quidem,
1173 2988 1228 3052 ribi
1256 2990 1394 3073 primum
1426 3009 1520 3052 verus
1543 2989 1680 3052 bominis

430 3094 507 3177 finis
530 3097 734 3180 oopnoecitur,
757 3096 825 3179 ipae
848 3102 1012 3179 conceptus
1035 3095 1205 3159 honestatis
1229 3102 1257 3159 et
1278 3094 1485 3159 inhonestatis
1500 3096 1678 3159 abiectiorem

432 3222 553 3288 quoque
575 3204 730 3265 rationem
754 3202 920 3285 utriusque
943 3202 1010 3265 iem
1033 3202 1182 3287 implicita
1206 3202 1333 3266 denotet
1356 3198 1400 3280 (n.
1428 3200 1515 3284 149).
1552 3200 1678 3265 Nihilo-

432 3308 538 3373 minus
568 3307 713 3375 utilitate
736 3328 802 3372 non
825 3307 960 3384 carebit,
993 3306 1129 3373 eandem
1153 3328 1222 3371 rem
1246 3306 1413 3373 illustrare
1436 3306 1576 3383 uberius,
1606 3304 1678 3370 sive

432 3413 573 3499 repetire
603 3411 838 3477 considerando
872 3412 981 3477 varios
1012 3434 1140 3478 errores
1170 3412 1217 3477 illi
1248 3412 1426 3497 oppositos
1457 3412 1528 3479 sive
1547 3414 1678 3498 positive

431 3524 501 3586 tum
531 3518 718 3602 indagando
748 3520 781 3584 in
810 3519 879 3584 eius
910 3518 1004 3601 quasi
1033 3519 1176 3584 radicem
1208 3518 1350 3585 maxime
1371 3518 1540 3603 formalem
1562 3523 1596 3584 et
1617 3520 1677 3583 ab·

431 3625 583 3703 solutam,
600 3628 670 3690 tum
687 3626 757 3691 eius
773 3627 959 3708 quaerendo
975 3625 1159 3703 formulam,
1177 3646 1261 3707 quae
1273 3645 1332 3710 per
1347 3646 1440 3691 suam
1457 3625 1676 3691 immediatam

432 3732 631 3797 evidentiam
661 3732 823 3797 humanae
849 3732 1098 3814 intellegentiae
1121 3732 1280 3797 inservire
1303 3732 1407 3815 possit
1429 3738 1592 3814 tamquam
1612 3730 1676 3795 ob·

431 3838 585 3904 iectivum
610 3842 774 3905 criterium
796 3838 1001 3905 discernendi
1024 3839 1213 3922 generalem
1237 3839 1395 3904 rationem
1420 3838 1548 3905 honesti
1569 3840 1600 3902 ct
1618 3836 1674 3901 in·

431 3944 570 4023 honesti,
594 3965 652 4010 seu
675 3949 844 4028 tamquam
869 3966 982 4011 verum
1011 3944 1223 4029 ,principium
1247 3945 1478 4012 moralitatis“.

584 4122 617 4175 A.
636 4118 839 4191 Philosophorum
856 4119 883 4174 ir
900 4118 1035 4175 &tuendo
1054 4118 1188 4191 „prinoipio
1206 4118 1375 4175 nonlitatis“
1392 4117 1527 4175 liuditum

430 4225 497 4298 155.
589 4228 789 4313 Quicumque
825 4234 974 4313 apertum
1016 4230 1272 4314 ,positivismum
1314 4230 1490 4295 moralem¹¹
1530 4228 1669 4314 profiteri

432 4335 556 4411 nolunt,
587 4336 621 4401 in
652 4358 690 4403 eo
720 4336 849 4419 quidem
881 4358 993 4402 omnes
1023 4336 1219 4402 conveniant
1241 4356 1375 4402 neeesse
1399 4339 1460 4415 est,
1485 4340 1522 4402 ut
1543 4336 1573 4401 in
1593 4333 1670 4418 ipsis

433 4442 624 4518 actionibus,
649 4444 669 4509 i.
687 4464 715 4509 e.
732 4443 765 4508 in
785 4443 895 4525 aliqua
910 4464 1022 4509 earum
1040 4444 1241 4527 proprietate
1257 4442 1494 4526 qualicumque,
1518 4442 1666 4508 rationem

431 4547 567 4630 reperiri
590 4548 778 4628 admittant,
803 4553 1058 4633 propterquam
1083 4548 1168 4615 aliae
1192 4548 1407 4614 aestimentur
1429 4570 1489 4632 per
1511 4570 1546 4613 se
1567 4564 1666 4611 mora-

431 4653 507 4719 liter
536 4655 650 4733 bonae,
682 4654 767 4721 aliae
797 4660 908 4721 autem
937 4656 1055 4722 malae.
1103 4656 1138 4720 Ιιι
1172 4676 1211 4721 eo
1240 4656 1340 4721 etiam
1362 4656 1450 4721 inter
1473 4675 1509 4721 se
1531 4651 1665 4738 plerique

431 4780 494 4825 nou
526 4761 690 4841 differunt,
721 4763 806 4845 quod
837 4764 974 4849 aliquem
1004 4771 1144 4829 naturae
1170 4764 1265 4847 finem
1296 4786 1350 4828 seu
1381 4762 1513 4849 aliquod
1540 4766 1665 4825 nutaret·

432 4867 546 4932 bonum
575 4890 732 4934 autumem
763 4869 833 4935 sive
863 4870 1018 4954 explicite
1041 4870 1112 4935 sive
1134 4868 1292 4953 implicite
1315 4872 1512 4953 supponant,
1543 4863 1663 4933 acuius

430 4972 521 5036 finali
549 4976 702 5055 respectu
732 4974 862 5039 bonitas
884 4974 937 5039 vel
962 4974 1089 5040 malitie
1111 4975 1143 5039 in
1168 4975 1314 5041 actiones
1338 4974 1517 5040 derivetur.
1562 4973 1660 5038 Dice*
