3909 5842
497 699 688 770 Metaphysica
707 698 778 766 legis
796 699 919 770 analysis
938 717 952 752 e
972 703 1105 769 conceptu
1124 697 1300 766 obligationis
1318 697 1412 768 petita.
1515 703 1575 766 197
1606 679 1609 687 ¹

330 900 415 944 mum
446 885 474 943 et
504 898 697 942 communem
725 875 913 960 conspirare
943 877 1114 958 Deumque
1144 875 1329 958 glorificare
1357 877 1487 955 debent,
1518 899 1576 961 pro

329 1005 482 1050 mensura
506 986 645 1048 naturae
670 985 704 1047 et
727 982 841 1064 gradu,
866 1003 961 1064 quem
988 981 1155 1065 quaelibet
1178 982 1210 1046 in
1234 981 1369 1046 mirifico
1392 981 1449 1048 illo
1466 983 1578 1049 ordine

329 1095 477 1174 occupat.
522 1089 611 1153 Deus
634 1091 695 1166 est,
720 1089 774 1171 qui
798 1090 883 1154 hunc
907 1089 1054 1155 ordinem
1070 1089 1199 1167 statuit,
1224 1089 1368 1171 quicum
1385 1088 1578 1155 etiameon-

329 1201 443 1262 servat
466 1201 501 1262 et
524 1195 715 1277 exsequitur
737 1200 905 1278 tamquam
927 1199 1056 1282 primns
1079 1205 1189 1278 motor,
1213 1196 1270 1260 sed
1294 1217 1359 1261 non
1375 1196 1445 1261 sine
1460 1217 1578 1280 coope-

329 1303 458 1370 ratione
481 1323 655 1368 causarum
678 1303 905 1370 secundarum.
937 1303 1093 1384 Indigsnt
1115 1303 1217 1385 igitur
1240 1321 1354 1367 omnes
1376 1323 1431 1367 res
1446 1307 1578 1368 creatae

276 1397 279 1402 ’
330 1409 438 1500 aliquo
461 1408 628 1492 ligamine,
653 1429 716 1489 quo
740 1429 799 1492 pro
818 1409 923 1490 gradu
939 1431 999 1474 suo
1015 1410 1057 1475 ad
1073 1409 1211 1475 eundern
1228 1408 1374 1472 ordinem
1390 1408 1576 1491 alligentur,

330 1537 370 1581 ne
387 1517 428 1582 ab
452 1515 522 1580 eius
545 1515 673 1581 unitate
697 1535 756 1580 seu
780 1536 800 1580 a
823 1516 887 1580 fine
912 1516 1075 1581 communi
1099 1515 1292 1581 desciscant.
1326 1513 1437 1598 Atque
1460 1515 1493 1579 iu
1517 1515 1579 1580 hoo

330 1623 401 1707 ipso
424 1621 580 1705 ligamine
604 1623 751 1706 obligatio
774 1624 928 1688 latissime
951 1631 1078 1708 sumpta
1102 1621 1263 1687 consistit.
1295 1621 1344 1686 Eo
1363 1641 1462 1686 seusu
1478 1620 1579 1702 igitur

330 1727 486 1810 obligatio
517 1730 559 1794 ad
590 1749 703 1795 omues
731 1733 765 1795 et
793 1729 941 1812 singulas
971 1750 1026 1794 res
1057 1734 1187 1794 creatas
1217 1728 1415 1796 extenditur.
1462 1728 1579 1810 Neque

331 1834 429 1900 aliam
458 1855 555 1918 posse
585 1855 658 1900 esse
690 1857 821 1901 canaam
851 1835 992 1920 primam
1023 1835 1224 1918 obligantem
1248 1834 1310 1899 nisi
1333 1837 1437 1900 solum
1462 1836 1578 1913 Deum,

330 1961 395 2004 uon
419 1941 526 2006 minus
549 1941 756 2026 perspicuum
781 1947 841 2021 est,
866 1963 964 2025 quam
988 1943 1140 2008 obiectam
1160 1943 1298 2025 formale
1323 1943 1458 2026 ettinem
1476 1964 1579 2007 essen·

330 2049 438 2112 tialnn
469 2047 679 2129 obligationis
704 2049 809 2114 omnis
832 2071 904 2115 esse
928 2051 1074 2116 ordinem
1098 2072 1207 2116 rernm
1230 2071 1252 2115 a
1274 2049 1335 2114 Dei
1359 2047 1522 2132 sapientia
1545 2052 1580 2114 et

330 2153 510 2219 sanctitate
533 2154 697 2220 intentum
721 2154 777 2236 (ct.
804 2177 833 2221 u.
860 2157 993 2238 7—10).

331 2291 393 2364 221.
486 2291 550 2358 Sed
573 2293 738 2374 ligaminis
761 2293 848 2360 illius
871 2294 956 2360 ratio
981 2296 1203 2362 essentialiter
1222 2295 1353 2362 diversa
1369 2300 1421 2360 est
1436 2295 1470 2359 in
1486 2315 1578 2360 crea·

330 2399 414 2465 turis
437 2401 651 2465 rationalibus
675 2406 710 2466 et
733 2401 893 2466 creaturis
918 2407 1043 2468 ratione
1067 2404 1232 2468 destitutis.
1265 2401 1338 2468 Hae
1362 2401 1512 2467 nimirum
1537 2401 1577 2466 ad

331 2505 557 2588 complendum
575 2506 722 2571 ordinem
740 2509 902 2573 ducuntur
917 2508 1189 2574 determinatione
1205 2509 1351 2592 physica,
1376 2508 1452 2573 illae
1468 2511 1577 2572 autem

332 2613 373 2677 ad
398 2611 545 2676 ordinem
570 2613 685 2678 docere
708 2617 890 2698 sernetipsas
913 2615 1044 2690 debent,
1069 2615 1154 2680 unde
1177 2615 1322 2698 ipsarum
1347 2619 1485 2680 naturae
1502 2635 1579 2678 con-

331 2717 423 2782 venit
438 2718 486 2782 ita
501 2717 607 2798 ligari,
633 2723 678 2794 ut,
702 2720 852 2801 quamvis
868 2721 1003 2802 ligatae,
1020 2721 1174 2787 libertate
1190 2725 1300 2786 tamen
1317 2742 1382 2785 non
1397 2719 1578 2804 priventur.

331 2823 416 2889 Illud
447 2824 680 2906 obligationem
709 2827 884 2911 physicam,
916 2828 977 2892 hoc
1008 2831 1159 2894 moralem
1190 2827 1370 2893 constituit.
1417 2826 1504 2891 Ordo
1538 2826 1579 2891 ad

333 2951 429 3012 quern
454 2931 660 2996 efficiendum
685 2931 742 2996 illa
765 2933 913 3016 proxime
936 2938 1077 3018 spectat,
1102 2934 1181 2999 ordo
1203 2937 1352 3020 physicas
1380 2939 1441 3011 est,
1473 2934 1580 3000 altera

333 3041 442 3102 autem
468 3038 655 3104 immediate
679 3038 721 3104 ad
745 3039 890 3103 ordinem
915 3044 1066 3106 moralem
1089 3041 1293 3106 efficiendum
1319 3045 1353 3107 et
1383 3061 1578 3106 conservan-

333 3143 407 3208 dum
441 3143 600 3214 refertur:
634 3145 691 3209 illa
723 3165 783 3228 per
812 3149 893 3232 tepea
919 3149 1101 3232 physicce¹,
1135 3147 1216 3213 haec
1245 3169 1304 3231 per
1333 3151 1413 3235 tepea
1442 3149 1579 3212 morales

332 3249 483 3315 efficitur.
516 3250 578 3316 Sed
604 3250 655 3315 hic
679 3251 719 3315 de
743 3251 859 3318 morali
881 3255 1012 3318 tantum
1031 3253 1232 3336 obligatione
1249 3253 1357 3319 dicere
1373 3255 1415 3320 ad
1430 3256 1578 3319 nostrum

331 3355 534 3439 propositum
558 3357 711 3439 pertinet.

332 3494 400 3567 222.
493 3500 628 3563 Morntis
652 3499 808 3585 obligatio,
834 3519 918 3580 quae
942 3499 1042 3565 ctiam
1065 3499 1258 3582 simpliciter
1277 3498 1435 3580 obligatio
1451 3498 1578 3573 dicitur,

332 3603 363 3668 id
388 3603 488 3668 habet
511 3623 591 3686 prae
615 3603 701 3668 omni
726 3604 789 3670 alio
814 3604 968 3687 ligamine
992 3604 1169 3688 proprium,
1195 3605 1280 3686 quod
1297 3604 1422 3669 inducit
1436 3603 1578 3668 necessi·

331 3713 436 3775 tatem
460 3731 524 3774 non
549 3710 729 3793 physicam,
754 3712 811 3776 sed
836 3714 996 3793 moralem,
1020 3711 1041 3777 i.
1059 3713 1216 3791 etalem,
1241 3733 1325 3794 quae
1341 3710 1504 3794 spirituali
1520 3731 1578 3775 na-

331 3821 427 3881 turae
443 3817 487 3882 sit
503 3818 749 3884 accommodata
765 3841 804 3883 ac
821 3818 913 3902 proin
930 3819 1066 3884 liberam
1083 3822 1215 3884 actuum
1231 3839 1363 3882 snorum
1380 3820 1578 3901 potestatem

332 3923 439 3988 animo
463 3944 528 3988 non
552 3923 690 3989 auferat.
738 3924 828 3989 'Palis
853 3930 963 3990 autem
988 3925 1078 3989 nulla
1101 3925 1226 4009 concipi
1255 3929 1367 4008 potest
1400 3923 1580 3988 necessitas

331 4028 391 4094 nisi
417 4031 620 4112 disircncticn,
645 4030 724 4094 talis
748 4030 909 4109 nimirum,
935 4052 1000 4114 qua
1024 4053 1082 4096 eus
1105 4031 1267 4097 rationale
1291 4032 1332 4096 ad
1357 4032 1502 4096 ordinem
1526 4052 1577 4095 su-

331 4159 475 4222 premum
500 4139 669 4202 creationis
693 4157 757 4201 non
781 4137 887 4202 minus
912 4137 1041 4219 quidem
1058 4158 1097 4201 ac
1114 4157 1172 4202 ens
1187 4137 1379 4202 irrationale
1395 4138 1580 4222 simpliciter

332 4243 568 4324 adstringatur,
599 4242 648 4308 ita
670 4247 791 4320 tamen,
824 4249 860 4308 ut
883 4243 1031 4309 libertati
1053 4243 1258 4323 relinquatur
1281 4243 1423 4327 spatium
1448 4242 1579 4324 aliquod

332 4349 500 4415 electionis
525 4350 613 4414 eirca
635 4351 774 4430 nodum,
806 4369 869 4431 quo
900 4349 1010 4433 potius
1034 4349 1126 4414 illum
1150 4350 1297 4415 ordinem
1321 4370 1341 4414 a
1365 4371 1400 4414 se
1424 4348 1580 4431 compleri

332 4457 429 4530 velit;
447 4459 494 4521 vel
505 4456 565 4520 Dei
578 4455 610 4519 in
623 4459 743 4520 natura
755 4455 909 4520 rationali
926 4455 1119 4520 benevolam
1133 4455 1343 4520 directionem
1358 4455 1399 4519 ad
1413 4454 1578 4538 proprium

332 4583 493 4628 summum
516 4562 635 4626 bonum
660 4561 761 4626 libere
785 4561 961 4643 sequendo,
985 4565 1032 4627 cel
1055 4562 1191 4626 eandem
1216 4582 1288 4626 cum
1305 4561 1437 4645 proprio
1453 4581 1578 4625 summo

332 4669 419 4733 malo
454 4668 637 4751 spernendo
670 4668 811 4750 indeque
842 4667 962 4734 iustam
994 4668 1117 4734 ordinis
1146 4669 1346 4735 reactionem
1377 4666 1544 4734 subeundo
1554 4669 1577 4732 2.

424 4863 431 4894 ¹
445 4863 473 4916 S.
492 4861 592 4928 Thom,
607 4859 633 4914 S.
647 4859 729 4914 theol.
745 4861 768 4926 1,
781 4862 806 4926 2,
821 4878 846 4929 q.
862 4861 904 4926 93,
918 4879 942 4915 a.
958 4863 987 4916 ὃς
1006 4862 1095 4927 ,Deus
1108 4862 1239 4932 imprimit
1253 4862 1303 4916 toti
1319 4867 1432 4915 naturae
1447 4861 1579 4930 principia

332 4952 500 5021 propriorum
514 4953 632 5013 actuum,
646 4953 674 5002 et
686 4949 745 5004 ideo
756 4967 805 5020 per
818 4950 889 5004 hunc
900 4951 1008 5004 modurn
1019 4949 1093 5004 Deus
1104 4951 1203 5005 dicitur
1212 4950 1368 5020 praecipere
1377 4949 1428 5004 toti
1438 4949 1575 5004 naturae.“

421 5041 432 5072 ²
451 5039 492 5093 Of.
516 5039 661 5108 Tnpnrrllz',
680 5037 780 5093 Diritto
799 5043 887 5094 natur.
908 5040 927 5100 Ι,
946 5039 963 5107 5
982 5040 1016 5093 93
1029 5057 1090 5108 aqq.
