3909 5842
711 680 751 736 De
773 683 919 752 ,principio
938 681 1128 737 moralitatia‘.
1474 687 1533 750 141

282 856 437 940 aliosque
467 857 727 942 imperfectiores
756 857 927 924 reddunt.“
977 858 1016 924 In
1047 857 1109 924 hoc
1139 863 1249 925 autem
1280 862 1356 946 lepis
1378 859 1539 926 naturalis

283 964 450 1051 principio
480 964 656 1032 manifeste
679 963 873 1050 implicitum
897 968 948 1030 est
971 964 1060 1031 istud
1084 965 1213 1031 demum
1237 968 1428 1032 moralitatis
1451 965 1540 1050 prin·

284 1069 427 1154 cipium:
458 1072 628 1138 Moraiiter
658 1073 757 1138 bonae
786 1079 860 1136 eunt
892 1074 1030 1138 actiones
1062 1081 1119 1138 ant
1141 1075 1255 1154 malae,
1284 1080 1381 1158 prout
1403 1074 1541 1138 bonninie

282 1177 512 1262 perfectionem
535 1186 601 1244 tam
621 1181 790 1264 propriam
805 1186 872 1244 tam
888 1181 1026 1244 aliorum
1042 1187 1100 1244 ant
1110 1187 1295 1264 promovent
1310 1186 1367 1244 ant
1381 1181 1539 1244 minuunt.

380 1283 433 1350 Ad
456 1284 541 1350 hanc
563 1283 719 1350 Leibnizii
743 1285 849 1351 ideam
874 1284 1083 1367 aliquatenus
1107 1285 1235 1352 accedit
1257 1287 1301 1352 Η.
1318 1284 1419 1351 Uinici
1438 1285 1540 1366 (1806

287 1390 331 1454 ad
359 1391 470 1473 1884),
503 1389 558 1472 qui
587 1389 740 1456 similiter
769 1389 930 1456 rationem
961 1390 1036 1456 boni
1068 1394 1103 1457 et
1131 1391 1210 1456 mali
1240 1411 1283 1456 ex
1312 1390 1436 1456 liberae
1459 1390 1541 1456 voli-

287 1496 391 1562 tiouis
422 1501 457 1564 et
487 1496 626 1564 actionis
656 1495 835 1564 directione
866 1518 984 1563 versus
1013 1497 1232 1564 omnimodam
1262 1501 1296 1564 et
1320 1497 1540 1564 harmonicam

294 1603 552 1686 ,perfectionem
583 1603 746 1670 humanae
774 1603 924 1670 entitatis
948 1609 983 1670 at
1005 1603 1114 1669 vitm‘
1141 1604 1195 1669 val
1219 1604 1386 1670 contraria
1409 1605 1542 1669 aberra·

287 1709 382 1776 tione
407 1709 548 1778 dimetiri
572 1709 702 1776 docet1.

382 1814 417 1897 b)
442 1815 493 1882 le
524 1815 727 1900 pbilosophis
757 1816 864 1898 anglis
895 1817 957 1882 huc
987 1837 1117 1899 quoque
1146 1815 1329 1882 censendus
1359 1820 1412 1882 est
1433 1817 1540 1882 Adam

290 1922 459 2009 Fcrqaecn
483 1923 733 2005 (lael-1816)
764 1943 864 2007 supra
893 1922 959 1988 iam
990 1923 1195 2000 nominatae,
1226 1924 1347 2006 quippe
1376 1922 1448 2004 qui,
1480 1922 1543 1988 etsi

290 2027 503 2110 aliquatenus
526 2029 746 2113 empirismum
771 2029 929 2094 moralem
953 2034 1095 2105 secutus,
1125 2029 1222 2094 simul
1245 2031 1356 2094 tamen
1381 2028 1543 2112 catologi·

291 2155 367 2198 cam
397 2134 595 2202 moralitatis
625 2134 786 2200 rationem
816 2134 850 2200 in
869 2139 1074 2222 praqreaaioa
1096 2143 1235 2200 naturae
1258 2137 1418 2202 hnmanae
1441 2138 1541 2202 eleua-

291 2245 378 2307 ticne
394 2243 440 2306 ad
459 2239 681 2326 perfectionem
699 2241 834 2306 idealem
849 2263 1025 2326 numquam
1041 2243 1138 2325 piane
1154 2241 1384 2326 assequendam
1400 2241 1509 2324 posuit
1517 2241 1540 2306 ².

542 2413 576 2468 ll.
597 2413 739 2482 Principia
757 2415 923 2468 moralitatis
941 2417 1292 2483 deantoloqicarationalia.

291 2520 362 2593 168.
456 2521 539 2588 Huic
556 2522 701 2606 generali
719 2522 974 2589 denominationi
991 2543 1032 2588 aa
1047 2524 1179 2590 moralis
1195 2523 1419 2608 philosophiae
1435 2530 1541 2608 syste-

292 2631 386 2694 mata
418 2628 633 2712 respondent,
668 2649 752 2711 quae
782 2631 949 2712 formalem
983 2629 1144 2695 rationem
1179 2629 1312 2694 moralis
1347 2631 1542 2697 discriminis

293 2735 461 2799 actionum
484 2736 518 2800 in
540 2735 630 2801 nullo
654 2735 881 2818 qualicumque
906 2757 1017 2800 aarum
1041 2740 1194 2820 respectu
1218 2737 1259 2802 ad
1282 2737 1386 2821 ipsius
1403 2737 1543 2802 hominis

292 2839 490 2908 felicitatem
521 2841 592 2907 sive
621 2841 787 2926 propriam
812 2841 882 2908 sive
906 2863 1109 2907 communem
1135 2843 1287 2920 omnium,
1317 2843 1430 2909 sedin
1454 2865 1543 2909 mere

293 2946 445 3012 obiectioa
470 2971 580 3013 earnm
603 2952 758 3015 nationali
781 2949 923 3014 decentia
945 2949 1043 3015 sitam
1068 2971 1140 3014 esse
1165 2949 1292 3015 docent.
1325 2950 1389 3014 Pro
1413 2949 1542 3015 diverso

293 3058 406 3118 autem
430 3075 538 3133 sensu,
563 3076 626 3136 quo
650 3054 732 3121 haec
755 3055 871 3138 regula
895 3055 1064 3138 accipitur,
1089 3055 1173 3120 duae
1195 3055 1325 3120 illorum
1349 3055 1471 3121 classes
1495 3056 1543 3120 di-

292 3159 515 3241 stinguuntur.
563 3160 687 3246 Quippe
712 3183 784 3226 cum
808 3161 956 3227 omnibus
980 3165 1109 3226 constet
1132 3162 1165 3225 in
1188 3161 1371 3227 actionibus
1392 3161 1542 3227 humanis

294 3266 459 3330 rationem
490 3266 830 3348 eudaemonologicam
864 3289 934 3331 cum
966 3267 1194 3350 deontologica
1224 3267 1385 3333 obiective
1414 3268 1542 3350 quidem

294 3393 353 3437 seu
385 3373 602 3439 materialiter
631 3373 841 3457 inseparabili
871 3394 958 3438 nexu
990 3372 1184 3451 consociari,
1216 3373 1411 3455 eosdemque
1439 3378 1543 3451 actus,

296 3499 380 3559 quos
396 3479 572 3544 secundum
590 3479 752 3545 rationem
769 3479 922 3544 decentes
939 3483 973 3545 et
988 3480 1145 3545 honestas
1157 3477 1347 3557 iudicamus
1364 3500 1437 3546 esse
1449 3481 1544 3546 simul

297 3583 337 3648 ad
363 3605 477 3650 veram
501 3581 640 3650 liominis
663 3583 897 3669 perfectionem
923 3607 960 3651 ac
984 3585 1177 3652 felicitatem
1195 3585 1455 3670 consequendam
1471 3607 1546 3670 pro·

296 3691 410 3768 fauce,
442 3691 523 3756 haec
552 3691 678 3756 moveri
707 3696 818 3776 potest
842 3693 1020 3758 dubitatio:
1051 3693 1137 3758 sitne
1159 3693 1217 3758 illa
1240 3693 1439 3759 moralitatis
1461 3695 1546 3759 ratio

297 3795 346 3860 ita
368 3819 450 3882 pure
474 3805 501 3862 et
525 3799 678 3864 ecclcsiae
701 3799 900 3882 accipienda,
923 3803 961 3865 ut
982 3821 1110 3865 omnem
1127 3799 1399 3865 concomitantiam
1416 3821 1547 3884 respec-

296 3907 367 3967 tum
400 3903 743 3987 eudaemonologicum
774 3927 794 3972 a
824 3906 1006 3972 subiectiva
1036 3907 1166 3990 agentis
1195 3907 1377 3972 intentione
1406 3908 1547 3990 positive

298 4012 466 4091 excludat,
498 4034 604 4097 nequa
635 4015 733 4080 aliam
765 4015 925 4081 actionem
950 4016 1121 4082 moraliter
1143 4017 1262 4081 bonam
1287 4036 1359 4081 esse
1383 4014 1547 4092 admittat,

298 4119 362 4184 nisi
394 4140 479 4201 quae
509 4125 601 4186 nnice
632 4142 673 4186 ex
703 4122 827 4187 motivo
851 4123 1024 4188 rationalis
1047 4122 1217 4189 decentiae
1241 4121 1413 4206 procedam
1438 4159 1480 4168 -
1505 4142 1546 4187 an

297 4245 378 4291 vero
402 4227 460 4304 ita,
485 4229 522 4291 ut
545 4227 630 4292 ratio
654 4227 892 4312 deontologica,
917 4216 1114 4310 quamquain
1137 4249 1196 4312 par
1219 4248 1255 4292 se
1278 4227 1349 4292 sola
1364 4225 1548 4292 formaliter

394 4487 401 4520 ¹
416 4485 458 4538 Cf.
472 4483 636 4554 Grundatlga
649 4485 697 4540 der
709 4485 886 4556 pralrtischsn
899 4485 1074 4558 Philosophia
1088 4487 1100 4540 I
1115 4487 1165 4541 136
1178 4503 1239 4556 sqq.
1253 4515 1288 4524 —
1300 4485 1370 4540 Huic
1383 4486 1470 4556 quoad
1490 4503 1547 4541 rem

300 4573 417 4641 analoga
437 4576 479 4627 est
504 4573 640 4628 sententia
663 4575 892 4644 Trendalenbmp,
916 4575 962 4644 qui
988 4579 1094 4640 tamen,
1121 4593 1181 4629 cum
1200 4575 1356 4629 tandantiae
1374 4575 1408 4628 ad
1430 4574 1548 4644 ,perfec-

300 4661 401 4716 tionem
421 4661 582 4715 humanam¹⁴
604 4663 695 4732 potius
721 4661 809 4728 iugem
833 4665 1032 4717 reniteationem
1053 4667 1127 4717 ideae
1144 4665 1261 4717 bmninia
1281 4663 1441 4731 (secundum
1460 4666 1547 4732 proto·

300 4755 384 4820 typon
405 4750 561 4817 creatoris),
586 4749 703 4805 hominis
728 4749 834 4804 scilicet
852 4753 909 4804 tum
937 4769 992 4821 qua
1016 4753 1150 4806 individui
1175 4757 1232 4806 tum
1259 4769 1313 4820 qua
1331 4751 1445 4805 membri
1463 4753 1547 4805 totius

301 4839 449 4906 organismi
480 4839 603 4903 socialis,
634 4837 799 4903 substituat,
831 4841 919 4908 magis
947 4841 982 4894 ad
1008 4841 1141 4912 principia
1170 4839 1335 4894 moralitatis
1358 4841 1547 4908 deonlolopico·

301 4928 460 4994 rationalia,
479 4929 505 4980 in
525 4928 616 4998 specie
635 4927 809 4998 platonicum,
829 4929 942 4983 accedit.
981 4928 1023 4983 cf.
1041 4929 1208 4984 Natumecht
1226 4929 1242 4996 ξ
1262 4930 1296 4983 35
1309 4945 1350 4998 aq.

392 5015 479 5070 ’lust
491 5017 520 5069 of
528 5016 615 5070 Moral
625 5016 727 5070 Philos.
740 5016 834 5084 (1769)
849 5017 878 5071 P.
890 5017 936 5083 IV,
952 5035 974 5070 c.
987 5018 1011 5081 3,
1022 5018 1064 5071 cd,
1074 5035 1159 5086 germ.
1171 5017 1286 5085 (Gerra)
1300 5018 1377 5074 1772.
1387 5035 1412 5087 p.
1425 5016 1475 5070 136
1485 5034 1545 5086 sqq.
