3909 5842
589 658 623 712 ll.
643 656 683 711 De
701 660 763 711 ortu
782 662 811 711 et
827 675 975 728 progressu
994 659 1125 714 scientiae
1144 660 1210 713 iuris
1228 658 1369 713 naturalis.
1531 677 1603 715 xxxi

350 842 426 904 tum
457 842 520 917 est,
549 838 641 903 illam
674 858 740 902 non
772 858 867 903 secus
897 858 937 903 ac
966 858 1096 902 omnem
1125 836 1363 921 philosophiam
1394 841 1499 904 ortam
1531 858 1603 904 esse

352 967 431 1011 cum
454 944 526 1028 ipso
548 943 678 1009 homine
708 942 872 1009 rationali.
918 943 1022 1008 Immo
1052 942 1152 1009 etiam
1175 942 1209 1008 in
1237 943 1375 1009 decursu
1398 944 1602 1010 saeculorum

351 1049 597 1135 philosophiam
619 1050 800 1133 practicam
822 1048 1075 1133 inseparabilem
1092 1050 1317 1134 philosophiae
1331 1050 1534 1118 theoreticae
1550 1052 1602 1116 vel

352 1158 511 1223 comitem
533 1157 587 1222 vel
605 1156 834 1240 pedissequam
850 1155 952 1220 fuisse
968 1160 1069 1237 atque
1085 1155 1229 1221 eiusdem
1245 1154 1316 1221 lere
1331 1154 1485 1223 fortunae
1499 1156 1604 1241 parti·

352 1264 462 1347 cipem
486 1263 644 1329 videmus.
691 1262 895 1345 Quamquam
917 1262 1003 1327 hanc
1026 1282 1231 1327 communem
1253 1262 1357 1329 totius
1380 1262 1604 1347 philosophiae

352 1370 524 1436 fortunam
548 1390 588 1435 ea
609 1389 698 1453 pars,
723 1366 871 1450 quaeda
894 1367 1039 1433 moribus
1063 1367 1143 1449 agit,
1168 1388 1231 1433 non
1257 1368 1297 1433 oh
1321 1388 1418 1433 unam
1442 1370 1604 1435 rationem

353 1476 459 1541 etiam
483 1475 605 1541 clarius
626 1474 660 1539 in
683 1496 721 1539 se
743 1494 934 1558 expressam
959 1473 1103 1539 exhibet.
1150 1473 1344 1553 Enimvero,
1370 1496 1443 1540 eum
1466 1474 1548 1541 haee
1571 1476 1605 1540 in

355 1582 546 1648 omnimoda
569 1580 658 1649 vitae
681 1580 845 1645 humanae
867 1584 937 1646 tum
961 1579 1114 1663 privatae
1137 1584 1207 1645 tum
1226 1580 1377 1665 publicae
1400 1579 1606 1647 institutione

354 1692 519 1766 versetur,
542 1687 577 1752 in
600 1708 641 1753 ea
662 1686 868 1771 potissimum
892 1708 1005 1751 omnes
1029 1687 1076 1752 illi
1099 1686 1243 1752 influxus
1266 1692 1449 1771 appareant
1471 1707 1605 1752 necesse

355 1800 421 1873 est,
446 1795 502 1877 qui
517 1816 537 1860 a
552 1794 697 1861 motibus
712 1798 747 1860 et
762 1794 935 1861 affectibus
949 1794 1134 1861 veluntatis
1150 1798 1342 1861 emanantes
1357 1794 1606 1877 intellegentiae

356 1902 583 1987 operationem
607 1906 820 1968 antevertere
843 1922 981 1983 eamque
1004 1923 1069 1967 non
1092 1924 1169 1968 raro
1193 1904 1309 1967 contra
1324 1900 1477 1967 veritatis
1500 1900 1605 1966 lucem

356 2009 393 2073 in
421 2009 642 2093 praedilectus
671 2030 800 2074 errores
830 2007 999 2074 inflectere
1029 2007 1146 2074 solent.
1197 2007 1335 2091 Insuper
1366 2006 1525 2072 eiusmodi
1554 2012 1606 2073 est

357 2115 585 2201 philosophiae
608 2115 742 2181 moralis
765 2119 1006 2198 argumentum,
1031 2118 1068 2181 ut
1084 2136 1122 2180 eo
1138 2114 1248 2179 verior
1270 2134 1309 2179 ae
1324 2115 1448 2179 rectior
1463 2114 1533 2179 eius
1555 2114 1605 2177 in·

359 2223 490 2289 stitutio
512 2221 627 2289 futura
649 2222 707 2301 sit,
739 2242 803 2304 quo
834 2221 954 2287 clarius
976 2224 1152 2305 perspecta
1180 2218 1281 2285 fuerit
1302 2242 1378 2285 uero
1402 2222 1539 2286 hominis
1563 2220 1607 2283 ad

361 2330 465 2395 Deum
488 2338 660 2395 createrem
684 2338 712 2394 et
732 2331 828 2413 finem
851 2331 998 2394 ultimum
1021 2332 1142 2395 relatio.
1189 2327 1285 2393 Unde
1315 2347 1357 2391 ex
1379 2326 1488 2391 indole
1511 2345 1605 2409 prac-

359 2436 448 2502 ticae
469 2435 674 2519 potissimum
704 2434 929 2519 philosophiae
958 2436 1091 2518 patefit,
1123 2454 1221 2516 quam
1250 2436 1340 2498 recte
1364 2431 1482 2515 aliquis
1506 2430 1605 2497 etiam

358 2540 542 2607 theoretice
564 2541 605 2607 de
628 2541 698 2607 Deo
717 2530 756 2607 et
778 2541 819 2605 de
841 2540 971 2606 homine
995 2540 1127 2605 sentiat.

451 2666 577 2748 Itaque,
603 2686 676 2731 cum
699 2664 794 2730 huius
818 2664 976 2730 scientiae
1007 2662 1244 2745 quodammodo
1268 2661 1433 2727 criterium
1457 2660 1607 2727 inrecta

358 2772 421 2838 Dei
445 2771 649 2853 hominisque
672 2771 859 2855 cognitione
882 2776 982 2852 atque
999 2768 1228 2835 aestimatione
1244 2768 1343 2834 situm
1359 2768 1413 2844 sit,
1438 2788 1503 2850 qua
1518 2767 1608 2832 nulla

359 2882 474 2945 exstat
502 2878 625 2945 rectior
656 2882 715 2944 aut
743 2876 922 2962 perfectior
945 2898 1002 2955 ea,
1034 2896 1131 2958 quam
1162 2895 1222 2959 per
1245 2874 1409 2940 Christum
1433 2872 1606 2939 Dominum

359 2986 539 3061 didicimus,
564 2986 661 3052 obvia
680 2985 756 3051 hinc
771 2985 857 3052 ratio
877 2984 1119 3051 subministrari
1134 2984 1275 3063 videtur,
1301 2983 1487 3049 universum
1504 2982 1607 3048 histo-

360 3092 463 3158 ricum
489 3092 683 3159 curriculum
708 3093 787 3158 iuris
817 3092 978 3157 naturalis
1008 3091 1185 3157 secundum
1210 3091 1326 3176 duplex
1349 3093 1444 3177 quasi
1466 3092 1609 3155 stadium

361 3198 594 3281 distinguendi,
618 3199 759 3265 alterum
783 3197 869 3280 quod
893 3207 975 3277 ante,
1001 3197 1139 3263 alterum
1165 3196 1250 3278 quod
1270 3204 1342 3283 post
1365 3196 1484 3262 Christi
1507 3216 1608 3261 evan·

360 3305 484 3388 gelium
515 3305 759 3389 promulgatum
791 3304 985 3370 decurritur.
1032 3305 1085 3370 Ec
1118 3307 1172 3369 illo
1205 3303 1377 3381 discimus,
1411 3302 1488 3384 quid
1522 3300 1608 3366 ratio

360 3410 506 3478 bumana
535 3411 713 3488 naturalis,
747 3412 897 3477 uberiore
929 3410 1173 3495 supernaturali
1205 3409 1326 3474 lumine
1356 3408 1532 3486 destituta,
1566 3406 1608 3473 ad

360 3524 453 3583 recte
483 3517 718 3583 instituendam
747 3517 888 3583 hominis
911 3516 1015 3584 vitam
1043 3537 1103 3601 per
1130 3538 1166 3581 se
1191 3516 1319 3593 valeat3
1352 3538 1389 3580 ec
1418 3516 1474 3580 hoc
1498 3515 1608 3578 autem

362 3624 508 3689 eiusdem
542 3624 705 3690 humanae
736 3624 875 3690 rationis
908 3623 1029 3708 partim
1064 3623 1193 3706 quidem
1228 3622 1312 3687 mira
1342 3620 1526 3687 fecunditas
1556 3624 1608 3686 at·

362 3752 427 3813 que
457 3732 490 3794 in
524 3730 715 3812 colligendis
753 3730 852 3796 laetis
886 3730 1045 3795 scientiae
1076 3730 1238 3795 fructibus
1268 3728 1429 3794 securitas
1462 3727 1609 3793 illustra·

360 3842 434 3915 tur,
465 3836 618 3918 quamdiu
648 3836 774 3903 scilicet
802 3836 860 3902 illa
890 3837 1023 3902 ductum
1054 3858 1182 3919 quoque
1208 3835 1340 3919 superni
1370 3834 1501 3901 luminis
1527 3854 1608 3917 puro

361 3942 516 4008 veritatis
545 3942 654 4008 studio
684 3942 898 4020 admittebat,
931 3942 1051 4026 partim
1085 3963 1166 4007 vero
1197 3940 1381 4007 miserrima
1412 3940 1523 4005 clades
1556 3944 1608 4005 at·

363 4068 428 4130 que
457 4048 606 4132 relapsus
636 4048 669 4113 in
698 4048 868 4132 pudendas
891 4070 1038 4114 errorum
1067 4048 1238 4125 tenebras,
1270 4045 1324 4112 ubi
1353 4045 1498 4112 oblatum
1528 4044 1607 4109 illud

363 4155 522 4221 auxilium
561 4156 703 4239 superba
741 4155 902 4239 repellere
939 4155 995 4220 vel
1034 4154 1133 4221 etiam
1173 4152 1285 4219 hostili
1325 4158 1445 4219 conatu
1483 4151 1608 4236 impug-

362 4282 444 4328 nare
468 4260 585 4345 coepit.

658 4416 866 4510 Philosophia
886 4416 1020 4489 noraha
1043 4416 1120 4489 ante
1143 4414 1316 4489 Christum.

364 4566 375 4587 ·“
409 4582 413 4586 ’
454 4558 508 4623 Ex
536 4558 719 4625 intentione
750 4558 851 4623 diuini
882 4558 1060 4624 conditoris
1090 4578 1266 4639 numquam
1296 4576 1401 4638 genus
1432 4554 1608 4619 humanum

362 4665 562 4731 destinatum
578 4665 652 4744 fuit,
668 4671 706 4732 ut
722 4666 809 4731 omni
825 4666 1068 4749 supernaturali
1084 4663 1203 4731 lumine
1216 4662 1409 4728 destitutum
1426 4661 1496 4726 solo
1509 4660 1609 4727 ductu

363 4770 502 4837 rationis
533 4771 673 4837 viveret.
720 4770 751 4835 A
780 4772 848 4835 suis
881 4770 966 4835 enim
1003 4770 1146 4835 exordiis
1176 4768 1286 4850 aliquo
1319 4766 1449 4833 divinae
1481 4766 1609 4832 revela·
1695 4818 1697 4823 .

362 4878 464 4945 tionis
486 4878 643 4944 thesauro
667 4879 805 4944 ditatum
830 4881 930 4959 atque
952 4877 1112 4943 munitum
1130 4876 1248 4955 fuerat,
1273 4874 1328 4957 qui
1344 4872 1483 4939 sollicite
1499 4878 1609 4939 custo·

362 4986 425 5051 diri
449 4990 484 5051 et
506 5006 566 5069 per
587 4986 719 5051 modum
748 4985 915 5069 pretiosae
944 4983 1138 5051 hereditatis
1168 4982 1310 5067 posteris
1339 4980 1608 5065 generationibus
