3909 5842
585 755 588 760 1
644 676 685 731 De
703 677 816 732 moralis
833 677 946 732 virtutis
963 681 992 732 et
1011 677 1071 731 vitii
1089 681 1194 732 natura.
1478 682 1541 746 297

298 858 471 920 contracta
493 853 561 920 labi
583 854 678 921 solet.
724 853 799 920 Non
823 874 900 920 raro
923 857 1036 920 tamen
1054 853 1153 919 etiam
1170 857 1308 938 peccata
1324 874 1423 919 seusu
1438 854 1545 920 minus

298 960 430 1044 proprio
455 960 538 1028 vitia
559 967 799 1045 nuncupantur.

299 1090 368 1161 332.
458 1093 574 1160 Virtus
597 1094 663 1160 6116
679 1094 798 1159 dicitur
812 1094 936 1178 infusa,
960 1092 1026 1160 alia
1043 1096 1210 1179 acquisita.
1241 1093 1359 1176 1611166
1375 1097 1436 1171 661,
1462 1113 1544 1175 quae

298 1218 343 1263 ex
357 1201 600 1284 supernaturali
615 1200 726 1267 divina
742 1201 934 1284 operatione
949 1199 1097 1276 habetur,
1123 1203 1160 1265 ut
1175 1199 1435 1283 supernaturalis
1453 1201 1544 1277 fides,

298 1325 385 1387 spos,
409 1307 542 1386 6611166,
574 1306 752 1390 dequibus
775 1305 921 1388 theologi
944 1309 1064 1389 agunt,
1099 1307 1256 1391 acquisita
1279 1325 1369 1382 vero,
1395 1324 1478 1387 quae
1502 1326 1544 1371 ex

299 1410 506 1478 institutione
527 1433 588 1497 per
611 1433 705 1478 usum
729 1416 829 1495 atque
852 1411 1124 1478 exercitationem
1149 1411 1302 1488 efficitur,
1331 1411 1544 1495 producitque

300 1517 495 1584 facilitatem
519 1523 554 1585 61
576 1519 865 1604 promptitudinem
889 1519 932 1584 ad
947 1523 1043 1585 actus
1058 1518 1120 1583 sibi
1136 1521 1375 1584 consentaneos
1391 1517 1544 1601 frequen·

298 1625 428 1691 tandos.
475 1625 525 1691 De
556 1625 618 1692 hac
649 1630 780 1692 tantum
811 1625 946 1704 1111616,
979 1627 1095 1708 utpote
1127 1645 1211 1707 quae
1241 1625 1312 1690 sola
1342 1643 1544 1690 communem

297 1731 497 1796 naturalium
528 1731 698 1798 habituum
728 1731 891 1797 rationem
920 1731 1030 1811 habet,
1061 1730 1122 1796 hoc
1149 1731 1221 1796 loco
1244 1729 1419 1814 praecipue
1442 1751 1544 1813 agen·

297 1836 375 1901 dum
399 1840 461 1903 est.

296 1965 366 2037 333.
457 1969 559 2034 Porro
587 1969 621 2034 in
650 1969 767 2036 morali
791 1968 915 2036 1111616
938 1969 1033 2034 huius
1060 1969 1190 2052 generis
1214 1969 1377 2054 complete
1400 1973 1541 2053 sumpta,

299 2094 357 2157 pro
372 2074 519 2159 imperio,
537 2075 622 2156 quod
637 2074 809 2142 rationalis
824 2076 979 2141 voluntas
997 2075 1030 2140 in
1046 2075 1190 2158 reliquas
1205 2075 1383 2142 facultates
1399 2079 1542 2154 exercet,

298 2179 420 2264 duplex
442 2181 547 2247 161611
569 2204 649 2266 pars
672 2182 830 2265 distingui
853 2188 974 2266 potest,
999 2183 1116 2262 altera,
1141 2204 1225 2266 quae
1249 2181 1342 2266 quasi
1365 2181 1542 2264 regiminis,

299 2286 416 2366 altera,
447 2309 531 2373 quae
560 2289 688 2356 servitii
717 2290 823 2355 instar
853 2289 1003 2358 habetur.
1050 2290 1111 2355 Illa
1134 2293 1168 2356 in
1192 2291 1305 2356 mentia
1328 2289 1492 2373 affectione
1516 2296 1543 2352 et

298 2392 456 2460 habituali
479 2397 686 2481 dispositione
709 2395 870 2474 consistit,
895 2418 960 2480 qua
981 2417 1022 2462 ea
1036 2397 1156 2478 ubique
1171 2397 1284 2464 habito
1300 2400 1452 2481 respectu
1468 2415 1542 2479 per-

298 2519 462 2579 sonarum,
487 2505 673 2584 tempomm
697 2505 797 2583 atque
813 2503 959 2567 locorum
975 2501 1017 2566 ad
1033 2501 1204 2566 honestam
1221 2501 1340 2584 agendi
1355 2521 1541 2566 mensuram

298 2604 491 2684 inclinatum
507 2609 590 2673 haec
602 2612 719 2673 contra
730 2612 782 2674 est
793 2608 956 2690 acquisita
970 2608 1148 2673 secundum
1163 2608 1370 2674 honestatem
1386 2607 1543 2694 operandi

295 2711 450 2797 facilitas,
482 2734 567 2795 quae
590 2713 623 2778 in
644 2714 855 2798 facoltatibus
876 2717 1046 2781 6616616116
1069 2717 1201 2800 imperia
1224 2713 1370 2779 subiectis
1392 2711 1542 2796 proxime

297 2817 476 2901 reperitur,
516 2841 600 2902 quae
635 2841 700 2884 non
734 2825 863 2886 tantum
898 2820 939 2886 ab
974 2819 1231 2887 accommodatis
1264 2819 1542 2886 intellectualibus

297 2924 478 3007 speciebus,
503 2927 559 2992 sed
579 2948 701 3009 magna
716 2932 812 3011 parte
828 2928 928 2993 611661
944 2949 965 2993 6
981 2927 1154 3011 multiplici
1169 2927 1348 3012 corporalis
1364 2923 1542 3008 organismi

297 3030 557 3098 conformatione
580 3031 752 3116 dependet.
790 3033 907 3116 Itaque
929 3033 963 3098 16
987 3033 1059 3116 ipsa
1082 3053 1210 3116 quoque
1232 3033 1356 3098 1111616
1380 3029 1541 3113 quaedam

298 3135 434 3202 humani
464 3137 636 3222 compositi
665 3139 829 3221 analogia,
860 3139 990 3204 animae
1020 3139 1145 3205 66111661
1174 3143 1208 3205 61
1239 3137 1383 3222 corporis
1406 3136 1540 3200 relucet.

297 3243 342 3308 Et
370 3264 450 3310 1616
480 3243 566 3309 61661
596 3264 715 3328 corpus
738 3245 779 3309 ab
803 3245 913 3311 anima
934 3245 1105 3310 informari
1130 3245 1236 3322 debet,
1268 3249 1305 3309 ut
1335 3263 1452 3326 corpus
1481 3241 1541 3305 hu·

297 3370 430 3414 manum
453 3371 527 3416 esse
550 3351 665 3434 possit,
693 3351 743 3417 ita
764 3351 901 3418 inferior
922 3352 980 3418 illa
1003 3351 1136 3418 virtutis
1158 3371 1236 3436 11616
1259 3371 1280 3415 6
1303 3347 1469 3432 superiore
1491 3346 1541 3410 in·

296 3457 458 3522 1611116161
480 3477 614 3522 necesse
638 3461 699 3535 est,
723 3477 764 3522 ne
780 3477 801 3522 a
816 3458 950 3525 virtutis
964 3458 1094 3524 ratione
1110 3457 1256 3526 deficiat:
1281 3460 1315 3522 et
1330 3455 1416 3520 sicut
1431 3452 1542 3518 anima

297 3563 369 3629 sine
392 3583 539 3647 corpore,
562 3563 612 3630 ita
634 3568 669 3630 et
691 3563 799 3630 virtus
821 3563 855 3629 in
878 3565 945 3630 suis
969 3565 1198 3631 essentialibus
1221 3563 1291 3629 sine
1314 3560 1467 3627 inferiore
1484 3557 1542 3623 1116

296 3669 460 3735 elemento
475 3690 534 3753 per
549 3690 585 3734 66
608 3671 769 3736 exsistere
792 3669 922 3752 quidem
945 3670 1078 3752 (saltem
1101 3671 1144 3736 ad
1167 3669 1310 3754 tempus)
1334 3671 1455 3754 potest,
1483 3663 1542 3729 sed

297 3775 476 3842 secundum
499 3775 664 3859 integram
686 3777 849 3843 rationem
873 3776 1006 3843 virtutis
1028 3776 1192 3844 humanae
1214 3775 1422 3859 incompleta.
1464 3771 1541 3837 Ideo

296 3902 404 3963 neque
437 3881 493 3946 ille
525 3881 650 3948 virtute
681 3883 922 3966 temperantiae
954 3883 1148 3962 destitutus,
1183 3884 1238 3966 qui
1269 3885 1474 3970 constantem
1507 3881 1542 3943 et

298 3987 466 4054 efficacem
490 3987 621 4070 quidem
644 3989 826 4055 voluntatis
848 3989 1091 4057 inclinationem
1117 3989 1262 4054 inillam
1286 3988 1395 4064 habet,
1427 3983 1541 4050 sedin

298 4094 482 4160 exercendo
506 4099 645 4161 externo
668 4096 909 4179 temperantiae
932 4097 1039 4162 6111616
1062 4095 1221 4162 minorem
1244 4093 1414 4178 experitur
1436 4089 1541 4157 166111-

297 4203 413 4278 161616,
445 4219 552 4282 neque
580 4200 636 4266 ille
658 4200 722 4266 hac
744 4201 868 4267 virtute
890 4203 1060 4286 praeditus
1083 4202 1208 4268 censeri
1232 4201 1339 4278 debet,
1369 4199 1424 4282 qui
1454 4197 1541 4263 16116

298 4327 342 4371 ex
371 4306 513 4372 avaritia
538 4307 593 4372 161
616 4307 681 4373 6116
704 4307 829 4374 1661116
853 4329 874 4374 6
896 4309 1013 4375 morali
1034 4309 1160 4376 1111616
1182 4307 1288 4373 611666
1313 4325 1466 4388 magnam
1489 4303 1505 4368 f
1526 4335 1541 4349 ·

298 4411 458 4478 cilitatem
481 4417 638 4480 externos
660 4414 902 4499 temperantiae
925 4420 1020 4482 actus
1043 4415 1217 4480 exercendi
1240 4411 1425 4496 acquisivit.

298 4541 369 4612 334.
457 4543 496 4608 16
519 4545 633 4610 eadem
654 4567 689 4612 16
705 4545 911 4612 notissimum
926 4547 1007 4612 illud
1023 4547 1155 4613 axioma
1169 4547 1336 4625 fundatur,
1361 4566 1424 4628 quo
1440 4547 1542 4609 cirtae

299 4651 333 4714 ia
356 4650 461 4715 medio
483 4652 546 4715 sita
575 4673 641 4717 asae
670 4652 800 4733 dicitur,
832 4653 851 4720 i.
877 4673 905 4720 6.
929 4653 962 4718 16
987 4652 1228 4736 adaequatione
1252 4673 1325 4716 cum
1349 4651 1465 4734 regula
1486 4669 1541 4714 ra-

296 4755 398 4823 tionis
409 4759 431 4823 ¹.
477 4756 542 4821 Per
577 4758 754 4836 ,1116111616α
791 4759 911 4843 quippe
940 4760 1144 4843 intellegitur
1175 4780 1325 4824 mensura
1358 4765 1386 4823 61
1417 4759 1539 4838 modas,

390 4923 399 4954 ¹
418 4920 458 4975 cf.
479 4925 508 4976 S.
530 4925 622 4977 111616.
642 4924 673 4988 l,
692 4925 723 4988 2,
749 4941 775 4992 q.
794 4926 843 4990 61,
863 4943 887 4978 a.
909 4927 939 4980 1:
967 4924 1079 4992 ,Virtus
1098 4925 1131 4978 de
1149 4925 1192 4979 sui
1210 4923 1315 4979 ratione
1333 4923 1440 4977 ordinat
1457 4922 1541 4976 homi·

297 5026 360 5063 nem
379 5009 413 5063 ad
432 5011 540 5064 bonum.
564 5010 677 5065 Moralis
696 5015 788 5065 autem
805 5011 895 5066 virtus
913 5012 1020 5084 proprio
1040 5017 1083 5066 est
1101 5013 1251 5083 perfectiva
1270 5013 1438 5083 appetitivae
1454 5013 1542 5081 partis
