<?xml version="1.0" encoding="UTF-8"?>
<!DOCTYPE html PUBLIC "-//W3C//DTD XHTML 1.0 Transitional//EN"
    "http://www.w3.org/TR/xhtml1/DTD/xhtml1-transitional.dtd">
<html xmlns="http://www.w3.org/1999/xhtml" xml:lang="en" lang="en">
 <head>
  <title>
</title>
<meta http-equiv="Content-Type" content="text/html;charset=utf-8" />
  <meta name='ocr-system' content='tesseract 3.04.00' />
  <meta name='ocr-capabilities' content='ocr_page ocr_carea ocr_par ocr_line ocrx_word'/>
</head>
<body>
  <div class='ocr_page' id='page_1' title='image "./institutionesiu00meyegoog_0128.png"; bbox 0 0 3909 5842; ppageno 0'>
   <div class='ocr_carea' id='block_1_1' title="bbox 449 656 1473 729">
    <p class='ocr_par' dir='ltr' id='par_1_1' title="bbox 449 656 1473 729">
     <span class='ocr_line' id='line_1_1' title="bbox 449 656 1473 729; baseline -0.003 -15"><span class='ocrx_word' id='word_1_1' title='bbox 449 662 489 725; x_wconf 82' lang='lat'>76</span> <span class='ocrx_word' id='word_1_2' title='bbox 672 657 762 713; x_wconf 81' lang='lat' dir='ltr'>Sentio</span> <span class='ocrx_word' id='word_1_3' title='bbox 780 658 801 711; x_wconf 92' lang='grc' dir='ltr'>Ι.</span> <span class='ocrx_word' id='word_1_4' title='bbox 839 658 920 712; x_wconf 86' lang='lat' dir='ltr'>Liber</span> <span class='ocrx_word' id='word_1_5' title='bbox 938 658 959 713; x_wconf 91' lang='lat' dir='ltr'>I.</span> <span class='ocrx_word' id='word_1_6' title='bbox 998 656 1087 729; x_wconf 81' lang='lat' dir='ltr'>Caput</span> <span class='ocrx_word' id='word_1_7' title='bbox 1105 658 1152 713; x_wconf 89' lang='lat'><em>111.</em></span> <span class='ocrx_word' id='word_1_8' title='bbox 1190 657 1330 713; x_wconf 84' lang='lat' dir='ltr'>Articulus</span> <span class='ocrx_word' id='word_1_9' title='bbox 1349 658 1374 711; x_wconf 84' lang='lat'>2.</span> <span class='ocrx_word' id='word_1_10' title='bbox 1412 658 1473 725; x_wconf 63' lang='lat'>52.</span> 
     </span>
    </p>
   </div>
   <div class='ocr_carea' id='block_1_2' title="bbox 446 834 1693 4105">
    <p class='ocr_par' dir='ltr' id='par_1_2' title="bbox 447 834 1683 1347">
     <span class='ocr_line' id='line_1_2' title="bbox 447 834 1680 920; baseline -0.001 -20"><span class='ocrx_word' id='word_1_11' title='bbox 447 835 768 919; x_wconf 88' lang='lat' dir='ltr'>praedeterminante</span> <span class='ocrx_word' id='word_1_12' title='bbox 798 835 840 901; x_wconf 84' lang='lat' dir='ltr'>ad</span> <span class='ocrx_word' id='word_1_13' title='bbox 871 838 1003 903; x_wconf 83' lang='lat' dir='ltr'>unum1.</span> <span class='ocrx_word' id='word_1_14' title='bbox 1052 834 1104 901; x_wconf 88' lang='lat' dir='ltr'>Ita</span> <span class='ocrx_word' id='word_1_15' title='bbox 1132 834 1267 920; x_wconf 81' lang='lat' dir='ltr'>proinde</span> <span class='ocrx_word' id='word_1_16' title='bbox 1290 835 1372 900; x_wconf 91' lang='lat' dir='ltr'>haec</span> <span class='ocrx_word' id='word_1_17' title='bbox 1394 834 1613 901; x_wconf 83' lang='lat' dir='ltr'>indifferentia</span> <span class='ocrx_word' id='word_1_18' title='bbox 1633 836 1680 900; x_wconf 86' lang='lat' dir='ltr'>uii-</span> 
     </span>
     <span class='ocr_line' id='line_1_3' title="bbox 447 940 1682 1025; baseline 0.001 -19"><span class='ocrx_word' id='word_1_19' title='bbox 447 942 500 1006; x_wconf 90' lang='lat' dir='ltr'>cni</span> <span class='ocrx_word' id='word_1_20' title='bbox 532 940 700 1025; x_wconf 88' lang='lat' dir='ltr'>potentiae</span> <span class='ocrx_word' id='word_1_21' title='bbox 733 942 902 1020; x_wconf 87' lang='lat' dir='ltr'>convenit,</span> <span class='ocrx_word' id='word_1_22' title='bbox 936 945 974 1007; x_wconf 94' lang='lat' dir='ltr'>ut</span> <span class='ocrx_word' id='word_1_23' title='bbox 1007 962 1072 1006; x_wconf 92' lang='lat' dir='ltr'>non</span> <span class='ocrx_word' id='word_1_24' title='bbox 1107 942 1211 1006; x_wconf 90' lang='lat' dir='ltr'>solum</span> <span class='ocrx_word' id='word_1_25' title='bbox 1247 941 1290 1007; x_wconf 90' lang='lat' dir='ltr'>ad</span> <span class='ocrx_word' id='word_1_26' title='bbox 1325 942 1394 1007; x_wconf 90' lang='lat' dir='ltr'>eius</span> <span class='ocrx_word' id='word_1_27' title='bbox 1429 944 1556 1008; x_wconf 83' lang='lat' dir='ltr'>statum</span> <span class='ocrx_word' id='word_1_28' title='bbox 1589 962 1682 1007; x_wconf 87' lang='lat' dir='ltr'>merae</span> 
     </span>
     <span class='ocr_line' id='line_1_4' title="bbox 447 1048 1682 1133; baseline -0.001 -20"><span class='ocrx_word' id='word_1_29' title='bbox 447 1048 616 1131; x_wconf 88' lang='lat' dir='ltr'>potentiae</span> <span class='ocrx_word' id='word_1_30' title='bbox 646 1054 704 1116; x_wconf 88' lang='lat' dir='ltr'>aut</span> <span class='ocrx_word' id='word_1_31' title='bbox 734 1048 958 1133; x_wconf 79' lang='lat' dir='ltr'>suspensionis</span> <span class='ocrx_word' id='word_1_32' title='bbox 989 1049 1274 1128; x_wconf 76' lang='lat' dir='ltr'>indeterminatae,</span> <span class='ocrx_word' id='word_1_33' title='bbox 1306 1050 1365 1115; x_wconf 91' lang='lat' dir='ltr'>sed</span> <span class='ocrx_word' id='word_1_34' title='bbox 1394 1050 1530 1133; x_wconf 82' lang='lat' dir='ltr'>insuper</span> <span class='ocrx_word' id='word_1_35' title='bbox 1560 1048 1682 1132; x_wconf 77' lang='lat' dir='ltr'>positive</span> 
     </span>
     <span class='ocr_line' id='line_1_5' title="bbox 448 1153 1683 1240; baseline -0.003 -19"><span class='ocrx_word' id='word_1_36' title='bbox 448 1154 490 1221; x_wconf 89' lang='lat' dir='ltr'>ad</span> <span class='ocrx_word' id='word_1_37' title='bbox 514 1159 638 1221; x_wconf 87' lang='lat' dir='ltr'>statum</span> <span class='ocrx_word' id='word_1_38' title='bbox 661 1154 803 1220; x_wconf 87' lang='lat' dir='ltr'>actualis</span> <span class='ocrx_word' id='word_1_39' title='bbox 826 1154 1110 1222; x_wconf 75' lang='lat' dir='ltr'>determinationis</span> <span class='ocrx_word' id='word_1_40' title='bbox 1127 1154 1308 1238; x_wconf 87' lang='lat' dir='ltr'>pertineat;</span> <span class='ocrx_word' id='word_1_41' title='bbox 1333 1175 1435 1237; x_wconf 87' lang='lat' dir='ltr'>quare</span> <span class='ocrx_word' id='word_1_42' title='bbox 1454 1153 1626 1240; x_wconf 76' lang='lat' dir='ltr'>„positieo“</span> <span class='ocrx_word' id='word_1_43' title='bbox 1642 1154 1683 1217; x_wconf 83' lang='lat' dir='ltr'>rel</span> 
     </span>
     <span class='ocr_line' id='line_1_6' title="bbox 452 1259 791 1347; baseline -0.003 -21"><span class='ocrx_word' id='word_1_44' title='bbox 452 1259 638 1347; x_wconf 77' lang='lat' dir='ltr'>„proxime“</span> <span class='ocrx_word' id='word_1_45' title='bbox 664 1259 791 1326; x_wconf 86' lang='lat' dir='ltr'>dicitur.</span> 
     </span>
    </p>

    <p class='ocr_par' dir='ltr' id='par_1_3' title="bbox 538 1365 1408 1449">
     <span class='ocr_line' id='line_1_7' title="bbox 538 1365 1408 1449; baseline 0.002 -18"><span class='ocrx_word' id='word_1_46' title='bbox 538 1366 661 1442; x_wconf 83' lang='lat' dir='ltr'>Quibus</span> <span class='ocrx_word' id='word_1_47' title='bbox 684 1366 899 1449; x_wconf 75' lang='lat' dir='ltr'>praemonitis</span> <span class='ocrx_word' id='word_1_48' title='bbox 922 1365 1004 1432; x_wconf 88' lang='lat' dir='ltr'>haec</span> <span class='ocrx_word' id='word_1_49' title='bbox 1028 1366 1145 1432; x_wconf 90' lang='lat' dir='ltr'>merito</span> <span class='ocrx_word' id='word_1_50' title='bbox 1170 1365 1408 1433; x_wconf 83' lang='lat' dir='ltr'>concludimus:</span> 
     </span>
    </p>

    <p class='ocr_par' dir='ltr' id='par_1_4' title="bbox 446 1486 1685 1785">
     <span class='ocr_line' id='line_1_8' title="bbox 447 1486 1684 1575; baseline -0.006 -18"><span class='ocrx_word' id='word_1_51' title='bbox 447 1486 515 1559; x_wconf 79' lang='lat'>105.</span> <span class='ocrx_word' id='word_1_52' title='bbox 605 1490 632 1555; x_wconf 92' lang='grc' dir='ltr'>Ι.</span> <span class='ocrx_word' id='word_1_53' title='bbox 657 1492 712 1555; x_wconf 84' lang='lat' dir='ltr'>Ad</span> <span class='ocrx_word' id='word_1_54' title='bbox 735 1494 892 1555; x_wconf 86' lang='lat' dir='ltr'>rationem</span> <span class='ocrx_word' id='word_1_55' title='bbox 907 1490 1000 1555; x_wconf 83' lang='lat' dir='ltr'>liberi</span> <span class='ocrx_word' id='word_1_56' title='bbox 1017 1492 1148 1555; x_wconf 82' lang='lat' dir='ltr'>arbitrii</span> <span class='ocrx_word' id='word_1_57' title='bbox 1169 1512 1233 1555; x_wconf 85' lang='lat' dir='ltr'>non</span> <span class='ocrx_word' id='word_1_58' title='bbox 1247 1490 1367 1575; x_wconf 80' lang='lat' dir='ltr'>sufficit</span> <span class='ocrx_word' id='word_1_59' title='bbox 1382 1492 1559 1556; x_wconf 83' lang='lat' dir='ltr'>voluntatis</span> <span class='ocrx_word' id='word_1_60' title='bbox 1574 1488 1684 1569; x_wconf 66' lang='lat' dir='ltr'>indite</span> 
     </span>
     <span class='ocr_line' id='line_1_9' title="bbox 450 1596 1685 1683; baseline -0.001 -25"><span class='ocrx_word' id='word_1_61' title='bbox 450 1598 554 1660; x_wconf 85' lang='lat' dir='ltr'>rentio</span> <span class='ocrx_word' id='word_1_62' title='bbox 592 1598 828 1682; x_wconf 83' lang='lat' dir='ltr'>qualiscumque</span> <span class='ocrx_word' id='word_1_63' title='bbox 865 1599 985 1680; x_wconf 84' lang='lat' dir='ltr'>activa,</span> <span class='ocrx_word' id='word_1_64' title='bbox 1024 1598 1081 1661; x_wconf 83' lang='lat' dir='ltr'>sed</span> <span class='ocrx_word' id='word_1_65' title='bbox 1107 1598 1286 1682; x_wconf 81' lang='lat' dir='ltr'>requiritur</span> <span class='ocrx_word' id='word_1_66' title='bbox 1316 1600 1449 1683; x_wconf 80' lang='lat' dir='ltr'>insuper</span> <span class='ocrx_word' id='word_1_67' title='bbox 1477 1596 1616 1681; x_wconf 76' lang='lat' dir='ltr'>positive</span> <span class='ocrx_word' id='word_1_68' title='bbox 1643 1616 1685 1659; x_wconf 80' lang='lat' dir='ltr'>seu</span> 
     </span>
     <span class='ocr_line' id='line_1_10' title="bbox 446 1704 1065 1785; baseline 0.006 -21"><span class='ocrx_word' id='word_1_69' title='bbox 446 1704 596 1785; x_wconf 78' lang='lat' dir='ltr'>proxime</span> <span class='ocrx_word' id='word_1_70' title='bbox 620 1704 665 1767; x_wconf 86' lang='lat' dir='ltr'>ed</span> <span class='ocrx_word' id='word_1_71' title='bbox 687 1706 739 1768; x_wconf 81' lang='lat' dir='ltr'>sni</span> <span class='ocrx_word' id='word_1_72' title='bbox 762 1705 1065 1769; x_wconf 80' lang='lat' dir='ltr'>determinationem.</span> 
     </span>
    </p>

    <p class='ocr_par' dir='ltr' id='par_1_5' title="bbox 450 1806 1692 3163">
     <span class='ocr_line' id='line_1_11' title="bbox 539 1806 1688 1891; baseline -0.003 -18"><span class='ocrx_word' id='word_1_73' title='bbox 539 1810 685 1873; x_wconf 79' lang='lat' dir='ltr'>Etenim:</span> <span class='ocrx_word' id='word_1_74' title='bbox 707 1808 870 1875; x_wconf 87' lang='lat' dir='ltr'>Voluntas</span> <span class='ocrx_word' id='word_1_75' title='bbox 894 1813 1031 1875; x_wconf 90' lang='lat' dir='ltr'>eatenus</span> <span class='ocrx_word' id='word_1_76' title='bbox 1054 1828 1134 1875; x_wconf 89' lang='lat' dir='ltr'>vere</span> <span class='ocrx_word' id='word_1_77' title='bbox 1156 1808 1260 1874; x_wconf 91' lang='lat' dir='ltr'>libera</span> <span class='ocrx_word' id='word_1_78' title='bbox 1283 1812 1318 1875; x_wconf 89' lang='lat' dir='ltr'>et</span> <span class='ocrx_word' id='word_1_79' title='bbox 1346 1806 1397 1885; x_wconf 86' lang='lat' dir='ltr'>„vi</span> <span class='ocrx_word' id='word_1_80' title='bbox 1420 1808 1582 1874; x_wconf 81' lang='lat' dir='ltr'>electiva‘</span> <span class='ocrx_word' id='word_1_81' title='bbox 1608 1826 1688 1891; x_wconf 83' lang='lat' dir='ltr'>pree</span> 
     </span>
     <span class='ocr_line' id='line_1_12' title="bbox 450 1912 1689 1997; baseline -0.001 -21"><span class='ocrx_word' id='word_1_82' title='bbox 450 1912 520 1978; x_wconf 88' lang='lat' dir='ltr'>dita</span> <span class='ocrx_word' id='word_1_83' title='bbox 552 1916 612 1989; x_wconf 86' lang='lat' dir='ltr'>est,</span> <span class='ocrx_word' id='word_1_84' title='bbox 645 1918 806 1995; x_wconf 87' lang='lat' dir='ltr'>quatenus</span> <span class='ocrx_word' id='word_1_85' title='bbox 836 1935 855 1980; x_wconf 91' lang='lat' dir='ltr'>e</span> <span class='ocrx_word' id='word_1_86' title='bbox 884 1914 1085 1997; x_wconf 86' lang='lat' dir='ltr'>perfectione</span> <span class='ocrx_word' id='word_1_87' title='bbox 1113 1935 1193 1980; x_wconf 88' lang='lat' dir='ltr'>suae</span> <span class='ocrx_word' id='word_1_88' title='bbox 1217 1914 1367 1981; x_wconf 89' lang='lat' dir='ltr'>internae</span> <span class='ocrx_word' id='word_1_89' title='bbox 1391 1914 1525 1980; x_wconf 86' lang='lat' dir='ltr'>virtutis</span> <span class='ocrx_word' id='word_1_90' title='bbox 1551 1916 1605 1979; x_wconf 88' lang='lat' dir='ltr'>est</span> <span class='ocrx_word' id='word_1_91' title='bbox 1625 1931 1689 1977; x_wconf 85' lang='lat' dir='ltr'>vers</span> 
     </span>
     <span class='ocr_line' id='line_1_13' title="bbox 450 2020 1688 2105; baseline 0 -23"><span class='ocrx_word' id='word_1_92' title='bbox 450 2020 582 2085; x_wconf 87' lang='lat' dir='ltr'>domino</span> <span class='ocrx_word' id='word_1_93' title='bbox 605 2041 683 2086; x_wconf 84' lang='lat' dir='ltr'>auce</span> <span class='ocrx_word' id='word_1_94' title='bbox 698 2024 842 2087; x_wconf 78' lang='lat' dir='ltr'>aetionis.</span> <span class='ocrx_word' id='word_1_95' title='bbox 874 2020 952 2085; x_wconf 90' lang='lat' dir='ltr'>ldeo</span> <span class='ocrx_word' id='word_1_96' title='bbox 968 2024 1003 2087; x_wconf 90' lang='lat' dir='ltr'>et</span> <span class='ocrx_word' id='word_1_97' title='bbox 1019 2020 1102 2086; x_wconf 86' lang='lat' dir='ltr'>hanc</span> <span class='ocrx_word' id='word_1_98' title='bbox 1118 2021 1222 2105; x_wconf 89' lang='lat' dir='ltr'>ipsam</span> <span class='ocrx_word' id='word_1_99' title='bbox 1240 2021 1462 2087; x_wconf 87' lang='lat' dir='ltr'>condicionem</span> <span class='ocrx_word' id='word_1_100' title='bbox 1480 2021 1523 2087; x_wconf 90' lang='lat' dir='ltr'>ad</span> <span class='ocrx_word' id='word_1_101' title='bbox 1539 2020 1688 2087; x_wconf 90' lang='lat' dir='ltr'>rationem</span> 
     </span>
     <span class='ocr_line' id='line_1_14' title="bbox 451 2126 1689 2209; baseline 0 -20"><span class='ocrx_word' id='word_1_102' title='bbox 451 2128 546 2190; x_wconf 87' lang='lat' dir='ltr'>actus</span> <span class='ocrx_word' id='word_1_103' title='bbox 565 2146 645 2191; x_wconf 88' lang='lat' dir='ltr'>vere</span> <span class='ocrx_word' id='word_1_104' title='bbox 661 2126 794 2192; x_wconf 88' lang='lat' dir='ltr'>humani</span> <span class='ocrx_word' id='word_1_105' title='bbox 811 2126 843 2193; x_wconf 84' lang='lat' dir='ltr'>S.</span> <span class='ocrx_word' id='word_1_106' title='bbox 860 2127 1003 2193; x_wconf 81' lang='lat' dir='ltr'>Thomas</span> <span class='ocrx_word' id='word_1_107' title='bbox 1018 2126 1165 2209; x_wconf 86' lang='lat' dir='ltr'>requirit,</span> <span class='ocrx_word' id='word_1_108' title='bbox 1183 2126 1311 2193; x_wconf 89' lang='lat' dir='ltr'>dicens:</span> <span class='ocrx_word' id='word_1_109' title='bbox 1333 2127 1432 2206; x_wconf 82' lang='lat' dir='ltr'>„Illae</span> <span class='ocrx_word' id='word_1_110' title='bbox 1448 2129 1541 2194; x_wconf 87' lang='lat' dir='ltr'>solae</span> <span class='ocrx_word' id='word_1_111' title='bbox 1557 2127 1689 2193; x_wconf 83' lang='lat' dir='ltr'>actiones</span> 
     </span>
     <span class='ocr_line' id='line_1_15' title="bbox 450 2230 1689 2315; baseline -0.001 -20"><span class='ocrx_word' id='word_1_112' title='bbox 450 2236 528 2297; x_wconf 89' lang='lat' dir='ltr'>sunt</span> <span class='ocrx_word' id='word_1_113' title='bbox 558 2232 689 2315; x_wconf 88' lang='lat' dir='ltr'>proprie</span> <span class='ocrx_word' id='word_1_114' title='bbox 712 2233 884 2310; x_wconf 89' lang='lat' dir='ltr'>humanae,</span> <span class='ocrx_word' id='word_1_115' title='bbox 916 2254 1054 2315; x_wconf 90' lang='lat' dir='ltr'>quarum</span> <span class='ocrx_word' id='word_1_116' title='bbox 1077 2233 1173 2298; x_wconf 91' lang='lat' dir='ltr'>homo</span> <span class='ocrx_word' id='word_1_117' title='bbox 1198 2236 1347 2300; x_wconf 83' lang='lat' dir='ltr'>dominns</span> <span class='ocrx_word' id='word_1_118' title='bbox 1370 2238 1422 2299; x_wconf 85' lang='lat' dir='ltr'>est</span> <span class='ocrx_word' id='word_1_119' title='bbox 1446 2288 1453 2302; x_wconf 92' lang='lat'><strong>.</strong></span> <span class='ocrx_word' id='word_1_120' title='bbox 1479 2285 1486 2301; x_wconf 92' lang='lat'><em>.</em></span> <span class='ocrx_word' id='word_1_121' title='bbox 1515 2286 1521 2299; x_wconf 90' lang='lat'>.</span> <span class='ocrx_word' id='word_1_122' title='bbox 1547 2232 1633 2297; x_wconf 91' lang='lat' dir='ltr'>unde</span> <span class='ocrx_word' id='word_1_123' title='bbox 1652 2230 1689 2295; x_wconf 86' lang='lat' dir='ltr'>illi</span> 
     </span>
     <span class='ocr_line' id='line_1_16' title="bbox 450 2338 1689 2423; baseline -0.002 -21"><span class='ocrx_word' id='word_1_124' title='bbox 450 2341 554 2417; x_wconf 89' lang='lat' dir='ltr'>actus,</span> <span class='ocrx_word' id='word_1_125' title='bbox 579 2338 634 2420; x_wconf 92' lang='lat' dir='ltr'>qui</span> <span class='ocrx_word' id='word_1_126' title='bbox 657 2338 690 2402; x_wconf 93' lang='lat' dir='ltr'>in</span> <span class='ocrx_word' id='word_1_127' title='bbox 713 2338 844 2403; x_wconf 89' lang='lat' dir='ltr'>homine</span> <span class='ocrx_word' id='word_1_128' title='bbox 866 2340 921 2404; x_wconf 88' lang='lat' dir='ltr'>vel</span> <span class='ocrx_word' id='word_1_129' title='bbox 944 2360 1004 2423; x_wconf 90' lang='lat' dir='ltr'>per</span> <span class='ocrx_word' id='word_1_130' title='bbox 1027 2339 1191 2405; x_wconf 89' lang='lat' dir='ltr'>hominem</span> <span class='ocrx_word' id='word_1_131' title='bbox 1214 2341 1307 2419; x_wconf 82' lang='lat' dir='ltr'>fiunt,</span> <span class='ocrx_word' id='word_1_132' title='bbox 1332 2340 1409 2422; x_wconf 91' lang='lat' dir='ltr'>quin</span> <span class='ocrx_word' id='word_1_133' title='bbox 1434 2338 1623 2421; x_wconf 85' lang='lat' dir='ltr'>dirigantur</span> <span class='ocrx_word' id='word_1_134' title='bbox 1641 2358 1689 2421; x_wconf 81' lang='lat' dir='ltr'>prr</span> 
     </span>
     <span class='ocr_line' id='line_1_17' title="bbox 451 2445 1689 2528; baseline -0.002 -19"><span class='ocrx_word' id='word_1_135' title='bbox 451 2445 585 2510; x_wconf 84' lang='lat' dir='ltr'>libe-rem</span> <span class='ocrx_word' id='word_1_136' title='bbox 608 2448 780 2511; x_wconf 81' lang='lat' dir='ltr'>voluntatis</span> <span class='ocrx_word' id='word_1_137' title='bbox 805 2448 989 2528; x_wconf 84' lang='lat' dir='ltr'>eiectionem,</span> <span class='ocrx_word' id='word_1_138' title='bbox 1014 2447 1122 2512; x_wconf 88' lang='lat' dir='ltr'>solent</span> <span class='ocrx_word' id='word_1_139' title='bbox 1146 2446 1255 2511; x_wconf 88' lang='lat' dir='ltr'>vocari</span> <span class='ocrx_word' id='word_1_140' title='bbox 1281 2449 1374 2512; x_wconf 87' lang='lat' dir='ltr'>aetus</span> <span class='ocrx_word' id='word_1_141' title='bbox 1389 2445 1539 2523; x_wconf 89' lang='lat' dir='ltr'>hominis,</span> <span class='ocrx_word' id='word_1_142' title='bbox 1564 2446 1622 2511; x_wconf 90' lang='lat' dir='ltr'>sed</span> <span class='ocrx_word' id='word_1_143' title='bbox 1638 2464 1689 2507; x_wconf 90' lang='lat' dir='ltr'>non</span> 
     </span>
     <span class='ocr_line' id='line_1_18' title="bbox 451 2550 1690 2629; baseline -0.002 -15"><span class='ocrx_word' id='word_1_144' title='bbox 451 2550 641 2616; x_wconf 80' lang='lat' dir='ltr'>humani.“²</span> <span class='ocrx_word' id='word_1_145' title='bbox 664 2587 707 2596; x_wconf 91' lang='lat'>-</span> <span class='ocrx_word' id='word_1_146' title='bbox 730 2551 832 2617; x_wconf 90' lang='lat' dir='ltr'>Porro</span> <span class='ocrx_word' id='word_1_147' title='bbox 857 2552 1034 2618; x_wconf 90' lang='lat' dir='ltr'>dominium</span> <span class='ocrx_word' id='word_1_148' title='bbox 1058 2552 1109 2619; x_wconf 89' lang='lat' dir='ltr'>sui</span> <span class='ocrx_word' id='word_1_149' title='bbox 1133 2556 1226 2619; x_wconf 85' lang='lat' dir='ltr'>aetus</span> <span class='ocrx_word' id='word_1_150' title='bbox 1250 2552 1405 2618; x_wconf 88' lang='lat' dir='ltr'>voluntas</span> <span class='ocrx_word' id='word_1_151' title='bbox 1427 2551 1539 2629; x_wconf 87' lang='lat' dir='ltr'>habet,</span> <span class='ocrx_word' id='word_1_152' title='bbox 1565 2551 1592 2616; x_wconf 89' lang='lat' dir='ltr'>si</span> <span class='ocrx_word' id='word_1_153' title='bbox 1609 2570 1690 2615; x_wconf 89' lang='lat' dir='ltr'>esua</span> 
     </span>
     <span class='ocr_line' id='line_1_19' title="bbox 452 2655 1690 2743; baseline -0.001 -23"><span class='ocrx_word' id='word_1_154' title='bbox 452 2655 575 2721; x_wconf 85' lang='lat' dir='ltr'>virtute</span> <span class='ocrx_word' id='word_1_155' title='bbox 605 2658 754 2740; x_wconf 85' lang='lat' dir='ltr'>proxime</span> <span class='ocrx_word' id='word_1_156' title='bbox 784 2660 939 2741; x_wconf 84' lang='lat' dir='ltr'>expedita</span> <span class='ocrx_word' id='word_1_157' title='bbox 968 2664 1081 2743; x_wconf 88' lang='lat' dir='ltr'>potest</span> <span class='ocrx_word' id='word_1_158' title='bbox 1109 2660 1201 2725; x_wconf 92' lang='lat' dir='ltr'>illum</span> <span class='ocrx_word' id='word_1_159' title='bbox 1232 2680 1352 2743; x_wconf 91' lang='lat' dir='ltr'>ponere</span> <span class='ocrx_word' id='word_1_160' title='bbox 1383 2658 1436 2723; x_wconf 93' lang='lat' dir='ltr'>vel</span> <span class='ocrx_word' id='word_1_161' title='bbox 1466 2658 1621 2724; x_wconf 90' lang='lat' dir='ltr'>omittere</span> <span class='ocrx_word' id='word_1_162' title='bbox 1642 2676 1690 2739; x_wconf 88' lang='lat' dir='ltr'>pre</span> 
     </span>
     <span class='ocr_line' id='line_1_20' title="bbox 451 2760 1690 2847; baseline -0.001 -22"><span class='ocrx_word' id='word_1_163' title='bbox 451 2760 557 2838; x_wconf 87' lang='lat' dir='ltr'>libitu,</span> <span class='ocrx_word' id='word_1_164' title='bbox 587 2761 636 2828; x_wconf 88' lang='lat' dir='ltr'>ita</span> <span class='ocrx_word' id='word_1_165' title='bbox 664 2768 702 2829; x_wconf 94' lang='lat' dir='ltr'>ut</span> <span class='ocrx_word' id='word_1_166' title='bbox 729 2785 835 2847; x_wconf 88' lang='lat' dir='ltr'>neque</span> <span class='ocrx_word' id='word_1_167' title='bbox 858 2769 953 2831; x_wconf 88' lang='lat' dir='ltr'>actus</span> <span class='ocrx_word' id='word_1_168' title='bbox 976 2786 1019 2832; x_wconf 89' lang='lat' dir='ltr'>ex</span> <span class='ocrx_word' id='word_1_169' title='bbox 1042 2766 1240 2831; x_wconf 86' lang='lat' dir='ltr'>necessitate</span> <span class='ocrx_word' id='word_1_170' title='bbox 1264 2765 1479 2831; x_wconf 87' lang='lat' dir='ltr'>antecedente</span> <span class='ocrx_word' id='word_1_171' title='bbox 1503 2784 1612 2846; x_wconf 87' lang='lat' dir='ltr'>neque</span> <span class='ocrx_word' id='word_1_172' title='bbox 1633 2761 1690 2826; x_wconf 87' lang='lat' dir='ltr'>eius</span> 
     </span>
     <span class='ocr_line' id='line_1_21' title="bbox 453 2866 1691 2955; baseline -0.002 -24"><span class='ocrx_word' id='word_1_173' title='bbox 453 2866 585 2932; x_wconf 89' lang='lat' dir='ltr'>omissio</span> <span class='ocrx_word' id='word_1_174' title='bbox 601 2889 644 2933; x_wconf 88' lang='lat' dir='ltr'>ex</span> <span class='ocrx_word' id='word_1_175' title='bbox 659 2870 853 2955; x_wconf 88' lang='lat' dir='ltr'>impotentia</span> <span class='ocrx_word' id='word_1_176' title='bbox 870 2872 1050 2955; x_wconf 72' lang='lat' dir='ltr'>confingat.</span> <span class='ocrx_word' id='word_1_177' title='bbox 1082 2872 1169 2937; x_wconf 90' lang='lat' dir='ltr'>Nam</span> <span class='ocrx_word' id='word_1_178' title='bbox 1186 2872 1306 2937; x_wconf 87' lang='lat' dir='ltr'>iterum</span> <span class='ocrx_word' id='word_1_179' title='bbox 1319 2872 1349 2938; x_wconf 87' lang='lat' dir='ltr'>S.</span> <span class='ocrx_word' id='word_1_180' title='bbox 1363 2872 1504 2937; x_wconf 87' lang='lat' dir='ltr'>Doctor:</span> <span class='ocrx_word' id='word_1_181' title='bbox 1534 2869 1691 2949; x_wconf 80' lang='lat' dir='ltr'>„Liberum</span> 
     </span>
     <span class='ocr_line' id='line_1_22' title="bbox 453 2972 1692 3057; baseline -0.003 -18"><span class='ocrx_word' id='word_1_182' title='bbox 453 2979 514 3053; x_wconf 90' lang='lat' dir='ltr'>est,</span> <span class='ocrx_word' id='word_1_183' title='bbox 539 2976 624 3057; x_wconf 90' lang='lat' dir='ltr'>quod</span> <span class='ocrx_word' id='word_1_184' title='bbox 649 2976 698 3041; x_wconf 92' lang='lat' dir='ltr'>sui</span> <span class='ocrx_word' id='word_1_185' title='bbox 723 2998 824 3043; x_wconf 87' lang='lat' dir='ltr'>causa</span> <span class='ocrx_word' id='word_1_186' title='bbox 847 2982 908 3055; x_wconf 87' lang='lat' dir='ltr'>est,</span> <span class='ocrx_word' id='word_1_187' title='bbox 933 2981 968 3043; x_wconf 91' lang='lat' dir='ltr'>et</span> <span class='ocrx_word' id='word_1_188' title='bbox 991 2978 1038 3043; x_wconf 88' lang='lat' dir='ltr'>sic</span> <span class='ocrx_word' id='word_1_189' title='bbox 1061 2978 1199 3044; x_wconf 91' lang='lat' dir='ltr'>liberum</span> <span class='ocrx_word' id='word_1_190' title='bbox 1219 2978 1320 3045; x_wconf 88' lang='lat' dir='ltr'>habet</span> <span class='ocrx_word' id='word_1_191' title='bbox 1335 2978 1497 3045; x_wconf 88' lang='lat' dir='ltr'>rationem</span> <span class='ocrx_word' id='word_1_192' title='bbox 1514 2976 1595 3055; x_wconf 87' lang='lat' dir='ltr'>eius,</span> <span class='ocrx_word' id='word_1_193' title='bbox 1620 2972 1692 3056; x_wconf 88' lang='lat' dir='ltr'>quod</span> 
     </span>
     <span class='ocr_line' id='line_1_23' title="bbox 453 3083 702 3163; baseline 0.008 -19"><span class='ocrx_word' id='word_1_194' title='bbox 453 3083 506 3145; x_wconf 87' lang='lat' dir='ltr'>est</span> <span class='ocrx_word' id='word_1_195' title='bbox 528 3101 588 3163; x_wconf 89' lang='lat' dir='ltr'>per</span> <span class='ocrx_word' id='word_1_196' title='bbox 611 3083 702 3147; x_wconf 77' lang='lat' dir='ltr'>se.“⁸</span> 
     </span>
    </p>

    <p class='ocr_par' dir='ltr' id='par_1_6' title="bbox 451 3181 1693 4105">
     <span class='ocr_line' id='line_1_24' title="bbox 542 3181 1693 3275; baseline -0.002 -24"><span class='ocrx_word' id='word_1_197' title='bbox 542 3186 612 3252; x_wconf 91' lang='lat' dir='ltr'>Iam</span> <span class='ocrx_word' id='word_1_198' title='bbox 635 3208 715 3253; x_wconf 84' lang='lat' dir='ltr'>vero</span> <span class='ocrx_word' id='word_1_199' title='bbox 740 3188 959 3254; x_wconf 85' lang='lat' dir='ltr'>indifferentia</span> <span class='ocrx_word' id='word_1_200' title='bbox 986 3189 1166 3256; x_wconf 78' lang='lat' dir='ltr'>voluntatis</span> <span class='ocrx_word' id='word_1_201' title='bbox 1193 3188 1379 3275; x_wconf 79' lang='lat' dir='ltr'>„nequiiea“</span> <span class='ocrx_word' id='word_1_202' title='bbox 1404 3210 1465 3274; x_wconf 86' lang='lat' dir='ltr'>per</span> <span class='ocrx_word' id='word_1_203' title='bbox 1487 3209 1524 3255; x_wconf 93' lang='lat' dir='ltr'>se</span> <span class='ocrx_word' id='word_1_204' title='bbox 1548 3181 1693 3256; x_wconf 85' lang='lat' dir='ltr'>eiusmodi</span> 
     </span>
     <span class='ocr_line' id='line_1_25' title="bbox 452 3289 1690 3363; baseline -0.004 -5"><span class='ocrx_word' id='word_1_205' title='bbox 452 3294 583 3361; x_wconf 86' lang='lat' dir='ltr'>actuale</span> <span class='ocrx_word' id='word_1_206' title='bbox 614 3294 790 3360; x_wconf 90' lang='lat' dir='ltr'>dominium</span> <span class='ocrx_word' id='word_1_207' title='bbox 819 3295 889 3360; x_wconf 88' lang='lat' dir='ltr'>eius</span> <span class='ocrx_word' id='word_1_208' title='bbox 921 3295 954 3359; x_wconf 92' lang='lat' dir='ltr'>in</span> <span class='ocrx_word' id='word_1_209' title='bbox 986 3316 1079 3360; x_wconf 85' lang='lat' dir='ltr'>suum</span> <span class='ocrx_word' id='word_1_210' title='bbox 1111 3300 1221 3363; x_wconf 91' lang='lat' dir='ltr'>actum</span> <span class='ocrx_word' id='word_1_211' title='bbox 1251 3317 1317 3361; x_wconf 89' lang='lat' dir='ltr'>non</span> <span class='ocrx_word' id='word_1_212' title='bbox 1344 3295 1531 3362; x_wconf 83' lang='lat' dir='ltr'>necessario</span> <span class='ocrx_word' id='word_1_213' title='bbox 1555 3289 1690 3363; x_wconf 85' lang='lat' dir='ltr'>includit,</span> 
     </span>
     <span class='ocr_line' id='line_1_26' title="bbox 452 3400 1690 3485; baseline -0.002 -20"><span class='ocrx_word' id='word_1_214' title='bbox 452 3400 571 3483; x_wconf 91' lang='lat' dir='ltr'>quippe</span> <span class='ocrx_word' id='word_1_215' title='bbox 601 3401 706 3465; x_wconf 88' lang='lat' dir='ltr'>solam</span> <span class='ocrx_word' id='word_1_216' title='bbox 735 3402 916 3485; x_wconf 89' lang='lat' dir='ltr'>potentiam</span> <span class='ocrx_word' id='word_1_217' title='bbox 941 3405 978 3467; x_wconf 91' lang='lat' dir='ltr'>ut</span> <span class='ocrx_word' id='word_1_218' title='bbox 1000 3402 1101 3468; x_wconf 87' lang='lat' dir='ltr'>talem</span> <span class='ocrx_word' id='word_1_219' title='bbox 1125 3402 1264 3467; x_wconf 89' lang='lat' dir='ltr'>reddens</span> <span class='ocrx_word' id='word_1_220' title='bbox 1290 3424 1310 3468; x_wconf 89' lang='lat' dir='ltr'>a</span> <span class='ocrx_word' id='word_1_221' title='bbox 1333 3402 1533 3469; x_wconf 87' lang='lat' dir='ltr'>necessitate</span> <span class='ocrx_word' id='word_1_222' title='bbox 1555 3402 1690 3471; x_wconf 86' lang='lat' dir='ltr'>liberum,</span> 
     </span>
     <span class='ocr_line' id='line_1_27' title="bbox 451 3506 1691 3595; baseline 0 -25"><span class='ocrx_word' id='word_1_223' title='bbox 451 3506 485 3571; x_wconf 90' lang='lat' dir='ltr'>in</span> <span class='ocrx_word' id='word_1_224' title='bbox 508 3506 615 3571; x_wconf 92' lang='lat' dir='ltr'>medio</span> <span class='ocrx_word' id='word_1_225' title='bbox 638 3506 791 3573; x_wconf 89' lang='lat' dir='ltr'>interium</span> <span class='ocrx_word' id='word_1_226' title='bbox 815 3510 1013 3592; x_wconf 90' lang='lat' dir='ltr'>relinquens,</span> <span class='ocrx_word' id='word_1_227' title='bbox 1038 3513 1147 3575; x_wconf 90' lang='lat' dir='ltr'>utrum</span> <span class='ocrx_word' id='word_1_228' title='bbox 1172 3515 1266 3577; x_wconf 89' lang='lat' dir='ltr'>actus</span> <span class='ocrx_word' id='word_1_229' title='bbox 1288 3512 1368 3595; x_wconf 87' lang='lat' dir='ltr'>ipse,</span> <span class='ocrx_word' id='word_1_230' title='bbox 1394 3510 1449 3593; x_wconf 92' lang='lat' dir='ltr'>qui</span> <span class='ocrx_word' id='word_1_231' title='bbox 1464 3512 1506 3576; x_wconf 86' lang='lat' dir='ltr'>ab</span> <span class='ocrx_word' id='word_1_232' title='bbox 1523 3512 1586 3576; x_wconf 87' lang='lat' dir='ltr'>hac</span> <span class='ocrx_word' id='word_1_233' title='bbox 1602 3510 1691 3574; x_wconf 86' lang='lat' dir='ltr'>libera</span> 
     </span>
     <span class='ocr_line' id='line_1_28' title="bbox 451 3612 1691 3701; baseline 0.001 -25"><span class='ocrx_word' id='word_1_234' title='bbox 451 3612 600 3694; x_wconf 86' lang='lat' dir='ltr'>potentia</span> <span class='ocrx_word' id='word_1_235' title='bbox 622 3614 779 3695; x_wconf 86' lang='lat' dir='ltr'>procedit,</span> <span class='ocrx_word' id='word_1_236' title='bbox 803 3616 899 3680; x_wconf 89' lang='lat' dir='ltr'>modo</span> <span class='ocrx_word' id='word_1_237' title='bbox 923 3615 1025 3681; x_wconf 90' lang='lat' dir='ltr'>libero</span> <span class='ocrx_word' id='word_1_238' title='bbox 1050 3636 1092 3680; x_wconf 92' lang='lat' dir='ltr'>an</span> <span class='ocrx_word' id='word_1_239' title='bbox 1116 3616 1300 3682; x_wconf 88' lang='lat' dir='ltr'>necessario</span> <span class='ocrx_word' id='word_1_240' title='bbox 1316 3615 1483 3701; x_wconf 89' lang='lat' dir='ltr'>procedat.</span> <span class='ocrx_word' id='word_1_241' title='bbox 1515 3616 1637 3683; x_wconf 86' lang='lat' dir='ltr'>Contra</span> <span class='ocrx_word' id='word_1_242' title='bbox 1650 3614 1691 3678; x_wconf 91' lang='lat' dir='ltr'>in·</span> 
     </span>
     <span class='ocr_line' id='line_1_29' title="bbox 452 3717 1690 3805; baseline 0 -24"><span class='ocrx_word' id='word_1_243' title='bbox 452 3717 636 3783; x_wconf 81' lang='lat' dir='ltr'>differentia</span> <span class='ocrx_word' id='word_1_244' title='bbox 661 3719 836 3804; x_wconf 80' lang='lat' dir='ltr'>„positica“</span> <span class='ocrx_word' id='word_1_245' title='bbox 861 3740 920 3804; x_wconf 89' lang='lat' dir='ltr'>per</span> <span class='ocrx_word' id='word_1_246' title='bbox 943 3741 979 3786; x_wconf 89' lang='lat' dir='ltr'>se</span> <span class='ocrx_word' id='word_1_247' title='bbox 1002 3720 1169 3804; x_wconf 88' lang='lat' dir='ltr'>importat,</span> <span class='ocrx_word' id='word_1_248' title='bbox 1194 3727 1231 3787; x_wconf 93' lang='lat' dir='ltr'>ut</span> <span class='ocrx_word' id='word_1_249' title='bbox 1254 3725 1349 3787; x_wconf 88' lang='lat' dir='ltr'>actus</span> <span class='ocrx_word' id='word_1_250' title='bbox 1371 3722 1442 3805; x_wconf 86' lang='lat' dir='ltr'>ipse</span> <span class='ocrx_word' id='word_1_251' title='bbox 1465 3743 1529 3787; x_wconf 90' lang='lat' dir='ltr'>non</span> <span class='ocrx_word' id='word_1_252' title='bbox 1554 3723 1690 3788; x_wconf 86' lang='lat' dir='ltr'>soluma</span> 
     </span>
     <span class='ocr_line' id='line_1_30' title="bbox 452 3824 1692 3912; baseline 0.002 -23"><span class='ocrx_word' id='word_1_253' title='bbox 452 3824 601 3907; x_wconf 88' lang='lat' dir='ltr'>potentia</span> <span class='ocrx_word' id='word_1_254' title='bbox 631 3826 932 3909; x_wconf 88' lang='lat' dir='ltr'>quomodocumque</span> <span class='ocrx_word' id='word_1_255' title='bbox 955 3827 1060 3893; x_wconf 89' lang='lat' dir='ltr'>libera</span> <span class='ocrx_word' id='word_1_256' title='bbox 1082 3831 1233 3911; x_wconf 85' lang='lat' dir='ltr'>ponatur,</span> <span class='ocrx_word' id='word_1_257' title='bbox 1264 3828 1321 3893; x_wconf 91' lang='lat' dir='ltr'>sed</span> <span class='ocrx_word' id='word_1_258' title='bbox 1346 3832 1383 3895; x_wconf 91' lang='lat' dir='ltr'>ut</span> <span class='ocrx_word' id='word_1_259' title='bbox 1406 3832 1548 3912; x_wconf 90' lang='lat' dir='ltr'>ponatur</span> <span class='ocrx_word' id='word_1_260' title='bbox 1570 3828 1692 3909; x_wconf 82' lang='lat' dir='ltr'>insuper</span> 
     </span>
     <span class='ocr_line' id='line_1_31' title="bbox 452 3930 1690 4018; baseline -0.002 -21"><span class='ocrx_word' id='word_1_261' title='bbox 452 3930 562 4014; x_wconf 83' lang='lat' dir='ltr'>tibere,</span> <span class='ocrx_word' id='word_1_262' title='bbox 594 3930 615 3997; x_wconf 91' lang='lat' dir='ltr'>i.</span> <span class='ocrx_word' id='word_1_263' title='bbox 645 3952 673 3998; x_wconf 92' lang='lat' dir='ltr'>e.</span> <span class='ocrx_word' id='word_1_264' title='bbox 702 3953 774 3997; x_wconf 90' lang='lat' dir='ltr'>curn</span> <span class='ocrx_word' id='word_1_265' title='bbox 804 3933 901 4017; x_wconf 90' lang='lat' dir='ltr'>pleno</span> <span class='ocrx_word' id='word_1_266' title='bbox 932 3933 1073 3999; x_wconf 91' lang='lat' dir='ltr'>dominio</span> <span class='ocrx_word' id='word_1_267' title='bbox 1104 3934 1287 4001; x_wconf 88' lang='lat' dir='ltr'>voluntatis</span> <span class='ocrx_word' id='word_1_268' title='bbox 1317 3935 1349 4000; x_wconf 91' lang='lat' dir='ltr'>in</span> <span class='ocrx_word' id='word_1_269' title='bbox 1380 3935 1431 4000; x_wconf 89' lang='lat' dir='ltr'>sui</span> <span class='ocrx_word' id='word_1_270' title='bbox 1460 3934 1561 4018; x_wconf 90' lang='lat' dir='ltr'>ipsius</span> <span class='ocrx_word' id='word_1_271' title='bbox 1593 3934 1690 3999; x_wconf 88' lang='lat' dir='ltr'>deter-</span> 
     </span>
     <span class='ocr_line' id='line_1_32' title="bbox 452 4037 695 4105; baseline 0.016 -4"><span class='ocrx_word' id='word_1_272' title='bbox 452 4037 664 4103; x_wconf 90' lang='lat' dir='ltr'>minationem</span> <span class='ocrx_word' id='word_1_273' title='bbox 673 4039 695 4105; x_wconf 79' lang='lat'>⁴.</span> 
     </span>
    </p>
   </div>
   <div class='ocr_carea' id='block_1_3' title="bbox 452 4153 764 4162">
    <p class='ocr_par' dir='ltr' id='par_1_7' title="bbox 452 4153 764 4162">
     <span class='ocr_line' id='line_1_33' title="bbox 452 4153 764 4162; baseline 0 -2"><span class='ocrx_word' id='word_1_274' title='bbox 452 4153 764 4162; x_wconf 47' lang='lat' dir='ltr'>*mmo—...-</span> 
     </span>
    </p>
   </div>
   <div class='ocr_carea' id='block_1_4' title="bbox 451 4191 1690 5063">
    <p class='ocr_par' dir='ltr' id='par_1_8' title="bbox 451 4191 1690 4619">
     <span class='ocr_line' id='line_1_34' title="bbox 543 4191 1690 4266; baseline 0.003 -17"><span class='ocrx_word' id='word_1_275' title='bbox 543 4197 551 4227; x_wconf 92' lang='lat'><strong>¹</strong></span> <span class='ocrx_word' id='word_1_276' title='bbox 570 4196 610 4249; x_wconf 90' lang='lat' dir='ltr'>De</span> <span class='ocrx_word' id='word_1_277' title='bbox 629 4195 682 4250; x_wconf 86' lang='lat' dir='ltr'>hac</span> <span class='ocrx_word' id='word_1_278' title='bbox 700 4195 882 4249; x_wconf 80' lang='lat' dir='ltr'>indifferentia</span> <span class='ocrx_word' id='word_1_279' title='bbox 900 4214 953 4249; x_wconf 92' lang='lat' dir='ltr'>non</span> <span class='ocrx_word' id='word_1_280' title='bbox 972 4197 1099 4251; x_wconf 86' lang='lat' dir='ltr'>obstante</span> <span class='ocrx_word' id='word_1_281' title='bbox 1113 4195 1162 4251; x_wconf 90' lang='lat' dir='ltr'>Dei</span> <span class='ocrx_word' id='word_1_282' title='bbox 1176 4214 1309 4251; x_wconf 88' lang='lat' dir='ltr'>concursu</span> <span class='ocrx_word' id='word_1_283' title='bbox 1323 4200 1352 4251; x_wconf 91' lang='lat' dir='ltr'>S.</span> <span class='ocrx_word' id='word_1_284' title='bbox 1370 4198 1470 4266; x_wconf 82' lang='lat' dir='ltr'>Thcm,</span> <span class='ocrx_word' id='word_1_285' title='bbox 1490 4196 1516 4250; x_wconf 86' lang='lat' dir='ltr'>S.</span> <span class='ocrx_word' id='word_1_286' title='bbox 1530 4196 1613 4251; x_wconf 87' lang='lat' dir='ltr'>theol.</span> <span class='ocrx_word' id='word_1_287' title='bbox 1634 4195 1654 4257; x_wconf 86' lang='lat'>1,</span> <span class='ocrx_word' id='word_1_288' title='bbox 1670 4191 1690 4253; x_wconf 69' lang='lat'>2·</span> 
     </span>
     <span class='ocr_line' id='line_1_35' title="bbox 452 4280 1688 4355; baseline -0.002 -19"><span class='ocrx_word' id='word_1_289' title='bbox 452 4300 478 4351; x_wconf 91' lang='lat' dir='ltr'>q.</span> <span class='ocrx_word' id='word_1_290' title='bbox 500 4284 547 4347; x_wconf 87' lang='lat'>10,</span> <span class='ocrx_word' id='word_1_291' title='bbox 574 4301 597 4337; x_wconf 84' lang='lat' dir='ltr'>a.</span> <span class='ocrx_word' id='word_1_292' title='bbox 617 4286 635 4338; x_wconf 87' lang='grc'><strong>4</strong></span> <span class='ocrx_word' id='word_1_293' title='bbox 654 4284 734 4338; x_wconf 90' lang='lat' dir='ltr'>dicit:</span> <span class='ocrx_word' id='word_1_294' title='bbox 765 4283 850 4350; x_wconf 79' lang='lat' dir='ltr'>,Quis</span> <span class='ocrx_word' id='word_1_295' title='bbox 868 4284 952 4351; x_wconf 84' lang='lat' dir='ltr'>igitur</span> <span class='ocrx_word' id='word_1_296' title='bbox 970 4284 1099 4338; x_wconf 86' lang='lat' dir='ltr'>voluntas</span> <span class='ocrx_word' id='word_1_297' title='bbox 1119 4287 1161 4337; x_wconf 88' lang='lat' dir='ltr'>est</span> <span class='ocrx_word' id='word_1_298' title='bbox 1180 4284 1301 4338; x_wconf 80' lang='lat' dir='ltr'>activum</span> <span class='ocrx_word' id='word_1_299' title='bbox 1321 4284 1484 4355; x_wconf 91' lang='lat' dir='ltr'>principium</span> <span class='ocrx_word' id='word_1_300' title='bbox 1503 4302 1557 4339; x_wconf 87' lang='lat' dir='ltr'>non</span> <span class='ocrx_word' id='word_1_301' title='bbox 1575 4280 1688 4339; x_wconf 89' lang='lat' dir='ltr'>determi-</span> 
     </span>
     <span class='ocr_line' id='line_1_36' title="bbox 451 4371 1689 4442; baseline -0.004 -18"><span class='ocrx_word' id='word_1_302' title='bbox 451 4375 547 4424; x_wconf 85' lang='lat' dir='ltr'>natum</span> <span class='ocrx_word' id='word_1_303' title='bbox 565 4372 599 4424; x_wconf 86' lang='lat' dir='ltr'>od</span> <span class='ocrx_word' id='word_1_304' title='bbox 617 4389 709 4435; x_wconf 88' lang='lat' dir='ltr'>unum,</span> <span class='ocrx_word' id='word_1_305' title='bbox 729 4372 778 4425; x_wconf 87' lang='lat' dir='ltr'>sed</span> <span class='ocrx_word' id='word_1_306' title='bbox 790 4371 976 4426; x_wconf 82' lang='lat' dir='ltr'>indifferenter</span> <span class='ocrx_word' id='word_1_307' title='bbox 995 4390 1025 4426; x_wconf 90' lang='lat' dir='ltr'>se</span> <span class='ocrx_word' id='word_1_308' title='bbox 1044 4372 1148 4426; x_wconf 85' lang='lat' dir='ltr'>habeus</span> <span class='ocrx_word' id='word_1_309' title='bbox 1167 4374 1200 4427; x_wconf 86' lang='lat' dir='ltr'>ad</span> <span class='ocrx_word' id='word_1_310' title='bbox 1220 4373 1322 4438; x_wconf 85' lang='lat' dir='ltr'>multa;</span> <span class='ocrx_word' id='word_1_311' title='bbox 1342 4373 1383 4427; x_wconf 86' lang='lat' dir='ltr'>sie</span> <span class='ocrx_word' id='word_1_312' title='bbox 1401 4372 1475 4426; x_wconf 86' lang='lat' dir='ltr'>Deus</span> <span class='ocrx_word' id='word_1_313' title='bbox 1494 4373 1582 4442; x_wconf 83' lang='lat' dir='ltr'>ipsam</span> <span class='ocrx_word' id='word_1_314' title='bbox 1602 4372 1689 4429; x_wconf 79' lang='lat' dir='ltr'>movet,</span> 
     </span>
     <span class='ocr_line' id='line_1_37' title="bbox 452 4460 1688 4528; baseline -0.004 -15"><span class='ocrx_word' id='word_1_315' title='bbox 452 4460 524 4528; x_wconf 89' lang='lat' dir='ltr'>quod</span> <span class='ocrx_word' id='word_1_316' title='bbox 548 4476 602 4513; x_wconf 90' lang='lat' dir='ltr'>non</span> <span class='ocrx_word' id='word_1_317' title='bbox 627 4478 662 4513; x_wconf 86' lang='lat' dir='ltr'>ex</span> <span class='ocrx_word' id='word_1_318' title='bbox 686 4460 854 4513; x_wconf 85' lang='lat' dir='ltr'>necessitate</span> <span class='ocrx_word' id='word_1_319' title='bbox 879 4460 913 4513; x_wconf 83' lang='lat' dir='ltr'>sd</span> <span class='ocrx_word' id='word_1_320' title='bbox 939 4478 1023 4513; x_wconf 91' lang='lat' dir='ltr'>unum</span> <span class='ocrx_word' id='word_1_321' title='bbox 1043 4460 1221 4525; x_wconf 85' lang='lat' dir='ltr'>determinat,</span> <span class='ocrx_word' id='word_1_322' title='bbox 1247 4462 1295 4515; x_wconf 89' lang='lat' dir='ltr'>sed</span> <span class='ocrx_word' id='word_1_323' title='bbox 1314 4464 1438 4515; x_wconf 86' lang='lat' dir='ltr'>remanet</span> <span class='ocrx_word' id='word_1_324' title='bbox 1457 4464 1545 4514; x_wconf 86' lang='lat' dir='ltr'>motus</span> <span class='ocrx_word' id='word_1_325' title='bbox 1564 4460 1621 4515; x_wconf 91' lang='lat' dir='ltr'>eius</span> <span class='ocrx_word' id='word_1_326' title='bbox 1638 4472 1688 4511; x_wconf 84' lang='lat' dir='ltr'>con·</span> 
     </span>
     <span class='ocr_line' id='line_1_38' title="bbox 451 4548 1571 4619; baseline 0.001 -17"><span class='ocrx_word' id='word_1_327' title='bbox 451 4548 569 4615; x_wconf 85' lang='lat' dir='ltr'>tingens,</span> <span class='ocrx_word' id='word_1_328' title='bbox 589 4552 618 4602; x_wconf 90' lang='lat' dir='ltr'>et</span> <span class='ocrx_word' id='word_1_329' title='bbox 635 4567 689 4602; x_wconf 89' lang='lat' dir='ltr'>non</span> <span class='ocrx_word' id='word_1_330' title='bbox 707 4549 889 4613; x_wconf 84' lang='lat' dir='ltr'>necessarius,</span> <span class='ocrx_word' id='word_1_331' title='bbox 907 4550 961 4603; x_wconf 88' lang='lat' dir='ltr'>nisi</span> <span class='ocrx_word' id='word_1_332' title='bbox 980 4548 1008 4603; x_wconf 90' lang='lat' dir='ltr'>in</span> <span class='ocrx_word' id='word_1_333' title='bbox 1028 4548 1078 4613; x_wconf 86' lang='lat' dir='ltr'>his,</span> <span class='ocrx_word' id='word_1_334' title='bbox 1099 4550 1132 4603; x_wconf 88' lang='lat' dir='ltr'>sd</span> <span class='ocrx_word' id='word_1_335' title='bbox 1152 4568 1222 4619; x_wconf 88' lang='lat' dir='ltr'>quae</span> <span class='ocrx_word' id='word_1_336' title='bbox 1240 4549 1404 4604; x_wconf 86' lang='lat' dir='ltr'>naturaliter</span> <span class='ocrx_word' id='word_1_337' title='bbox 1422 4550 1571 4603; x_wconf 83' lang='lat' dir='ltr'>movetur.“</span> 
     </span>
    </p>

    <p class='ocr_par' dir='ltr' id='par_1_9' title="bbox 543 4637 1143 4707">
     <span class='ocr_line' id='line_1_39' title="bbox 543 4637 1143 4707; baseline 0.002 -17"><span class='ocrx_word' id='word_1_338' title='bbox 543 4637 600 4691; x_wconf 84' lang='lat' dir='ltr'>¹S.</span> <span class='ocrx_word' id='word_1_339' title='bbox 623 4639 723 4704; x_wconf 65' lang='lat' dir='ltr'>item,</span> <span class='ocrx_word' id='word_1_340' title='bbox 745 4639 772 4693; x_wconf 83' lang='lat' dir='ltr'>S.</span> <span class='ocrx_word' id='word_1_341' title='bbox 791 4637 874 4692; x_wconf 85' lang='lat' dir='ltr'>theol.</span> <span class='ocrx_word' id='word_1_342' title='bbox 896 4640 919 4702; x_wconf 82' lang='lat'>1,</span> <span class='ocrx_word' id='word_1_343' title='bbox 938 4638 963 4702; x_wconf 82' lang='lat'>2,</span> <span class='ocrx_word' id='word_1_344' title='bbox 983 4656 1008 4707; x_wconf 93' lang='lat' dir='ltr'>q.</span> <span class='ocrx_word' id='word_1_345' title='bbox 1031 4640 1054 4702; x_wconf 84' lang='lat'>1,</span> <span class='ocrx_word' id='word_1_346' title='bbox 1074 4654 1098 4692; x_wconf 87' lang='lat' dir='ltr'>s.</span> <span class='ocrx_word' id='word_1_347' title='bbox 1120 4640 1143 4693; x_wconf 93' lang='lat' dir='ltr'>l.</span> 
     </span>
    </p>

    <p class='ocr_par' dir='ltr' id='par_1_10' title="bbox 452 4720 1685 4968">
     <span class='ocr_line' id='line_1_40' title="bbox 543 4720 1685 4795; baseline 0 -15"><span class='ocrx_word' id='word_1_348' title='bbox 543 4728 600 4781; x_wconf 71' lang='lat'>¹8.</span> <span class='ocrx_word' id='word_1_349' title='bbox 623 4727 730 4795; x_wconf 79' lang='lat' dir='ltr'>Them,</span> <span class='ocrx_word' id='word_1_350' title='bbox 755 4726 858 4781; x_wconf 81' lang='lat' dir='ltr'>Contra</span> <span class='ocrx_word' id='word_1_351' title='bbox 878 4727 981 4781; x_wconf 86' lang='lat' dir='ltr'>Gentes</span> <span class='ocrx_word' id='word_1_352' title='bbox 1002 4728 1029 4791; x_wconf 90' lang='lat'>1,</span> <span class='ocrx_word' id='word_1_353' title='bbox 1056 4744 1078 4781; x_wconf 92' lang='lat' dir='ltr'>c.</span> <span class='ocrx_word' id='word_1_354' title='bbox 1100 4728 1141 4781; x_wconf 83' lang='lat'>72.</span> <span class='ocrx_word' id='word_1_355' title='bbox 1180 4726 1220 4781; x_wconf 81' lang='lat' dir='ltr'>Cf.</span> <span class='ocrx_word' id='word_1_356' title='bbox 1248 4727 1283 4781; x_wconf 95' lang='lat' dir='ltr'>ib.</span> <span class='ocrx_word' id='word_1_357' title='bbox 1304 4744 1326 4781; x_wconf 86' lang='lat' dir='ltr'>c.</span> <span class='ocrx_word' id='word_1_358' title='bbox 1347 4724 1396 4781; x_wconf 81' lang='lat'>68:</span> <span class='ocrx_word' id='word_1_359' title='bbox 1427 4726 1603 4795; x_wconf 76' lang='lat' dir='ltr'>,Dominium</span> <span class='ocrx_word' id='word_1_360' title='bbox 1627 4720 1685 4793; x_wconf 88' lang='lat' dir='ltr'>quod</span> 
     </span>
     <span class='ocr_line' id='line_1_41' title="bbox 452 4814 1684 4886; baseline -0.004 -17"><span class='ocrx_word' id='word_1_361' title='bbox 452 4815 536 4869; x_wconf 86' lang='lat' dir='ltr'>habet</span> <span class='ocrx_word' id='word_1_362' title='bbox 554 4815 681 4869; x_wconf 83' lang='lat' dir='ltr'>voluntas</span> <span class='ocrx_word' id='word_1_363' title='bbox 706 4832 790 4886; x_wconf 86' lang='lat' dir='ltr'>supra</span> <span class='ocrx_word' id='word_1_364' title='bbox 807 4832 872 4869; x_wconf 88' lang='lat' dir='ltr'>suos</span> <span class='ocrx_word' id='word_1_365' title='bbox 891 4819 984 4880; x_wconf 86' lang='lat' dir='ltr'>actus,</span> <span class='ocrx_word' id='word_1_366' title='bbox 1010 4832 1059 4885; x_wconf 89' lang='lat' dir='ltr'>per</span> <span class='ocrx_word' id='word_1_367' title='bbox 1078 4816 1148 4885; x_wconf 91' lang='lat' dir='ltr'>quod</span> <span class='ocrx_word' id='word_1_368' title='bbox 1168 4816 1195 4869; x_wconf 90' lang='lat' dir='ltr'>in</span> <span class='ocrx_word' id='word_1_369' title='bbox 1215 4815 1273 4870; x_wconf 91' lang='lat' dir='ltr'>eius</span> <span class='ocrx_word' id='word_1_370' title='bbox 1292 4818 1430 4885; x_wconf 83' lang='lat' dir='ltr'>potestate</span> <span class='ocrx_word' id='word_1_371' title='bbox 1449 4820 1493 4869; x_wconf 90' lang='lat' dir='ltr'>est</span> <span class='ocrx_word' id='word_1_372' title='bbox 1511 4814 1583 4869; x_wconf 82' lang='lat' dir='ltr'>velte</span> <span class='ocrx_word' id='word_1_373' title='bbox 1602 4817 1627 4868; x_wconf 87' lang='lat' dir='ltr'>et</span> <span class='ocrx_word' id='word_1_374' title='bbox 1643 4826 1684 4864; x_wconf 87' lang='lat' dir='ltr'>non</span> 
     </span>
     <span class='ocr_line' id='line_1_42' title="bbox 453 4902 1258 4968; baseline -0.001 -10"><span class='ocrx_word' id='word_1_375' title='bbox 453 4904 532 4968; x_wconf 84' lang='lat' dir='ltr'>velle,</span> <span class='ocrx_word' id='word_1_376' title='bbox 552 4903 675 4957; x_wconf 86' lang='lat' dir='ltr'>excludit</span> <span class='ocrx_word' id='word_1_377' title='bbox 692 4902 945 4958; x_wconf 84' lang='lat' dir='ltr'>determinationem</span> <span class='ocrx_word' id='word_1_378' title='bbox 963 4904 1076 4959; x_wconf 79' lang='lat' dir='ltr'>virtutis</span> <span class='ocrx_word' id='word_1_379' title='bbox 1096 4904 1131 4957; x_wconf 85' lang='lat' dir='ltr'>ed</span> <span class='ocrx_word' id='word_1_380' title='bbox 1149 4904 1258 4958; x_wconf 61' lang='lat' dir='ltr'>unumf‘</span> 
     </span>
    </p>

    <p class='ocr_par' dir='ltr' id='par_1_11' title="bbox 544 4992 1346 5063">
     <span class='ocr_line' id='line_1_43' title="bbox 544 4992 1346 5063; baseline 0 -18"><span class='ocrx_word' id='word_1_381' title='bbox 544 4998 554 5025; x_wconf 82' lang='lat'><strong>⁴</strong></span> <span class='ocrx_word' id='word_1_382' title='bbox 574 4993 615 5046; x_wconf 80' lang='lat' dir='ltr'>Cf.</span> <span class='ocrx_word' id='word_1_383' title='bbox 637 4994 666 5046; x_wconf 86' lang='lat' dir='ltr'>S.</span> <span class='ocrx_word' id='word_1_384' title='bbox 690 4993 792 5060; x_wconf 69' lang='lat' dir='ltr'>itone,</span> <span class='ocrx_word' id='word_1_385' title='bbox 811 4992 837 5046; x_wconf 82' lang='lat' dir='ltr'>S.</span> <span class='ocrx_word' id='word_1_386' title='bbox 857 4992 939 5046; x_wconf 87' lang='lat' dir='ltr'>theol.</span> <span class='ocrx_word' id='word_1_387' title='bbox 961 4994 986 5057; x_wconf 91' lang='lat'>1,</span> <span class='ocrx_word' id='word_1_388' title='bbox 1005 4992 1030 5058; x_wconf 82' lang='lat'>2,</span> <span class='ocrx_word' id='word_1_389' title='bbox 1050 5009 1076 5062; x_wconf 91' lang='lat' dir='ltr'>q.</span> <span class='ocrx_word' id='word_1_390' title='bbox 1098 4993 1138 5057; x_wconf 88' lang='grc'>10,</span> <span class='ocrx_word' id='word_1_391' title='bbox 1158 5010 1182 5047; x_wconf 88' lang='lat' dir='ltr'>a.</span> <span class='ocrx_word' id='word_1_392' title='bbox 1202 4993 1220 5046; x_wconf 85' lang='lat'>4</span> <span class='ocrx_word' id='word_1_393' title='bbox 1238 4992 1254 5047; x_wconf 89' lang='lat' dir='ltr'>i.</span> <span class='ocrx_word' id='word_1_394' title='bbox 1275 5010 1346 5063; x_wconf 89' lang='lat' dir='ltr'>corp.</span> 
     </span>
    </p>
   </div>
   <div class='ocr_carea' id='block_1_5' title="bbox 0 0 1963 5842">
    <p class='ocr_par' dir='ltr' id='par_1_12' title="bbox 0 0 1963 5842">
     <span class='ocr_line' id='line_1_44' title="bbox 0 0 1963 5842; baseline 0 0"><span class='ocrx_word' id='word_1_395' title='bbox 0 0 1963 5842; x_wconf 95' lang='lat' dir='ltr'> </span> 
     </span>
    </p>
   </div>
  </div>
 </body>
</html>
