3909 5842
542 635 582 689 Ds
600 635 779 689 facultatibus
797 638 829 689 ut
846 638 913 689 suut
930 634 1113 689 iustrumenta
1131 636 1253 689 naturae.
1500 636 1519 701 9

366 812 460 879 Hanc
483 812 603 897 quippe
627 811 787 877 unitatem
811 811 916 893 exigit
939 810 1012 894 ipsa
1035 810 1172 895 physica
1195 810 1304 876 unitas
1330 810 1432 889 entis,
1457 832 1521 893 qua

272 920 362 984 idem
386 919 597 987 constituitur
625 940 725 985 unum
755 916 959 1003 suppositum
983 917 1167 984 activitatis
1195 917 1365 985 naturalis.
1412 916 1521 999 Atque

274 1025 323 1092 ita
353 1026 422 1091 lieri
452 1028 574 1111 potest,
604 1028 643 1090 ut
668 1024 801 1107 aliquod
823 1024 976 1091 naturale
1000 1023 1216 1107 compositum
1239 1023 1366 1089 ratione
1389 1043 1522 1088 suorum

273 1131 545 1199 constituentium
560 1135 735 1213 utrumque
750 1130 927 1197 creationis
942 1130 1088 1197 ordinem
1105 1150 1206 1215 supra
1222 1133 1520 1207 commemoratum,

274 1242 308 1305 et
331 1242 483 1305 moralem
505 1238 631 1304 scilicet
654 1243 690 1305 ct
710 1240 885 1325 physicum,
915 1240 1056 1304 alterum
1080 1238 1176 1303 alteri
1200 1235 1455 1313 subordinatum,
1486 1234 1519 1300 in

273 1366 355 1411 suae
384 1354 524 1411 acturae
545 1348 668 1411 unitate
690 1345 876 1430 participet,
907 1350 942 1411 et
970 1344 1018 1411 sic
1042 1345 1188 1411 ordinem
1211 1342 1396 1411 naturalem
1420 1342 1522 1409 totius

274 1450 421 1517 universi
443 1451 478 1517 in
500 1472 537 1517 se
558 1454 728 1533 tamquam
751 1452 784 1516 in
805 1452 1019 1516 microcosmo
1036 1454 1272 1535 repraesentet.
1307 1450 1352 1515 Et
1367 1449 1435 1516 tsle
1451 1447 1521 1531 qui·
1560 1488 1564 1497 ·

274 1558 348 1623 dem
373 1558 588 1641 compositum
611 1558 645 1622 in
667 1557 718 1622 his
740 1557 839 1623 terris
862 1558 968 1623 solum
991 1556 1153 1623 hominem
1177 1578 1250 1623 esse
1274 1559 1414 1623 constat.

296 1760 314 1841 ξ
338 1762 370 1827 2.
417 1760 473 1826 De
496 1758 786 1827 facultatibus
808 1762 853 1825 ut
875 1762 974 1823 sunt
997 1758 1286 1824 instrumenta
1309 1760 1498 1823 naturae.

273 1898 318 1970 12.
375 1925 381 1933 ’
410 1898 547 1971 Διίοωα
568 1896 603 1969 V.
652 1900 762 1965 Omnis
792 1903 874 1966 actio
903 1901 1066 1965 naturalis
1098 1922 1118 1965 a
1148 1907 1269 1965 arctura
1295 1901 1439 1984 procedit
1466 1920 1521 1985 opc

272 2008 474 2091 facultatum,
497 2029 580 2094 quae
594 2009 692 2093 proin
708 2015 743 2072 ut
757 2008 884 2071 totidem
902 2008 1112 2073 iustrumcutu
1129 2005 1241 2071 haberi
1257 2007 1367 2071 debeat
1384 2013 1522 2073 naturae

275 2114 497 2181 subordinate.
544 2194 549 2203 Ι

363 2229 456 2295 Haec
483 2229 608 2295 veritas
637 2234 807 2311 tamquam
831 2226 1037 2293 corollarium
1067 2226 1140 2293 fluit
1163 2248 1205 2292 ex
1228 2228 1284 2306 iis,
1317 2247 1399 2309 quae
1422 2248 1521 2311 supra

275 2334 319 2417 (n.
336 2335 372 2418 5)
390 2335 433 2401 de
454 2335 530 2401 idea
551 2336 691 2402 actionis
715 2333 868 2418 exposita
889 2340 977 2400 suut.
1014 2332 1099 2400 Saue
1124 2336 1159 2399 τὸ
1183 2357 1248 2401 csse
1270 2337 1441 2401 creaturae
1457 2355 1521 2400 non

275 2446 326 2508 est
347 2442 436 2509 idem
459 2463 498 2508 ac
513 2443 584 2507 eius
599 2462 710 2524 agere,
733 2445 849 2524 utpote
865 2440 951 2522 quod
966 2441 1126 2525 probatur
1142 2462 1214 2507 esse
1229 2462 1354 2507 merum
1370 2440 1521 2507 accidens

275 2546 377 2625 illius;
401 2568 497 2614 secus
520 2548 607 2613 enirn
631 2569 689 2613 eus
708 2552 855 2613 creatum
878 2568 972 2613 suam
996 2546 1157 2613 actionem
1182 2568 1286 2629 neque
1302 2546 1520 2613 intermittere

276 2673 429 2735 umquam
452 2668 558 2736 neque
580 2656 710 2719 mutare
732 2661 855 2737 posset.
889 2653 928 2719 In
951 2653 1038 2719 omui
1061 2652 1163 2734 igitur
1185 2652 1330 2718 subiecto
1355 2656 1465 2718 creato
1482 2673 1521 2717 eo

275 2758 354 2841 ipso,
379 2760 466 2843 quod
489 2782 511 2826 a
525 2765 616 2827 statu
632 2759 752 2843 quietis
772 2760 814 2825 sd
830 2764 955 2827 statum
971 2760 1110 2827 actionis
1125 2758 1267 2825 transire
1283 2762 1402 2841 potest,
1428 2762 1521 2825 ante·

276 2865 430 2933 oedeutcr
453 2867 495 2933 ad
519 2870 629 2933 actum
652 2866 872 2951 praesupponi
888 2865 986 2931 debet
1005 2865 1134 2947 aliquod
1150 2886 1245 2950 possc
1261 2888 1353 2953 apere
1369 2864 1411 2943 id,
1437 2864 1522 2947 quod

277 2972 452 3038 actualiter
473 2974 616 3039 nondum
639 2959 720 3055 agit,
745 2974 767 3039 i.
791 2995 820 3039 e.
843 2972 996 3047 facultas,
1020 2992 1079 3056 per
1103 2974 1231 3054 quam1.

275 3107 317 3177 13.
408 3110 545 3183 Axiome
566 3110 619 3183 vl.
667 3114 818 3180 Facultas
846 3136 906 3200 per
930 3136 962 3179 se
985 3114 1031 3179 act
1054 3122 1158 3179 actum
1180 3134 1284 3198 praua
1310 3122 1352 3177 cst
1376 3116 1406 3177 ui
1427 3116 1520 3197 pria·

276 3220 350 3303 cipit
365 3222 503 3303 motoris,
525 3241 565 3285 sa.
584 3228 733 3303 naturae,
756 3221 848 3286 cuius
862 3206 1105 3285 instrumentum
1124 3226 1167 3284 est
1182 3218 1335 3301 (Acioma
1353 3218 1396 3301 I),
1412 3240 1520 3285 oerum

276 3331 308 3387 ut
338 3348 375 3390 ex
406 3328 525 3389 inertia
554 3328 590 3390 iu
620 3334 724 3390 actum
755 3328 895 3392 transire
924 3329 1033 3410 possit,
1064 3326 1186 3410 iadtpet
1215 3326 1329 3391 obiecto
1357 3326 1418 3389 sibi
1440 3324 1520 3410 (ipsi

273 3428 437 3512 facultati)
460 3438 597 3514 exterus,
621 3454 682 3518 quo
707 3434 866 3497 excitetur.

360 3545 447 3611 Nam
470 3544 504 3611 iu
527 3546 662 3612 nihilum
679 3550 773 3613 actus
786 3546 923 3613 tendere
938 3545 1063 3628 nequit,
1089 3550 1132 3623 et,
1150 3546 1212 3611 nisi
1229 3546 1392 3611 obiectum
1413 3544 1516 3628 facul·

276 3655 331 3716 lati
353 3656 443 3719 esset
466 3656 655 3731 externum,
685 3657 793 3730 actus,
822 3673 886 3735 quo
910 3652 1093 3719 subiectum
1117 3674 1219 3735 agens
1243 3652 1275 3717 in
1299 3650 1378 3717 illud
1402 3652 1517 3729 tendit,

275 3761 379 3824 motus
403 3778 486 3837 esse,
510 3758 531 3826 i.
556 3779 584 3825 e.
608 3759 688 3838 fieri,
716 3780 780 3824 non
803 3762 926 3843 posset.
973 3759 1034 3841 (At
1058 3758 1103 3823 nil
1127 3760 1231 3839 obest,
1256 3759 1332 3841 quin
1356 3758 1517 3825 obiectum

276 3861 316 3928 sit
336 3865 399 3949 ipsi
422 3866 556 3931 subiecto
580 3865 693 3948 agenti
715 3865 904 3949 internum.)
940 3866 1019 3931 lnde
1040 3866 1164 3950 pariter
1188 3866 1290 3949 liquet
1313 3866 1516 3943 facultatem,

276 3966 347 4035 dum
374 3972 483 4039 tendit
509 3971 680 4053 inactum,
711 3993 774 4054 quo
798 3972 1011 4057 compleatur,
1042 3974 1178 4038 tendere
1202 3994 1330 4055 quoquo
1353 3972 1517 4037 mediante

276 4080 348 4141 actu
377 4078 413 4143 in
443 4078 530 4143 idem
561 4078 641 4144 illud
672 4080 840 4161 obiectum,
872 4080 905 4143 in
936 4078 1022 4162 quod
1054 4084 1148 4146 actus
1179 4078 1287 4145 tendit
1318 4078 1515 4145 immediate.

276 4178 377 4257 Quare
412 4186 563 4251 obiectum
597 4184 757 4251 rationem
791 4185 892 4252 habet
927 4188 1155 4271 complemeati,
1191 4206 1255 4269 quo
1290 4189 1324 4251 et
1359 4194 1447 4251 actus
1482 4190 1516 4250 et

275 4285 410 4366 facultas
432 4290 632 4375 perficiatur.

276 4422 318 4495 ll.
405 4426 542 4502 Axium
572 4428 640 4503 vll.
687 4436 956 4515 Oraernaolmodum
990 4436 1114 4500 diuerso
1143 4434 1204 4518 fiai
1228 4434 1426 4518 particulari
1456 4434 1514 4497 ali·

277 4538 361 4602 cuius
379 4531 470 4604 ¹cutis
501 4540 628 4605 diucrsa
653 4548 774 4605 natura
797 4543 974 4626 respondet,
1006 4544 1051 4606 ita
1074 4542 1262 4606 obiectorum
1286 4542 1456 4605 diuersitas
1479 4542 1513 4605 iu

278 4642 374 4707 eodem
397 4648 490 4711 etium
514 4647 649 4712 subiecto
673 4648 817 4712 diuersas
838 4646 1008 4728 facultates
1031 4646 1194 4733 specificat.

360 4888 369 4919 ¹
387 4888 500 4953 Δύναμις
516 4889 622 4957 λέγεται
640 4892 657 4960 ἡ
675 4892 725 4955 μὲν
743 4892 814 4961 ἀρχὴ
833 4891 959 4960 κινήσεως
974 4891 1156 4960 ἢμεταβολῆς
1169 4892 1184 4960 ἡ
1198 4893 1225 4943 ἐν
1239 4892 1321 4958 ἑτέρῳ
1335 4884 1353 4962 ᾗ
1366 4890 1474 4957 ἕτερον.
1485 4928 1505 4941 ..

277 4968 332 5037 tt
351 4973 394 5044 cp
413 4979 508 5047 capsa
526 4972 545 5050 ᾗ
563 4978 663 5047 east.
700 4980 795 5047 Aras,
814 4979 935 5049 neapo.
956 4978 973 5033 1.
992 4980 1018 5043 4,
1038 4996 1059 5033 a.
1082 4980 1123 5043 12,
1144 4980 1221 5043 roro,
1242 4994 1266 5043 a,
1288 4980 1329 5032 15.
