3909 5842
432 678 497 743 300
651 673 741 727 Sectio
760 674 780 726 I.
818 672 898 727 Liber
915 671 963 726 IV.
1001 671 1090 744 Caput
1108 671 1141 727 ll.
1179 671 1320 726 Articulus
1340 672 1363 724 1.
1401 670 1464 738 52.

430 851 548 916 merito
572 850 619 914 illi
642 852 851 928 censuerunt,
875 847 964 914 alind
989 869 1061 914 esse
1084 850 1231 930 bominis,
1256 867 1354 931 quam
1370 847 1433 912 Dei
1448 845 1694 912 excellentiam

432 961 622 1040 contemptu
652 955 784 1034 habere,
816 953 903 1020 aliud
931 955 1061 1020 divinoe
1083 957 1260 1019 maiestatis
1283 951 1464 1036 imperium,
1497 971 1606 1033 quam
1630 951 1695 1015 nu-

430 1083 547 1127 manae
571 1063 707 1126 rationis
734 1059 1001 1144 „imperativum‘
1030 1059 1162 1124 eludere
1186 1058 1281 1124 velle.
1328 1056 1429 1123 Nulla
1451 1055 1558 1139 igitur
1585 1057 1694 1122 etiam

366 1179 368 1183 ’
431 1167 466 1232 in
489 1167 604 1233 ordine
626 1187 716 1232 mere
739 1163 963 1250 philosophico
986 1164 1130 1247 genuina
1146 1163 1253 1230 virtus
1269 1184 1342 1230 esse
1358 1167 1478 1247 potest,
1503 1183 1597 1244 quae
1614 1163 1696 1228 reli-

432 1275 526 1358 giosa
547 1273 780 1340 informatione
803 1272 935 1356 penitus
958 1276 1073 1338 careat
1097 1271 1152 1354 (cf.
1177 1291 1209 1338 n.
1235 1271 1324 1353 258).

433 1409 501 1480 337.
589 1409 760 1481 Sdllollum.
803 1419 839 1478 In
867 1419 978 1478 actuali
1005 1419 1212 1496 providentiae
1240 1417 1343 1477 ordine
1370 1419 1444 1477 haec
1471 1418 1539 1494 ipsa
1569 1417 1693 1476 veritas

433 1515 544 1575 arctius
573 1516 695 1576 definita
722 1523 778 1578 est.
799 1517 894 1577 ·Nam
915 1523 1072 1595 postquam
1093 1519 1175 1577 Deus
1196 1517 1370 1592 religionem
1392 1516 1593 1575 christianam
1622 1517 1694 1591 lege

433 1613 579 1672 sancitam
600 1633 667 1672 esse
687 1613 798 1685 voluit,
819 1616 902 1674 nulla
922 1615 982 1674 alia
1003 1616 1099 1675 virtus
1120 1619 1241 1692 praeter
1261 1613 1453 1674 christianam
1474 1613 1525 1673 vel
1547 1613 1621 1673 Deo
1644 1633 1695 1672 ac-

433 1715 520 1786 cepta
540 1709 589 1768 vel
610 1710 721 1770 homini
748 1712 890 1771 salutaris
918 1731 985 1772 esse
1015 1717 1123 1790 potest.
1165 1711 1325 1772 Praeterea
1353 1713 1428 1771 haec
1448 1729 1501 1788 per
1523 1730 1557 1770 se
1581 1717 1634 1772 tot
1657 1731 1695 1770 ac

432 1807 527 1867 tantis
554 1808 772 1884 praerogativis
799 1810 923 1884 gaudet,
951 1814 985 1869 ut
1005 1809 1043 1881 ii,
1072 1809 1122 1886 qui
1143 1829 1178 1868 ea
1198 1809 1393 1886 pertinaciter
1413 1809 1527 1868 reiecta
1548 1809 1583 1868 in
1608 1829 1695 1869 mere

432 1905 636 1965 rationalismo
664 1910 694 1965 et
721 1906 914 1967 naturalismo
942 1907 999 1966 sibi
1028 1907 1229 1983 complacent,
1258 1907 1352 1984 ipsius
1380 1907 1528 1966 naturalia
1556 1907 1696 1968 rationis

432 2001 603 2062 testimonio
631 2004 872 2063 condemnentur.
913 2003 1018 2063 Virtus
1043 2003 1151 2080 quippe
1178 2004 1429 2080 supernaturalis,
1457 2023 1534 2081 quae
1562 2023 1626 2081 ope
1648 2023 1696 2062 re

434 2098 554 2174 ligionis
576 2099 757 2160 christianae
778 2106 950 2172 exercetur,
982 2107 1123 2177 qnantum
1144 2099 1285 2161 virtutem
1314 2101 1480 2161 naturalem
1510 2101 1697 2171 antecellat,

434 2197 482 2256 his
503 2197 631 2256 maxime
653 2197 800 2274 capitibus
820 2198 966 2273 refulget:

526 2296 552 2354 1.
573 2295 695 2355 Ratione
713 2299 789 2371 finio.
831 2295 943 2372 Nempe
964 2315 1021 2371 quo
1043 2295 1190 2356 excelsior
1210 2295 1279 2355 finis
1300 2301 1363 2369 est,
1395 2297 1432 2354 ad
1453 2315 1540 2372 quem
1562 2296 1697 2355 virtutis

437 2411 524 2452 omne
545 2392 674 2453 studium
694 2394 832 2465 refertur,
855 2414 890 2454 eo
912 2394 1002 2453 etiam
1025 2394 1179 2454 sublimior
1199 2395 1266 2470 ipsa
1286 2395 1383 2453 virtus
1403 2394 1444 2453 sit
1464 2398 1596 2471 oportet.
1629 2395 1697 2453 Iam

437 2509 509 2549 vero
536 2490 604 2549 finis
630 2491 850 2550 arevelatione
878 2490 1043 2550 christiana
1071 2491 1242 2568 propositus
1271 2509 1386 2550 omnem
1406 2489 1575 2549 naturalem
1601 2491 1698 2550 desti·

439 2588 589 2646 nationem
610 2588 699 2662 longe
726 2593 856 2664 superat.
897 2587 956 2646 Per
975 2587 1032 2646 Dei
1057 2588 1136 2648 enim
1155 2589 1278 2648 liberam
1300 2586 1523 2664 dispositionem
1546 2585 1611 2645 iam
1635 2607 1698 2646 non

439 2685 477 2742 ad
498 2683 695 2758 cognitionem
721 2690 853 2757 tantum,
882 2684 1046 2744 sedetiam
1066 2685 1105 2744 ad
1124 2689 1260 2746 visionem
1285 2685 1404 2744 divinae
1424 2683 1578 2744 essentiae
1603 2691 1699 2761 atque

440 2782 478 2840 ad
508 2782 601 2841 totius
636 2782 763 2841 hominis
797 2782 1055 2858 regenerationem
1089 2801 1142 2859 per
1172 2786 1325 2859 potentem
1354 2781 1514 2841 salvatoris
1545 2782 1700 2842 mutem

440 2898 590 2940 vocamur.

521 2980 547 3037 2.
577 2978 699 3037 Ratione
726 2981 830 3038 matini.
871 2977 1025 3038 Naturalis
1053 2978 1174 3038 virtutis
1204 2977 1347 3038 motivum
1377 2976 1459 3037 sistit
1487 2976 1518 3035 in
1547 2977 1699 3037 rationali

440 3074 606 3134 honestatis
627 3078 715 3150 atque
736 3074 812 3150 legis
833 3075 1019 3151 cognitione;
1050 3075 1230 3135 christianae
1250 3094 1321 3136 vero
1342 3075 1462 3135 virtutis
1482 3074 1635 3134 motivum
1658 3095 1699 3133 ex

441 3173 541 3233 divina
562 3173 620 3233 fide
640 3171 767 3250 petitur,
796 3192 871 3249 quae
893 3172 1024 3248 cognitio
1045 3191 1104 3231 uon
1126 3174 1220 3232 solum
1243 3173 1350 3232 clarior
1372 3178 1402 3232 et
1423 3172 1460 3232 ad
1481 3191 1569 3231 usum
1590 3173 1698 3248 magis

440 3270 597 3348 explicita,
625 3270 678 3329 sed
705 3269 795 3329 etiam
823 3271 947 3342 certior,
975 3274 1078 3348 utpote
1105 3289 1180 3346 quae
1209 3289 1268 3329 non
1289 3271 1436 3329 abstrusis
1458 3274 1488 3329 et
1507 3269 1697 3346 praesertim

439 3369 469 3427 in
498 3387 610 3429 morum
638 3367 795 3444 disciplina
821 3367 945 3426 incertis
973 3387 1064 3444 saepe
1092 3367 1258 3426 ratiociniis
1289 3367 1467 3444 acquiritur,
1499 3367 1550 3426 sed
1581 3368 1696 3426 summi

440 3465 496 3524 Dei
525 3464 673 3542 sapientia
701 3470 732 3523 et
760 3464 927 3524 veracitate
954 3464 1084 3524 firlcitur.
1133 3464 1229 3524 Tanto
1258 3470 1357 3525 autem
1387 3465 1494 3524 fortior
1523 3469 1555 3522 et
1585 3467 1697 3540 purior

439 3563 542 3640 procul
564 3562 653 3621 dubio
680 3567 785 3622 nostra
805 3562 902 3621 virtus
922 3562 995 3634 erit,
1025 3567 1134 3638 quante
1163 3561 1271 3621 clarius
1300 3567 1330 3622 et
1357 3561 1469 3622 certius
1495 3569 1560 3622 tum
1589 3561 1695 3639 ipsam

439 3661 535 3734 legem
555 3664 618 3717 tum
639 3658 829 3735 obligationis
849 3662 1000 3719 momenta
1020 3659 1197 3719 noverimus.
1228 3659 1390 3718 Praeterea
1410 3657 1475 3718 fieri
1495 3678 1556 3718 non
1577 3665 1694 3736 potest,

439 3761 473 3817 ut
487 3756 584 3815 virtus
604 3762 709 3815 nostra
730 3777 790 3816 nan
810 3755 987 3816 intensitate
1008 3762 1039 3816 et
1053 3756 1188 3816 efficacia
1203 3763 1321 3816 crescat
1334 3775 1387 3833 pro
1402 3761 1561 3832 augmento
1576 3759 1694 3818 amoris

440 3867 471 3914 at
490 3855 677 3914 reverentias
698 3875 769 3931 erga
790 3857 895 3917 Deum.
924 3854 988 3926 Quo
1009 3860 1097 3932 pacto
1119 3860 1218 3915 autem
1240 3856 1301 3928 fiat,
1323 3861 1357 3915 ut
1377 3855 1559 3915 christianus
1581 3855 1692 3924 Deum,

440 3951 534 4023 cuius,
555 3957 589 4012 ut
608 3953 652 4012 ita
673 3953 784 4025 dicam,
805 3955 868 4014 fere
889 3953 1055 4030 penetralia
1076 3953 1247 4029 cognoscit,
1269 3972 1354 4029 quem
1374 3952 1434 4012 iam
1454 3971 1515 4012 non
1535 3953 1636 4012 solum
1658 3959 1693 4013 ut

439 4058 604 4112 creatorem
617 4072 652 4111 ac
668 4053 825 4120 dominum,
847 4052 899 4112 sed
916 4058 947 4111 et
961 4059 995 4112 ut
1009 4057 1124 4130 patrem
1145 4052 1382 4112 amantissimum
1403 4071 1438 4110 ac
1459 4051 1690 4129 redemptorem,

440 4171 479 4212 ex
499 4170 599 4210 amore
620 4152 768 4210 hominem
789 4152 901 4210 factum
922 4155 1011 4227 atque
1033 4155 1166 4210 extrema
1186 4170 1307 4226 passum
1329 4149 1562 4226 contemplatur,
1590 4151 1691 4227 magis

440 4268 500 4308 non
520 4254 694 4308 revereatur
716 4248 899 4325 diligatque?

531 4348 557 4405 3.
583 4347 704 4405 Ratione
730 4348 834 4406 obiecti.
878 4345 1024 4420 Quidquid
1045 4350 1092 4404 eet
1113 4345 1257 4406 obiectum
1278 4344 1399 4404 virtutis
1424 4345 1586 4416 naturalis,
1614 4345 1688 4404 illud

441 4443 528 4502 simul
556 4448 603 4502 est
624 4443 821 4515 christianae,
849 4443 1011 4502 secundum
1039 4442 1111 4502 illud
1133 4443 1160 4502 S.
1183 4442 1327 4502 Thomas:
1360 4441 1484 4516 „Gratia
1511 4462 1569 4501 non
1598 4443 1687 4514 tollit,

439 4541 492 4600 ssd
512 4541 629 4616 perficit
648 4543 802 4600 naturam“
817 4546 839 4613 ¹;
869 4547 901 4600 at
922 4541 1088 4600 christiana
1109 4541 1204 4599 virtus
1233 4540 1355 4618 insuper
1381 4540 1467 4617 plura
1488 4539 1548 4599 alia
1569 4545 1601 4598 et
1621 4543 1687 4600 snb

439 4636 555 4696 limiora
577 4637 693 4696 obiecta
714 4656 750 4696 ex
773 4636 874 4695 divina
894 4637 1083 4696 institutione
1105 4637 1319 4714 complectitur.

528 4735 558 4792 4.
578 4735 699 4792 Ratione
719 4733 922 4793 subsidiorum.
964 4733 1092 4792 Virtutis
1119 4733 1266 4793 naturalis
1295 4733 1468 4793 exercitium
1497 4753 1550 4810 per
1571 4751 1605 4792 se
1625 4751 1684 4792 non

441 4830 517 4889 alias
538 4849 624 4906 quam
652 4837 777 4890 naturae
798 4830 878 4891 vires
900 4831 1041 4907 postulat.
1083 4831 1125 4890 Ut
1153 4835 1252 4890 autem
1273 4831 1370 4891 virtus
1392 4829 1613 4908 supernaturali
1634 4830 1684 4889 fini

536 4997 544 5027 ¹
564 4995 590 5049 S.
610 4995 691 5049 theol.
713 4998 736 5059 1,
756 5014 780 5064 q.
803 4999 825 5061 l,
844 5013 868 5049 a.
888 4995 905 5050 8
924 4993 958 5047 ad
977 4993 1003 5049 2.
