3909 5842
393 599 459 662 232
610 594 701 650 Sectio
719 595 741 650 1.
776 595 858 651 Liber
874 597 924 651 111.
960 599 1050 670 Caput
1068 601 1102 656 ΙΙ.
1139 601 1283 656 Articulns
1300 601 1327 654 4.
1365 599 1428 668 §2-

391 775 600 842 commodata
625 794 685 858 per
707 795 744 840 se
766 775 838 840 sola
859 775 1026 842 sufficiens
1048 783 1204 862 apparet,
1235 783 1274 846 ut
1303 779 1369 846 iam
1394 778 1580 846 nonaum
1614 778 1659 843 de

391 881 575 946 hominibus
598 884 826 964 conqueratur,
860 882 935 963 ,qui
961 884 1113 965 quamvis
1142 884 1335 951 existiment
1359 883 1524 950 iustitiam
1549 883 1587 948 in
1619 905 1659 948 ac

390 986 609 1070 pulchriorem
640 985 766 1068 disque
797 987 1016 1070 acceptiorem
1048 1010 1121 1056 esse
1154 1010 1253 1072 quam
1283 989 1495 1068 iniustitiam,
1528 989 1659 1054 nihilo·
1796 1007 1797 1042 ι

391 1092 499 1158 minus
521 1091 584 1156 sibi
605 1094 743 1176 fingant,
772 1091 822 1160 ita
845 1097 1054 1176 comparatas
1077 1115 1150 1161 esse
1172 1095 1335 1162 humanas
1359 1117 1422 1174 res,
1455 1100 1494 1163 ut
1518 1116 1566 1162 ex
1589 1096 1659 1160 im-

391 1196 558 1282 probitate
581 1196 655 1280 plus
677 1197 850 1264 hauriatur
872 1200 1083 1266 emolumenti
1107 1222 1204 1283 quarn
1230 1223 1273 1268 ex
1297 1201 1506 1269 honestate'.

481 1301 515 1384 b)
540 1304 647 1389 Nepae
674 1304 819 1389 perfecta
849 1312 893 1369 eat
922 1308 958 1370 in
982 1309 1107 1372 ratione
1129 1309 1281 1374 iustitiae.
1328 1305 1537 1390 Quamquam
1564 1307 1659 1371 enim
1791 1314 1797 1364 ἵ

391 1407 492 1474 etiam
522 1409 556 1474 in
586 1409 637 1474 his
666 1409 766 1476 terris
794 1409 927 1476 interna
948 1411 1069 1478 saltem
1092 1413 1192 1478 animi
1215 1413 1359 1480 felicitas
1383 1413 1486 1480 solius
1511 1412 1661 1478 virtutis

390 1514 569 1598 pedisequa
601 1535 675 1580 csse
708 1515 935 1598 cognoscitur,
970 1538 1035 1582 non
1068 1539 1144 1584 raro
1177 1523 1290 1585 lamen
1324 1519 1482 1585 virtutem
1517 1538 1660 1601 quoque
1797 1521 1798 1532 ¹

390 1620 624 1704 multiplicibus
639 1620 735 1686 malis
756 1621 913 1699 externis,
936 1643 997 1706 per
1018 1621 1182 1705 integram
1206 1625 1311 1692 vitam
1327 1626 1386 1690 vix
1402 1644 1561 1708 umquam
1579 1645 1658 1688 ces·

391 1727 552 1804 sontibus,
564 1727 663 1792 immo
675 1727 838 1794 interdum
850 1727 932 1812 ipsis
941 1728 984 1793 iis
995 1730 1091 1795 maha
1103 1729 1263 1797 afflictam
1275 1731 1437 1810 videmus,
1448 1751 1536 1813 quae
1548 1731 1659 1796 bene-

392 1834 492 1901 factis
522 1839 558 1901 et
586 1835 674 1900 fideli
704 1835 936 1902 observatione
965 1836 1049 1918 legis
1079 1841 1250 1904 contracta
1282 1843 1370 1904 sunt.
1418 1837 1447 1902 Ε
1478 1835 1659 1902 contrario

390 1945 502 2009 autem
526 1941 642 2006 vitium
665 1940 700 2005 in
722 1941 773 2006 his
795 1942 895 2007 terris
917 1942 1109 2024 frequenter
1130 1943 1294 2026 gloriatur
1317 1943 1493 2027 multiplici
1512 1947 1549 2008 et
1565 1941 1660 2008 satis

391 2046 568 2124 constanti,
591 2047 712 2112 saltem
732 2052 881 2125 externa,
905 2049 1136 2132 prosperitate.
1168 2049 1265 2115 Unde
1281 2049 1366 2133 legis
1381 2049 1524 2120 sanctio.
1549 2053 1659 2132 prout
1797 2041 1798 2088 ³

391 2153 432 2220 de
453 2154 545 2222 facto
568 2154 602 2219 in
624 2154 791 2238 praesenti
814 2154 887 2221 vita
908 2161 1059 2238 apparet,
1082 2156 1269 2222 nouaclum
1285 2155 1466 2222 secundum
1482 2155 1657 2221 rationem

389 2260 498 2328 meriti
522 2264 558 2326 et
581 2259 731 2327 demeriti
753 2281 820 2325 non
842 2259 1039 2342 adaequata,
1064 2260 1121 2326 sed
1145 2261 1243 2345 plane
1266 2259 1464 2344 imperfecta
1495 2265 1657 2344 apparot.

390 2397 460 2469 263.
549 2397 711 2471 Probatur
731 2417 810 2490 pm
832 2397 875 2470 IL
909 2403 1066 2468 Eiusdem
1089 2425 1161 2468 vcro
1184 2405 1261 2486 lepis
1283 2405 1406 2468 surmio
1427 2406 1548 2468 intuitu
1566 2407 1659 2470 vitoe

389 2508 524 2590 futurae
547 2515 649 2572 artat
671 2514 700 2570 ct
722 2507 885 2589 suffimen
908 2516 938 2574 ct
954 2509 1109 2592 perfecta.

480 2619 614 2699 Arpum.
630 2615 659 2678 I.
691 2614 725 2679 Ε
738 2615 858 2679 divinis
877 2614 1125 2699 perfectionibus
1140 2620 1316 2696 utrumque
1331 2615 1529 2681 assertionis
1546 2635 1656 2680 mem-

391 2721 486 2786 brum
510 2719 684 2786 evincitur.
730 2719 864 2785 Sanctio
888 2720 966 2785 talis
989 2721 1149 2787 asseritur

483 2831 512 2892 l.
536 2825 722 2910 cometem
743 2825 776 2889 id
800 2825 886 2890 enim
909 2824 1016 2907 exigit
1039 2825 1138 2891 divini
1161 2825 1362 2909 legislatoris
1377 2829 1538 2892 ceaddan
1554 2834 1585 2891 ct
1602 2847 1657 2890 scr-

386 2933 524 3017 picntia.
569 2931 661 2996 Dens
691 2929 821 3014 quippe,
853 2951 918 3013 qua
944 2931 1116 3013 legislator
1138 2935 1273 2996 sanctus
1296 2935 1332 2998 et
1353 2932 1500 3015 sapione,
1533 2931 1656 2997 eadem

391 3037 602 3114 necessitate,
626 3057 693 3119 qua
715 3037 878 3104 creaturis
900 3036 1117 3103 rationalibus
1141 3037 1246 3119 legem
1263 3035 1363 3114 dedit,
1389 3035 1529 3120 apriori
1547 3036 1656 3102 etiam

389 3142 601 3227 cognoscitur
623 3143 768 3208 voluisse
790 3142 933 3207 medium
955 3145 1068 3224 aptum
1093 3147 1127 3208 et
1150 3141 1279 3218 efficax,
1304 3162 1369 3224 quo
1393 3141 1530 3206 easdem
1556 3161 1658 3206 crea-

389 3255 494 3328 turas,
528 3249 624 3315 salva
653 3249 819 3326 libertate,
850 3269 871 3313 a
900 3247 988 3312 malo
1019 3247 1135 3312 morali
1159 3251 1328 3312 coerceret
1357 3251 1393 3312 ct
1423 3245 1466 3312 ad
1498 3246 1657 3311 actiones

388 3358 464 3439 lege
494 3361 693 3441 praeceptas
722 3355 919 3438 impelleret.
966 3353 1059 3418 Alias
1089 3352 1173 3417 enim
1204 3355 1251 3417 uel
1280 3371 1346 3415 non
1378 3351 1466 3418 serio
1500 3351 1656 3417 voluisse

387 3466 483 3548 finem
513 3462 608 3545 legis,
638 3465 685 3527 oet
711 3461 753 3526 ad
777 3462 875 3526 linem
898 3459 985 3524 serio
1008 3458 1146 3523 volitum
1169 3478 1232 3522 non
1256 3457 1445 3523 adhibuisse
1469 3479 1656 3544 congruum

388 3572 541 3653 medium,
564 3569 713 3651 adeoque
736 3570 783 3632 ool
806 3587 870 3632 non
893 3569 1029 3631 sanctus
1051 3567 1098 3630 vel
1120 3583 1185 3628 non
1208 3563 1341 3646 sapiens
1364 3563 1528 3628 dicendus
1547 3569 1656 3630 esset.

388 3679 489 3762 Atqui
511 3673 654 3740 medium
678 3673 727 3738 illi
749 3673 806 3738 tini
829 3675 922 3738 unice
944 3689 1122 3752 congruum
1140 3673 1191 3733 est
1207 3671 1285 3752 lepis
1299 3673 1431 3751 condio,
1457 3689 1568 3750 eaque
1584 3689 1655 3734 non

389 3781 647 3865 qualiscumque,
671 3780 730 3845 sed
753 3800 813 3863 per
831 3799 868 3843 se
884 3777 1057 3859 sufficiens.
1093 3777 1178 3840 Num
1202 3777 1274 3841 sola
1296 3777 1429 3857 condio,
1455 3773 1475 3838 i.
1494 3794 1524 3840 e.
1551 3793 1656 3857 prae-

389 3888 491 3954 mium
520 3885 727 3970 propositum
751 3903 811 3968 pro
834 3881 952 3947 morali
974 3882 1059 3946 bono
1083 3885 1118 3946 ct
1140 3901 1247 3963 poena
1270 3899 1329 3962 pro
1352 3879 1450 3954 malo,
1483 3879 1655 3945 motivum

388 3995 553 4060 humanae
575 3991 743 4057 voluntati
766 3989 927 4071 suggerit,
951 3993 1021 4052 tum
1048 3987 1117 4051 eius
1140 3985 1296 4062 libertati,
1320 3989 1389 4050 turn
1413 3985 1565 4051 naturali
1593 3985 1655 4051 de-

387 4099 509 4167 siderio
529 4098 712 4176 felicitatis,
736 4101 807 4163 tum
823 4091 1078 4175 aequilibrandis
1095 4091 1345 4157 difficultatibus
1360 4091 1498 4156 virtutis
1515 4095 1551 4156 st
1577 4092 1656 4157 ille-

389 4207 496 4274 cebris
518 4204 674 4271 vitiorum
699 4206 966 4268 cousentaneum.
1004 4198 1077 4263 Nisi
1101 4217 1181 4262 vero
1207 4198 1321 4264 eadem
1346 4201 1436 4262 esset
1447 4220 1512 4282 per
1527 4219 1563 4262 ac
1578 4199 1656 4280 suf-

386 4317 506 4399 ficiens,
530 4313 552 4379 i.
570 4333 598 4378 e.
615 4311 678 4376 nisi
694 4309 854 4375 motivum
870 4305 1055 4371 contineret
1078 4303 1261 4368 servandae
1284 4301 1368 4383 legis
1391 4321 1453 4385 per
1475 4321 1514 4366 se
1539 4305 1655 4370 maius

388 4427 424 4487 et
447 4419 644 4503 praevalens
668 4414 795 4482 cunctis
818 4409 1001 4478 rationibus
1024 4409 1095 4473 sive
1119 4408 1160 4474 ab
1185 4429 1225 4473 ea
1248 4407 1494 4473 deterrentibus
1514 4407 1591 4473 sive
1609 4409 1654 4475 ad

389 4527 496 4592 vetita
519 4521 784 4596 sollicitantibus,
809 4519 906 4600 idque
929 4515 1080 4582 absolute
1103 4535 1162 4599 pro
1182 4513 1267 4578 omni
1284 4513 1450 4578 hominum
1470 4533 1602 4594 genere
1619 4521 1656 4582 et

390 4655 449 4718 pro
465 4632 553 4698 omni
570 4651 648 4697 casu
665 4625 887 4710 obligationis,
911 4622 1051 4687 medium
1069 4625 1159 4686 esset
1174 4619 1377 4700 assequendo
1393 4617 1462 4696 fini,
1487 4617 1532 4682 ad
1550 4640 1654 4700 quem

388 4739 571 4812 ordinatur,
594 4757 656 4820 per
677 4755 715 4800 se
737 4734 845 4815 impar
867 4733 902 4794 et
923 4729 1000 4793 hinc
1023 4727 1134 4792 divina
1156 4725 1319 4809 sapientia
1341 4723 1525 4806 indignum.
1561 4727 1656 4812 Erpo

481 4927 488 4957 ¹
508 4922 585 4978 Orat,
605 4921 639 4974 de
658 4922 775 4989 permut.
