3909 5842
438 662 501 729 378
663 657 752 714 Seruo
771 657 805 712 ll.
842 657 923 712 Liber
941 658 974 712 II.
1012 657 1102 728 Caput
1118 656 1140 710 1.
1178 655 1319 711 Articulum
1337 656 1363 710 3.
1401 655 1469 724 ἐι.

753 833 770 916 ξ
797 837 825 901 1.
861 835 917 900 Dc
948 834 1100 900 officio
1128 833 1170 899 in
1199 853 1364 917 genere.

436 959 507 1030 449.
601 959 748 1044 Officium
772 958 921 1042 (Pfiicht)
944 959 1122 1026 universim
1146 963 1181 1025 et
1204 959 1360 1025 abstracte
1386 963 1570 1042 sumptum
1602 979 1693 1041 quae·

436 1067 518 1132 libat
547 1065 704 1148 obligatio
734 1064 863 1144 dicitur,
896 1087 960 1148 qua
991 1065 1063 1148 quis
1093 1065 1127 1130 vi
1154 1065 1325 1131 rationalis
1348 1065 1480 1131 ordinis
1505 1065 1554 1130 ad
1579 1065 1693 1148 aliquid

436 1173 621 1239 faciendum
645 1171 698 1237 vel
722 1171 938 1238 omittendum
961 1171 1196 1254 adstringitur;
1224 1170 1257 1235 in
1281 1181 1423 1237 canaan
1447 1175 1573 1238 antam
1597 1171 1694 1255 ipsam

437 1279 600 1346 actionem
624 1279 676 1344 vel
700 1277 906 1344 omissionem
932 1279 1079 1357 denotat,
1103 1299 1202 1362 quam
1224 1278 1282 1344 illa
1305 1277 1467 1361 obligatio
1486 1277 1643 1361 respicit„
1659 1316 1693 1324 —

438 1383 616 1450 Praeterea
644 1383 730 1450 idem
760 1405 877 1450 nomen
901 1386 1002 1468 vulgo
1026 1389 1204 1471 usurpatur
1226 1385 1269 1450 ad
1292 1383 1544 1465 designandum
1569 1383 1696 1466 aliquod

437 1513 554 1557 maana
577 1493 691 1558 sodale
714 1491 785 1557 sive
807 1491 983 1576 publicum,
1008 1493 1079 1558 sive
1101 1493 1277 1576 privatum,
1302 1491 1336 1555 vi
1359 1489 1455 1554 cuius
1472 1490 1519 1567 ei,
1546 1491 1609 1572 qui
1624 1491 1694 1556 illud

438 1597 500 1662 sibi
523 1597 755 1664 demandatum
777 1599 887 1678 babet,
912 1599 1074 1684 speciales
1097 1598 1314 1682 obligationes
1330 1595 1470 1679 (officia)
1487 1597 1696 1663 incumbunt.

439 1707 474 1770 et
496 1705 548 1770 cui
572 1704 641 1770 tere
665 1705 865 1788 respondent
893 1707 1053 1772 vocabula
1083 1705 1286 1790 germanica:
1317 1703 1407 1783 Amt,
1439 1703 1616 1769 amtliche
1638 1705 1697 1770 Ob-

437 1810 624 1893 liegenheit‚
656 1811 768 1895 Pflege
798 1812 897 1896 (unde
927 1817 962 1880 et
985 1813 1104 1880 Pflicht
1127 1813 1270 1878 derivari
1292 1811 1450 1893 videtur).
1475 1849 1528 1860 —
1553 1813 1697 1879 Adran

437 1921 645 2002 praesentem
666 1939 745 1984 vero
769 1920 854 2002 quod
877 1919 1008 1999 attinet,
1032 1941 1092 2004 per
1114 1919 1257 1985 officium
1280 1917 1452 2004 quaesitost
1475 1920 1634 1986 bominis
1653 1923 1696 1986 ob

438 2028 617 2112 lipatrbaem
641 2025 841 2093 intellectam
866 2027 1026 2092 volumus.

526 2131 596 2208 Qua
625 2133 807 2216 praemissa
836 2133 1025 2199 delinitione
1057 2134 1121 2199 duo
1144 2132 1349 2218 potissimum
1373 2131 1414 2196 de
1436 2131 1561 2198 officio
1587 2133 1624 2198 in
1648 2153 1696 2216 gt·-

437 2261 515 2306 nere
539 2238 776 2305 consideranda
800 2239 952 2306 veniunt:

438 2377 509 2450 450.
600 2381 625 2448 Ι.
658 2382 832 2447 Character
862 2385 1036 2474 commanis
1066 2390 1095 2447 et
1124 2383 1301 2447 essentialis
1331 2385 1473 2446 ornatum
1499 2383 1697 2466 officioram.

528 2486 652 2554 Cuncta
676 2488 785 2554 officia
807 2488 840 2553 in
864 2487 1144 2556 coessentialiter
1166 2488 1341 2553 convenire
1360 2507 1500 2552 necesse
1516 2494 1592 2567 est,
1619 2488 1697 2572 qnod

439 2593 478 2658 de
502 2592 670 2658 essentiali
693 2593 820 2659 ratione
838 2591 942 2658 omnis
958 2595 1159 2677 obliqationia
1175 2613 1248 2657 esse
1263 2592 1477 2674 intellegitur.
1511 2592 1597 2658 Iam
1614 2615 1696 2659 vero.

438 2702 476 2764 ut
499 2719 542 2764 ex
564 2719 665 2782 supra
688 2697 921 2765 demonstratis
944 2697 989 2780 (n.
1008 2701 1072 2763 252
1089 2719 1138 2780 sq,
1163 2700 1226 2764 291
1244 2697 1297 2779 sq)
1321 2701 1411 2762 certo
1428 2701 1587 2772 constat.
1613 2700 1696 2764 nulla

438 2803 578 2868 hominis
602 2801 758 2886 obligatio
782 2824 854 2868 esse
869 2807 990 2888 potest,
1016 2823 1100 2885 quaa
1115 2824 1181 2868 non
1197 2804 1250 2868 vel
1266 2803 1409 2869 mediate
1424 2803 1480 2868 vel
1496 2804 1696 2870 immediate
1757 2890 1758 2897 ἵ

437 2909 471 2974 in
502 2908 664 2974 obiectivo
695 2909 848 2975 rationali
879 2909 991 2974 ordine
1015 2909 1163 2992 adeoque
1185 2908 1361 2975 ultimatim
1384 2908 1418 2972 in
1440 2908 1518 2992 ipsa
1543 2913 1619 2996 depe
1644 2935 1697 2976 aa·

437 3017 539 3081 tarali
561 3013 725 3081 fundetur.
766 3015 860 3082 Unde
884 3037 943 3100 per
966 3015 1095 3080 modum
1113 3017 1276 3080 corollarii
1298 3013 1360 3078 hoc
1375 3019 1504 3079 certum
1520 3017 1698 3082 stabilitur

528 3139 735 3206 Generale
764 3141 1034 3224 principium:

570 3247 620 3312 De
649 3249 778 3312 interna
806 3249 929 3313 ratione
959 3247 1058 3330 officii
1088 3255 1142 3329 eat,
1174 3256 1209 3313 at
1238 3249 1280 3312 sit
1306 3247 1450 3328 abicam,
1480 3249 1503 3311 i.
1530 3269 1559 3312 a.
1588 3253 1696 3314 valna

401 3373 422 3393 ·
525 3358 620 3416 tatem
644 3353 680 3416 ia
700 3351 773 3433 foro
797 3353 1006 3418 conscientiae
1029 3354 1194 3417 moraliter
1209 3351 1419 3436 obstringens.
1452 3352 1567 3432 Quare
1585 3377 1694 3419 aerum
1758 3428 1759 3435 ἵ

526 3457 666 3540 officiam
697 3477 759 3522 erae
789 3479 853 3524 noa
881 3464 988 3542 porat,
1019 3459 1103 3542 qaod
1132 3459 1216 3523 bano
1243 3458 1459 3522 characterem
1481 3461 1695 3526 nullomodo

523 3566 708 3650 participat.

437 3703 503 3776 451.
593 3704 634 3769 ΙΙ.
661 3705 776 3770 Madau
801 3707 1022 3793 distinguendi
1044 3709 1139 3772 varia
1161 3706 1280 3791 officia.

527 3809 713 3876 Communis
736 3812 863 3878 ethicus
879 3813 1055 3879 character
1070 3811 1262 3890 officiorum,
1286 3811 1420 3879 tametsi
1436 3809 1601 3880 excludat
1618 3835 1695 3897 par·

438 3917 597 3996 titionem,
630 3938 694 4001 qua
725 3917 968 4002 distinguantur
992 3917 1102 3984 officia
1125 3917 1234 3985 ethica
1257 3922 1293 3984 et
1315 3939 1380 3983 non
1403 3916 1523 3994 ethica,
1556 3919 1695 3985 minime

436 4028 549 4091 tamen
572 4025 718 4110 impedit,
743 4025 914 4108 quominus
937 4026 996 4091 illa
1019 4026 1079 4090 sub
1102 4025 1176 4092 aliis
1200 4025 1404 4109 respectibus
1427 4023 1521 4089 varie
1544 4024 1638 4092 inter
1657 4047 1694 4092 se

438 4131 600 4199 differant.
648 4132 732 4198 Hinc

529 4239 643 4322 Officia
670 4241 879 4306 dividantur:

530 4347 558 4410 1.
583 4347 718 4411 Ratione
741 4349 826 4430 lapis,
859 4367 900 4410 ex
924 4365 989 4428 qua
1011 4344 1160 4429 proxime
1183 4348 1381 4410 nascuntur:
1407 4343 1442 4408 in
1464 4345 1638 4409 nataralia
1663 4357 1691 4409 a

432 4453 581 4535 positiva.
597 4449 833 4526 -Naturalio
856 4452 974 4518 iterum
999 4451 1246 4534 distinguuntur
1261 4454 1408 4538 nepatioa
1424 4451 1459 4516 et
1474 4447 1689 4534 affimativa.

438 4559 535 4640 prout
567 4557 774 4623 omissionem
804 4557 856 4622 vel
887 4557 1083 4642 positionem
1113 4561 1209 4624 actus
1238 4577 1298 4640 pro
1329 4555 1457 4623 obiecto
1480 4555 1606 4622 habent
1629 4557 1687 4628 (cf.

438 4683 468 4728 n.
494 4664 558 4728 233
574 4661 637 4744 sq).
684 4664 735 4728 Ab
758 4663 820 4730 hac
844 4664 1032 4748 partitione,
1057 4664 1143 4746 quod
1167 4684 1236 4729 rem
1259 4663 1366 4747 ipsam
1389 4663 1522 4740 attinet,
1545 4663 1606 4728 vix
1628 4663 1687 4729 illa

437 4767 555 4846 differt,
580 4789 645 4850 qua
668 4769 734 4834 alia
757 4771 901 4836 absolata
917 4770 982 4836 alia
997 4771 1195 4856 hypothetica
1210 4769 1385 4851 aliquando
1402 4768 1566 4835 dicuntur.
1596 4769 1685 4835 Nam

438 4873 546 4941 officia
570 4875 770 4966 (naturalia)¹
782 4878 938 4963 nepotioa,
963 4876 1050 4959 quod
1070 4876 1235 4960 „obligant
1250 4896 1381 4959 semper
1397 4880 1431 4942 et
1445 4895 1506 4960 pro
1521 4880 1684 4958 semper‘.

438 5001 476 5046 eo
500 4981 570 5066 ipso
594 4982 755 5061 absoluta,
788 4983 985 5068 affirmativa
1013 4987 1124 5049 autem
1148 4981 1234 5065 quod
1260 5003 1345 5060 „non
1366 5003 1427 5066 pro
1450 4985 1600 5066 semper‘
1627 4981 1683 5047 ob-
