3909 5842
569 683 610 738 De
629 683 751 737 eiusdem
770 682 945 754 expansionis
963 682 1068 737 obiecta
1088 682 1204 737 formali.
1467 687 1508 749 29

257 861 331 928 veri
356 861 431 927 boni
454 860 655 946 participant
678 882 742 943 quo
765 864 800 926 et
821 860 1044 935 honestatem,
1075 881 1135 945 per
1162 860 1265 927 solam
1289 880 1406 945 nempe
1429 862 1511 926 rela-

258 972 376 1034 tionem
400 969 635 1033 intentionalem
659 967 701 1032 ad
726 966 856 1050 aliquod
873 967 1013 1049 denique
1029 966 1148 1032 bonum
1172 987 1232 1051 per
1254 986 1290 1031 se
1304 966 1510 1033 honestum1.

262 1105 310 1176 47.
402 1103 576 1177 Sdholium.
617 1116 817 1177 Considerata
830 1118 1198 1195 philosophico-aeracius.

352 1210 427 1288 ipsa
447 1212 522 1271 haec
543 1212 686 1271 habitudo
701 1213 738 1271 ad
753 1213 912 1273 honestum
927 1218 958 1271 et
972 1214 1210 1289 cognoscendum
1226 1218 1256 1271 et
1270 1212 1428 1272 amandum
1442 1232 1513 1271 vere

261 1308 380 1383 quidem
400 1318 524 1369 naturae
543 1312 697 1371 rationalia
712 1313 869 1389 propriam
888 1313 1013 1370 indolem
1035 1310 1168 1381 exhibet,
1191 1310 1244 1369 sed
1264 1311 1319 1369 sub
1340 1329 1375 1369 eo
1397 1314 1511 1369 tantum

261 1408 381 1466 formali
402 1413 540 1485 respectu
562 1407 790 1480 consideratam,
812 1408 862 1485 qui
884 1408 920 1467 ad
935 1407 1064 1467 ethicam
1085 1406 1271 1485 potissimum
1292 1408 1430 1484 pertinet.
1466 1407 1513 1466 ad

262 1504 379 1564 ethicos
406 1524 533 1581 namque
555 1524 627 1563 usus
647 1524 701 1581 per
722 1524 755 1563 se
776 1504 903 1575 sufficit,
934 1508 1057 1564 notasse
1085 1505 1141 1563 hoc
1162 1505 1229 1564 loco
1250 1505 1328 1563 hanc
1350 1509 1462 1563 certam
1485 1509 1515 1563 ct

262 1623 315 1680 pro
337 1602 469 1679 moribus
490 1603 655 1680 practicam
670 1601 906 1661 conclusionem:
929 1604 1062 1663 Naturae
1075 1605 1229 1663 retiaculis
1243 1604 1346 1661 donum
1354 1605 1513 1681 proprium

262 1702 361 1759 liberis
381 1700 491 1759 actibus
508 1701 740 1777 prosequendam
760 1702 792 1757 in
813 1702 876 1776 ipso
895 1701 1010 1761 bonerto
1030 1702 1119 1759 sitam
1140 1719 1206 1759 esse.

351 1796 564 1873 Philosophiae
585 1815 657 1855 vero
685 1795 776 1855 latius
804 1801 946 1873 acceptae
973 1816 1034 1856 non
1054 1796 1245 1855 mediocriter
1266 1796 1408 1867 interest,
1436 1796 1514 1853 hanc

262 1895 361 1970 ipsam
388 1892 515 1953 rationis
541 1898 665 1953 nostrae
686 1892 889 1952 habitudinem
917 1893 956 1951 ad
977 1893 1124 1953 obiectum
1146 1894 1203 1953 sihi
1225 1912 1387 1971 congruum
1408 1893 1514 1953 altiore

263 1992 387 2069 insuper
408 1995 513 2051 obtutu
535 1991 793 2069 comprehendere.
828 1988 952 2049 Praeter
972 1993 1121 2051 honestum
1142 1991 1283 2051 videlicet
1304 1992 1393 2051 etiam
1416 2012 1513 2051 verrom

265 2095 295 2148 et
315 2091 476 2167 prdcbram
502 2088 660 2148 rationalis
688 2088 935 2165 apprehensionis
956 2088 1104 2148 obiectum
1125 2089 1274 2165 proprium
1298 2108 1365 2148 esse
1386 2094 1514 2147 constat.

265 2184 319 2257 ut,
347 2184 492 2261 siquidem
518 2204 579 2243 una
607 2189 654 2243 est
680 2183 772 2243 animi
792 2184 943 2261 potentia,
972 2184 1010 2245 ad
1032 2204 1118 2260 quam
1140 2204 1175 2244 ea
1197 2184 1315 2261 singula
1335 2185 1513 2254 referuntur,

265 2300 389 2341 necesse
417 2287 464 2341 est
492 2300 528 2339 ea
554 2279 673 2339 nonnisi
699 2282 821 2357 formali
847 2280 1039 2341 distinctione
1070 2280 1149 2341 inter
1176 2301 1209 2341 se
1231 2282 1365 2354 differre,
1393 2282 1515 2341 realiter

268 2384 364 2437 autem
387 2398 479 2464 unam
499 2382 616 2437 tautum
637 2397 704 2437 esse
724 2378 959 2455 metaphysicum
981 2398 1129 2453 unumque
1150 2378 1275 2439 rationis
1298 2378 1443 2437 obiectum
1465 2398 1514 2439 ex·

267 2476 402 2534 hibere².

356 2573 515 2645 Quaeritur
535 2591 622 2647 ergo:
644 2574 699 2631 sub
721 2592 778 2649 quo
800 2572 915 2631 demum
935 2575 1181 2633 uniuersalisaimo
1201 2581 1332 2651 concepta
1352 2572 1409 2633 hoc
1424 2592 1513 2631 unum

268 2670 417 2729 obiectum
444 2668 487 2729 ita
515 2668 723 2747 comprehendi
751 2677 856 2746 queat,
883 2670 966 2729 utin
989 2691 1040 2743 eo,
1068 2677 1218 2747 tamquam
1239 2670 1270 2731 in
1291 2690 1347 2730 sua
1368 2670 1514 2731 communi

269 2773 298 2826 et
324 2768 412 2843 quasi
439 2766 545 2827 altiore
572 2766 703 2839 unitate,
731 2774 762 2826 et
789 2768 946 2827 honestum
967 2774 998 2826 et
1018 2787 1121 2827 verum
1142 2772 1172 2826 et
1192 2768 1346 2843 pulchrum
1369 2768 1513 2828 contineri

268 2858 483 2941 intellegatur?¹
502 2899 539 2908 -
562 2871 593 2924 et
613 2886 689 2942 quae
710 2866 750 2925 sit
768 2868 903 2942 formalis
922 2870 1010 2943 ratio,
1030 2886 1088 2945 qua
1102 2866 1293 2927 nihilominus
1315 2867 1417 2925 eadem
1436 2867 1515 2925 inter

269 2984 301 3025 se
320 2967 548 3042 distiaprusntur.

358 3060 542 3119 Salutionem
563 3060 652 3119 huius
671 3060 866 3137 problematis
887 3061 1041 3121 insinuare
1061 3062 1179 3123 videtur
1193 3064 1222 3122 S.
1244 3064 1341 3123 Thoar.
1363 3062 1394 3121 in
1415 3062 1433 3121 l.
1449 3062 1516 3121 Eth.

271 3156 393 3217 Aristot
415 3156 439 3216 Ι.
460 3156 528 3217 lect.
552 3160 579 3227 l,
600 3156 650 3216 ubi
672 3157 730 3217 ait:
752 3160 905 3237 „Rationis
923 3164 1078 3237 propriam
1099 3169 1154 3237 est,
1175 3180 1337 3235 coquerem
1357 3156 1515 3219 ordinem.“

272 3254 371 3331 Neque
391 3254 422 3313 id
444 3253 582 3313 dissentit
603 3256 640 3313 ab
662 3274 705 3327 eo,
728 3256 803 3331 quod
825 3256 900 3315 alias
916 3256 1005 3330 vulgo
1027 3256 1085 3315 dici
1107 3258 1199 3317 solet:
1221 3257 1370 3333 propriam
1391 3256 1517 3317 rationis

273 3352 474 3429 operationem
500 3352 532 3412 in
561 3353 777 3427 cognoscendis
800 3373 898 3413 rerum
919 3354 1113 3415 relationibus
1134 3354 1257 3415 versari.
1301 3354 1420 3413 Ordinis
1441 3352 1518 3413 enim

274 3455 433 3526 conceptus
462 3448 626 3525 generatim
654 3450 697 3507 nil
725 3450 805 3509 aliud
833 3448 920 3519 dicit,
948 3470 1035 3527 quam
1064 3451 1141 3527 quod
1169 3451 1259 3511 etiam
1280 3470 1333 3527 per
1353 3454 1520 3511 barmoniae

273 3547 446 3604 vocabulum
467 3565 528 3606 non
548 3566 617 3605 raro
638 3546 847 3623 exprimimus,
875 3546 1013 3606 nimirum
1034 3548 1191 3607 relativam
1213 3548 1437 3625 dispositionem
1458 3548 1520 3625 plu-

274 3643 345 3703 rium
367 3644 406 3703 ad
428 3642 556 3721 aliquam
577 3646 731 3705 unitatem.
761 3644 859 3715 Quare
879 3650 910 3705 st
932 3645 1051 3705 diversa
1065 3646 1141 3707 ratio
1156 3644 1244 3705 huius
1260 3646 1384 3705 unitatis
1399 3646 1521 3705 diversi·

269 3746 364 3818 'tatem
394 3740 506 3800 ordinis
533 3740 656 3802 inducit.
696 3742 776 3801 Hinc
804 3746 866 3815 est,
894 3743 972 3819 quod
1001 3742 1029 3803 S.
1052 3743 1166 3803 Ductor
1193 3744 1231 3803 ib.
1260 3743 1426 3819 subiungit:
1458 3743 1520 3817 ,In-

275 3837 390 3897 venitur
420 3843 518 3897 autem
549 3838 659 3915 duplex
689 3839 760 3898 orda
790 3838 822 3897 in
849 3841 953 3899 rebus:
986 3859 1062 3899 unus
1093 3839 1210 3917 quidem
1235 3845 1368 3917 partiam
1398 3842 1523 3901 alicuius

278 3921 359 3994 totius
379 3956 432 3995 sea
452 3928 576 3996 alicuius
595 3938 793 3997 multitudinis
813 3940 1001 4015 adinvicem,
1022 3936 1101 3997 sicut
1114 3942 1216 4015 partes
1231 3938 1334 3998 domus
1349 3938 1524 3998 ordinantur

279 4030 313 4089 ad
332 4032 477 4105 invicem
500 4032 577 4092 alius
599 4038 646 4092 cst
666 4036 737 4093 orda
756 4054 857 4094 rerum
877 4038 909 4093 in
927 4036 1025 4111 finem,
1047 4040 1077 4093 et
1091 4035 1139 4093 hic
1154 4035 1225 4093 ordo
1240 4040 1288 4093 est
1301 4034 1519 4113 principalior.“

279 4127 366 4189 Porro
387 4130 541 4207 utriusque
561 4131 650 4189 huius
672 4131 784 4191 ordinis
803 4131 910 4191 iterum
932 4132 1051 4191 diversa
1071 4132 1205 4191 formalis
1226 4133 1303 4192 ratio
1325 4133 1523 4209 subdistingui

280 4231 383 4301 petest,
405 4234 494 4305 prout
514 4228 631 4288 scilicet
651 4228 716 4288 eive
736 4228 767 4285 τὸ
786 4231 860 4289 Esse
879 4238 981 4305 totum,
1002 4250 1060 4306 qua
1080 4231 1181 4289 unitas
1202 4229 1340 4307 partium,
1362 4231 1426 4290 sive
1445 4233 1524 4307 finis,

281 4342 334 4397 qua
359 4324 462 4384 unitas
489 4345 586 4385 rerum
616 4324 653 4384 ad
681 4327 768 4385 finem
796 4328 973 4397 relatarum,
1003 4327 1199 4387 diversimode
1220 4347 1254 4387 se
1274 4329 1384 4387 hahere
1405 4332 1435 4386 et
1456 4346 1524 4386 con·

282 4418 401 4481 sideram'
422 4428 557 4498 possunt.

364 4520 405 4578 Et
424 4540 497 4579 vero
517 4519 622 4596 negari
642 4520 746 4597 nequit
766 4526 797 4579 et
817 4524 966 4581 honestam
986 4526 1017 4583 et
1038 4542 1136 4583 aarum
1157 4526 1187 4581 et
1206 4525 1359 4597 pulchram
1380 4522 1411 4581 in
1434 4522 1523 4598 signi·

283 4612 392 4676 ficando
420 4618 544 4694 quodam
567 4619 696 4679 abiectior
717 4622 818 4679 ardiae
839 4618 1014 4691 convenire,
1043 4620 1163 4681 tametsi
1183 4620 1232 4679 hic
1253 4620 1329 4679 alius
1349 4620 1381 4679 in
1401 4623 1524 4697 bonerto,

285 4710 353 4773 alius
374 4716 406 4773 in
426 4736 501 4793 vero,
521 4714 600 4774 alius
622 4714 746 4791 denique
767 4715 797 4774 in
813 4718 937 4793 pulchra
958 4736 1026 4776 esse
1048 4717 1253 4793 cognoscitur:

369 4925 378 4957 ¹
396 4926 426 4978 S.
449 4924 540 4978 rbem.
559 4924 584 4990 2,
604 4924 630 4989 2,
649 4942 675 4994 q.
696 4925 756 4990 145,
775 4942 799 4978 a
819 4926 844 4979 8.

367 5012 378 5045 ¹
397 5015 427 5066 S.
451 5012 543 5066 rbem.
563 5014 588 5078 l,
607 5030 633 5082 q.
654 5014 679 5078 t,
697 5030 723 5067 a.
742 5013 772 5077 3;
795 5013 817 5076 1,
836 5013 861 5079 2,
881 5030 907 5081 q.
926 5014 970 5079 57,
989 5030 1014 5069 a.
1033 5014 1051 5067 2
1069 5014 1103 5068 ad
1123 5014 1147 5069 3.
