3909 5842
333 689 376 744 De
394 692 539 746 momentis
559 688 761 762 psyobologicis
779 694 832 745 etc.
852 719 886 729 -
904 689 946 745 De
963 691 1121 761 ignorantie
1139 694 1168 745 et
1184 690 1393 746 inadvertentia.
1449 696 1490 761 91

719 873 959 943 Articulus
983 874 1017 943 3.

241 1000 293 1066 Dc
303 1003 469 1066 memoriis
479 1001 703 1087 peycbolopicis
714 1002 750 1065 in
763 998 1017 1081 „edomariuffl
1032 1008 1059 1067 ct
1075 998 1246 1081 „liberuff
1260 1009 1349 1067 adue
1359 1002 1494 1067 bomani

759 1106 977 1190 influentibus.

243 1245 311 1318 115.
402 1248 605 1330 Quamquam
628 1247 766 1313 liberum
790 1246 962 1314 arbitrium
985 1267 1045 1331 per
1068 1266 1104 1313 se
1127 1250 1310 1331 spectatum
1334 1248 1422 1315 omni
1435 1247 1495 1314 ho·

233 1354 326 1421 mini
348 1376 409 1440 per
431 1355 608 1421 essentiam
632 1353 797 1431 convenit,
820 1374 885 1419 non
908 1353 995 1419 idem
1018 1358 1130 1420 tamen
1155 1352 1196 1419 de
1212 1354 1335 1421 actuali
1351 1354 1420 1419 eius
1436 1375 1494 1420 ex·

243 1461 361 1528 ercitio
377 1462 410 1526 in
432 1482 637 1544 quacumque
659 1460 799 1526 hominis
822 1460 1014 1545 operatione
1037 1460 1210 1527 dicendum
1234 1465 1294 1527 est.
1326 1460 1495 1527 Permulta

243 1566 286 1630 ab
312 1567 445 1633 bomine
468 1566 588 1633 cotidie
618 1571 772 1651 aguntur,
802 1586 886 1648 quac
909 1566 963 1631 vel
987 1564 1118 1631 omnino
1141 1587 1206 1632 non
1226 1566 1415 1633 voluntaria
1441 1568 1495 1632 vel

243 1671 366 1738 saltem
395 1694 462 1739 non
490 1674 594 1739 libera
623 1672 679 1737 vel
706 1693 772 1737 nou
795 1672 883 1739 omni
906 1693 948 1738 ex
970 1675 1067 1757 parte
1090 1672 1194 1741 libera
1221 1676 1308 1753 sunt,
1339 1674 1494 1756 quemad-

243 1778 378 1843 modum
409 1779 509 1845 etiam
539 1780 572 1844 in
602 1778 676 1863 ipsa
701 1778 831 1845 ratione
853 1777 1032 1844 voluntarii
1055 1781 1090 1845 et
1112 1778 1207 1845 liberi
1230 1779 1314 1845 varii
1336 1779 1370 1845 in
1393 1779 1495 1845 variis

243 1883 431 1953 actionibus
454 1885 541 1951 modi
564 1889 599 1952 et
614 1885 737 1968 gradus
752 1888 920 1952 notantur.
951 1884 1070 1967 Neque
1084 1884 1117 1949 id
1133 1884 1251 1949 mirum
1267 1884 1371 1950 videri
1387 1885 1494 1970 debet,

246 2010 333 2068 cnm,
364 1998 519 2060 manente
549 1992 628 2058 licet
651 1992 765 2058 eodem
788 1990 932 2057 naturali
955 1993 1077 2074 agente
1099 1990 1268 2075 principio,
1292 1991 1420 2057 ratione
1442 1995 1495 2059 ta·

245 2117 323 2161 men
343 2099 576 2181 condicionum,
601 2120 683 2182 quas
705 2102 776 2165 tum
800 2098 842 2164 ad
865 2098 1087 2164 voluntarium
1110 2101 1181 2163 tum
1197 2096 1239 2163 nd
1254 2096 1391 2163 liberum
1408 2098 1495 2182 posi·

243 2204 314 2269 tire
337 2204 462 2287 requiri
484 2206 696 2283 ostendimus,
721 2205 894 2288 multiplex
916 2204 951 2269 in
973 2208 1148 2287 utrumque
1171 2202 1422 2287 psychologicus
1445 2204 1495 2269 in·

243 2310 356 2376 fluxus
379 2312 528 2377 exerceri
549 2311 665 2395 possit.
696 2310 744 2377 Ut
766 2309 869 2391 igitur
890 2308 924 2373 in
947 2308 1114 2375 individuo
1138 2308 1178 2375 de
1197 2308 1302 2390 gradu
1318 2308 1496 2375 voluntarii

246 2420 279 2481 et
303 2417 400 2483 liberi
424 2417 560 2484 alicuius
583 2416 724 2483 actionis
746 2420 819 2482 tuto
839 2414 986 2481 iudicare
1001 2415 1171 2500 possimus,
1195 2414 1341 2499 practice
1357 2414 1496 2481 interest

244 2524 432 2607 plurimum,
456 2530 494 2592 ut
516 2525 711 2610 praecipuos
731 2524 836 2607 form
861 2526 1016 2589 eiusmodi
1032 2524 1176 2607 influxus
1191 2522 1309 2587 saltem
1324 2522 1430 2587 obiter
1445 2522 1495 2587 lu-

244 2634 390 2696 stremus
412 2632 552 2715 indeque
575 2630 779 2697 necessarias
802 2629 965 2695 indicendi
990 2629 1122 2712 regulas
1145 2627 1374 2694 abstrahamus
1383 2629 1405 2694 ¹.

336 2737 480 2803 Possunt
509 2737 557 2802 illi
585 2736 754 2803 commode
776 2736 846 2801 fere
870 2735 912 2801 ad
935 2743 999 2800 trec
1021 2734 1181 2811 revocari,
1212 2754 1349 2817 quorum
1372 2732 1496 2817 primus

245 2843 277 2909 in
302 2843 414 2927 aliquo
437 2844 615 2927 requisitae
639 2842 835 2925 cognitionis
851 2842 993 2920 defectu,
1018 2862 1135 2925 nempe
1150 2842 1335 2927 iquoroctia
1352 2844 1387 2907 et
1400 2841 1496 2905 inod-

245 2954 412 3035 ocidcntic‚
436 2952 522 3017 alter
543 2951 578 3015 in
601 2950 641 3015 iis
664 2948 764 3015 animi
787 2948 1014 3015 affectionibus
1037 2967 1094 3013 seu
1111 2946 1390 3024 commotionibus,
1415 2966 1496 3027 quas

246 3058 349 3139 vulgo
367 3060 538 3142 poeuonce
560 3056 740 3140 appellant,
763 3054 883 3119 tertius
905 3054 939 3118 in
962 3052 1062 3118 animi
1086 3053 1246 3119 habitibus
1269 3052 1428 3119 consistit.

338 3162 442 3227 Porro
471 3183 537 3228 non
565 3162 652 3229 idenr
684 3160 820 3245 singulis
846 3159 898 3225 his
920 3158 1095 3225 momentis
1119 3158 1234 3223 modus
1256 3158 1290 3223 in
1314 3161 1422 3223 ectum
1446 3157 1496 3222 in·

246 3269 371 3334 fluendi
401 3269 564 3336 convenit.
610 3267 772 3334 Nimirum
804 3266 867 3332 duo
897 3266 1009 3350 priora
1038 3266 1198 3331 influxum
1223 3268 1380 3331 exercent
1403 3263 1497 3346 quasi

248 3379 434 3459 mancae,
457 3375 478 3443 i.
496 3397 524 3441 e.
541 3397 600 3459 per
614 3375 746 3441 modum
763 3372 1030 3439 circumstantiae
1045 3369 1308 3457 psychologicae‚
1332 3370 1497 3435 habitibus

247 3486 360 3548 autem
391 3482 558 3568 proprium
589 3486 641 3548 est
670 3481 807 3547 influere
835 3483 1023 3560 intrinsece,
1054 3478 1075 3545 i.
1107 3499 1135 3544 e.
1167 3498 1225 3562 per
1254 3476 1384 3542 modum
1418 3495 1496 3541 con·

247 3587 402 3672 principii
425 3590 568 3655 actuum.

431 3778 449 3861 5
475 3784 504 3845 1.
550 3779 606 3845 De
628 3778 875 3862 ignorantia
899 3780 941 3843 et
963 3773 1322 3843 inedverlentia2.

249 3900 312 3971 116.
403 3902 594 3989 Ipnoroatio
618 3901 771 3968 definitur
795 3900 942 3969 carentis
969 3900 1128 3966 scientiae
1152 3920 1210 3965 seu
1240 3896 1437 3980 cognitionis
1464 3898 1496 3963 in

249 4008 398 4075 subiecto
422 4010 546 4093 capaci.
593 4008 714 4085 Quodsi
745 4008 818 4091 quis
847 4008 1062 4075 habitualiter
1092 4006 1222 4089 quidem
1253 4025 1322 4069 rem
1354 4004 1497 4085 aliquam

250 4135 452 4196 cognoscens
476 4114 517 4181 de
540 4119 714 4181 satamon
738 4114 790 4178 hic
814 4117 849 4179 ct
870 4135 955 4179 nunc
979 4116 1056 4179 actu
1081 4133 1145 4177 non
1168 4110 1304 4193 cogitat,
1336 4110 1416 4174 haec
1442 4130 1497 4175 ca-

251 4318 388 4387 praesenti
412 4317 534 4369 tractatu
559 4313 705 4367 identidem
731 4312 848 4367 libenter
872 4310 916 4365 usi
934 4328 1037 4365 snmus.
1062 4339 1098 4347 -
1124 4310 1277 4363 Praetiesm
1297 4307 1408 4378 insuper
1425 4307 1499 4362 illins

251 4403 420 4474 quaestionis
442 4404 649 4457 illustrationem
674 4402 807 4472 praebent
832 4401 986 4471 complures
1004 4398 1125 4453 eiusdem
1144 4397 1263 4453 auctoris
1282 4396 1499 4451 elucubrationes

251 4510 302 4548 eeu
321 4492 429 4547 articuli
448 4493 476 4545 iu
494 4490 630 4562 periodico
652 4489 799 4557 „stimmen
817 4506 868 4544 aue
886 4488 1093 4545 Maria-Laach“
1115 4488 1215 4543 LXVll
1236 4486 1341 4556 (1904),
1359 4490 1405 4540 ut:
1435 4484 1499 4552 „Die

252 4580 522 4636 Strafrechtsreform
548 4580 603 4634 und
621 4579 666 4634 die
683 4579 945 4635 kriminalistisclren
965 4578 1114 4642 Schulen';
1146 4576 1211 4643 ,Die
1231 4574 1499 4629 Straireohtsreform

252 4668 309 4723 und
322 4668 365 4722 die
377 4668 619 4723 Willensfreiheit¹⁴
636 4672 688 4723 etc.
713 4668 836 4737 Denique
849 4669 963 4721 ducilem
977 4666 1137 4735 opusculum
1153 4667 1220 4733 „Dic
1235 4665 1444 4731 Grundbrpm'ffc
1455 4664 1500 4715 dre

254 4760 427 4825 Strufrccbtc,
448 4758 508 4811 eine
526 4756 839 4826 recbtspbilosophiscbe
859 4754 980 4819 Studie‘,
1000 4754 1133 4821 Freiburg
1151 4753 1168 4807 i.
1188 4752 1219 4806 Β.
1241 4751 1318 4805 1905.

347 4848 356 4878 ¹
380 4845 422 4900 cf.
447 4848 553 4914 Aupurt
578 4846 688 4913 Hubcr,
714 4844 761 4899 Dr.
787 4843 885 4909 theol,
913 4842 964 4897 Die
991 4842 1164 4896 Hemmnisse
1190 4841 1238 4894 der
1263 4838 1499 4902 Willensfreibeit‚

254 4936 380 4988 liunster
399 4935 475 5000 1904,
494 4934 660 5002 Scboningln

347 5022 357 5055 ¹
375 5025 402 5077 S.
426 5025 526 5092 Tbom„
546 5023 572 5078 S.
590 5022 675 5077 theol.
696 5023 720 5087 1,
739 5022 764 5086 2,
783 5038 809 5091 q.
828 5021 853 5085 6,
872 5038 896 5075 a.
916 5021 941 5075 8.
980 5020 1092 5087 Suom,
1112 5018 1151 5071 De
1171 5016 1324 5071 voluntario
1343 5016 1412 5085 disp.
1431 5016 1456 5069 4.
