3909 5842
440 645 504 710 314
671 642 760 698 Sectio
779 643 814 698 ll.
851 643 931 698 Liber
950 644 970 698 I.
1010 643 1099 714 Caput
1117 645 1137 702 l.
1175 644 1315 699 Articulua
1334 645 1358 699 1.
1395 643 1461 713 54.

440 821 600 888 societate
623 819 753 886 nonnisi
775 842 842 886 aaa
863 841 936 886 esse
952 824 1073 904 potest,
1098 820 1224 905 pariter
1244 841 1344 887 unum
1359 824 1501 887 tantum
1516 818 1679 884 subiectum

439 929 596 1006 admittit,
620 949 730 1003 unum,
754 928 898 1012 inquam,
923 927 994 993 sive
1017 926 1147 994 unitate
1168 929 1312 1014 physica,
1337 947 1422 1010 quae
1445 925 1623 992 individuo
1635 924 1679 989 ho·

439 1035 529 1114 mini,
553 1035 625 1100 sive
648 1037 774 1118 morali,
798 1053 883 1116 quae
905 1032 1003 1099 alicui
1027 1033 1165 1116 collegio
1188 1033 1330 1118 plurium
1352 1034 1495 1119 propria
1511 1037 1585 1110 est;
1607 1031 1682 1114 eique

442 1144 596 1209 exclusivo
626 1143 697 1206 iure
728 1142 894 1224 competat
924 1159 1061 1205 necesse
1090 1142 1152 1206 est.
1198 1138 1407 1224 Quapropter
1429 1139 1623 1206 auctoritas
1643 1157 1683 1202 so

440 1246 533 1312 cialis
562 1246 596 1312 in
627 1245 741 1312 ordine
770 1248 854 1311 reali
883 1243 985 1328 vulgo
1015 1244 1152 1311 denotat
1175 1243 1282 1328 ipsum
1305 1245 1482 1311 subiectam
1509 1247 1685 1310 aucarum
1751 1324 1752 1335 ἶ

438 1353 632 1439 praeditum.
679 1351 770 1416 Idem
802 1349 1068 1417 communissima
1093 1350 1357 1417 denominatione
1379 1355 1550 1437 superior,
1582 1349 1686 1432 singuli

441 1463 562 1538 autem,
587 1457 643 1542 qui
666 1456 867 1525 auctoritate
889 1457 1026 1540 regendi
1049 1461 1136 1535 sunt,
1161 1457 1283 1523 subditi
1305 1457 1535 1542 appellantur.

467 1643 497 1698 B.
516 1639 701 1697 Auctoritatem
720 1655 772 1696 erse
791 1639 820 1696 ds
838 1639 938 1696 retiam
956 1639 1057 1696 formali
1074 1638 1205 1696 mrtetatia
1222 1638 1327 1696 amer
1345 1639 1505 1696 matitutu
1526 1636 1673 1696 uuum

443 1756 513 1830 352.
603 1757 820 1825 latrinaecum
850 1757 936 1824 hunc
966 1778 1088 1824 nexum
1112 1757 1322 1825 auctoritatis
1346 1757 1541 1823 cumomni
1566 1772 1690 1838 corpore

443 1864 557 1932 sociali
587 1864 658 1948 ipse
689 1863 819 1947 quidem
848 1863 937 1929 illius
965 1868 1143 1949 conceptus
1166 1863 1231 1929 iam
1255 1863 1339 1930 satis
1361 1863 1523 1931 insinuat.
1574 1860 1690 1928 Nihilo

442 1971 548 2036 minus
571 1970 657 2037 idem
681 1991 741 2056 per
763 1971 893 2038 modum
917 1970 1049 2037 theseos
1066 1970 1220 2056 explicite
1236 1971 1419 2036 confirmari
1443 1991 1512 2036 non
1540 1967 1689 2040 abundat,

442 2079 513 2144 tum
537 2078 623 2160 quod
646 2099 699 2144 res
723 2077 833 2160 aliqua
856 2077 1077 2162 explicatione
1100 2076 1236 2160 indiget,
1256 2097 1299 2143 ne
1315 2075 1477 2161 duplicem
1494 2076 1602 2142 unius
1616 2070 1690 2138 enti·

444 2183 524 2250 tatis
553 2184 694 2251 formam
724 2183 877 2250 inducere
901 2183 1080 2263 videamur,
1111 2188 1182 2250 tum
1212 2183 1298 2266 quod
1328 2182 1574 2266 gravissimum
1598 2177 1689 2262 quod·

444 2291 517 2358 dam
549 2295 583 2358 et
612 2291 878 2358 fecundissimum
911 2291 1080 2358 doctrinae
1104 2289 1235 2356 socialis
1258 2289 1507 2356 fundamentum
1537 2285 1689 2353 continet.

530 2435 687 2519 'Photis
705 2435 958 2520 XXXVIII.
984 2460 1192 2542 Quamquam
1205 2460 1243 2522 in
1257 2459 1376 2524 ordine
1384 2459 1627 2538 metaphysica
1635 2471 1690 2518 mo

443 2559 527 2622 ralis
549 2558 631 2620 unio
660 2563 824 2620 constans
851 2562 944 2620 reete
972 2558 1098 2621 dicitur
1117 2559 1230 2621 forma
1258 2559 1451 2638 socletatls‚
1479 2575 1556 2620 non
1585 2555 1688 2620 minus

443 2673 523 2722 vere
544 2659 660 2718 tamen
680 2655 866 2734 asseritur,
894 2656 932 2718 in
953 2655 1072 2718 ordine
1098 2656 1185 2719 reali
1210 2657 1408 2720 societatem
1427 2657 1621 2719 hammon
1640 2667 1691 2729 per

443 2751 685 2814 auctoritatem
706 2751 866 2816 socialem
886 2751 1080 2816 formaliter
1100 2752 1276 2816 constitui.

533 2879 848 2946 Praenotanda:
873 2881 985 2947 Prima
1007 2881 1173 2948 sententia
1195 2881 1388 2948 assertionis
1409 2901 1475 2947 non
1497 2886 1574 2948 tam
1590 2875 1689 2947 thesin

444 3005 544 3067 quam
574 2985 758 3052 doctrinam
789 2987 944 3070 exprimit
974 2987 1106 3054 aliunde
1137 2992 1261 3053 certam
1293 2991 1328 3053 et
1353 2991 1391 3054 ut
1412 2989 1514 3052 talem
1539 2988 1597 3053 hic
1620 3004 1687 3066 sup

444 3091 596 3176 positam,
621 3092 739 3177 quippe
763 3113 847 3175 quae
870 3093 1049 3176 simplicem
1073 3093 1224 3176 analysin
1248 3097 1425 3177 conceptus
1447 3091 1623 3160 societatis
1636 3089 1689 3154 im·

443 3199 587 3266 mediate
620 3199 840 3282 consequitur,
872 3201 909 3265 ut
940 3219 1039 3283 supra
1070 3197 1115 3282 (n.
1140 3199 1220 3282 348)
1250 3200 1435 3284 expositum
1467 3203 1528 3266 est.
1579 3197 1687 3265 Altera

445 3309 554 3372 autem
585 3305 672 3371 illius
701 3327 788 3390 pars,
820 3325 904 3388 quae
927 3305 998 3370 sola
1022 3305 1191 3388 probanda
1214 3305 1416 3390 proponitur,
1444 3303 1575 3371 formae
1599 3320 1686 3388 prae

444 3411 598 3480 definitae
628 3432 734 3494 neque
757 3412 855 3478 aliam
880 3411 1079 3477 substituere
1102 3431 1208 3494 neque
1231 3432 1350 3478 novam
1374 3412 1417 3477 ab
1439 3431 1480 3477 ea
1502 3411 1685 3478 distinctam

443 3519 564 3586 addere
586 3517 737 3595 intendit,
762 3517 819 3584 sed
842 3517 933 3583 illam
956 3517 1061 3602 ipsam
1084 3537 1144 3602 pro
1161 3517 1291 3583 diverso
1307 3517 1545 3601 quodammodo
1563 3511 1684 3584 essendi

443 3629 544 3704 statu,
567 3625 601 3690 in
618 3625 730 3690 ordine
745 3623 871 3690 scilicet
886 3645 951 3689 non
966 3624 1033 3690 iam
1049 3643 1138 3689 mere
1152 3623 1262 3701 ideali,
1286 3624 1345 3690 sed
1359 3625 1459 3690 reahs
1474 3621 1683 3691 exsistentiae

445 3730 588 3810 exhibet,
617 3730 637 3798 i.
662 3751 689 3797 e.
714 3730 892 3796 secundum
916 3730 1126 3798 essentialem
1150 3731 1372 3797 condicionem
1395 3731 1601 3806 comodum,
1628 3743 1683 3808 quo

444 3836 502 3903 illa
525 3837 558 3902 in
582 3837 742 3903 societate
764 3837 845 3902 reali
869 3837 1005 3902 realiter
1028 3837 1198 3903 subsistat.

445 3983 515 4057 353.
605 3980 765 4054 Probatur
787 3979 822 4052 1⁰.
870 3983 1020 4052 Societas
1043 3984 1186 4050 humana
1208 3985 1241 4050 in
1266 3985 1379 4051 ordine
1402 3989 1483 4052 rea-li
1500 4006 1560 4069 per
1576 3985 1608 4051 id
1624 3983 1682 4047 for·

444 4091 575 4158 maliter
599 4088 754 4155 constitui
778 4093 868 4156 recte
893 4089 1022 4169 dicitur,
1052 4111 1111 4174 por
1141 4090 1225 4173 quod
1253 4090 1476 4156 essentialiter
1498 4090 1571 4175 ipsa
1598 4085 1681 4170 ,unio

445 4197 579 4263 moralis
603 4197 776 4261 constans“
803 4196 1023 4262 membrorum
1046 4195 1215 4262 societatis
1238 4195 1373 4261 realiter
1397 4195 1540 4263 efficitur
1561 4201 1597 4265 et
1616 4192 1683 4261 suh

445 4303 542 4372 sistit.
578 4305 677 4389 Atqui
692 4301 724 4365 id
743 4301 779 4367 fit
794 4301 899 4367 solum
916 4305 950 4367 et
966 4300 1189 4368 essentialiter
1204 4322 1263 4386 per
1279 4301 1511 4368 auctoritatem
1527 4303 1680 4368 socialem.

445 4408 531 4495 Erqc
555 4412 617 4474 etc.

535 4531 649 4598 Proh.
682 4527 824 4598 minor.

537 4641 565 4702 1.
590 4637 643 4702 Ea
665 4645 785 4703 natura
815 4640 968 4704 materiae
999 4640 1136 4706 conclis.
1182 4637 1361 4703 Videlicet:
1391 4637 1425 4720 a)
1449 4637 1606 4703 Homines
1628 4629 1680 4701 etei

445 4746 586 4809 naturae
615 4743 814 4810 necessitato
844 4743 877 4808 in
903 4743 1022 4809 bonum
1045 4745 1197 4810 feruntur
1219 4765 1377 4826 suamque
1400 4742 1634 4810 beatitudinem
1651 4737 1678 4803 iu

446 4849 609 4916 communi
624 4849 865 4915 consideratam
882 4852 1053 4933 appetunt,
1078 4849 1120 4914 ad
1136 4849 1260 4914 nullum
1275 4852 1388 4915 tamen
1402 4848 1523 4927 honum
1538 4847 1572 4913 in
1588 4842 1679 4932 parti·

443 4957 557 5036 colari,
582 4957 652 5023 sive
675 4957 840 5041 privatum
856 4956 927 5022 sive
943 4975 1122 5036 commune,
1147 4977 1265 5022 revera
1280 4954 1541 5042 prosequendum
1556 4959 1677 5020 natum·
