3909 5842
761 688 801 743 De
819 688 940 760 praemio
958 691 987 742 et
1005 703 1100 758 poena.
1493 687 1553 752 191

307 869 410 936 ralem
434 868 547 935 reduci
569 872 717 952 possunt,
743 867 797 949 qui
820 870 856 933 in
879 867 996 933 ordine
1017 866 1134 930 morati
1156 863 1328 946 efficaciter
1349 864 1558 927 sustentando

309 975 470 1042 consistit.
506 975 591 1058 Apte
606 977 718 1040 tamen
735 969 914 1057 separatim
931 971 1189 1046 considerantur,
1205 973 1275 1034 tum
1292 969 1377 1050 quod
1393 967 1558 1034 diversam

309 1081 397 1148 circa
419 1079 505 1146 hunc
529 1079 675 1145 ordinem
699 1078 900 1144 functionem
925 1079 1086 1143 denotant
1108 1095 1246 1157 eumque
1269 1075 1329 1140 soh
1353 1073 1483 1139 diverso
1506 1094 1558 1138 re·

309 1191 424 1272 spectu
457 1185 728 1269 complectuntur,
759 1189 828 1250 tum
861 1183 946 1267 quod
975 1203 1040 1248 non
1064 1181 1190 1266 pariter
1212 1180 1343 1262 utrique
1365 1201 1386 1245 a
1408 1181 1560 1246 moderno

310 1294 524 1358 ncturotismc
547 1289 793 1356 contradicitur.
833 1289 1016 1356 Secundum
1038 1291 1177 1374 morem
1200 1287 1298 1352 linem
1321 1287 1501 1370 praemium
1526 1289 1561 1351 et

270 1399 273 1404 ’
309 1419 416 1484 poena
434 1398 539 1464 ordini
555 1395 672 1464 morali
688 1396 891 1481 prospiciunt
908 1397 1128 1462 antecedenter
1142 1395 1185 1461 ad
1200 1395 1337 1460 liberam
1361 1391 1558 1489 determina·

310 1507 432 1572 tionem
456 1503 622 1570 hominum
645 1503 678 1574 in
702 1521 840 1584 eamque
863 1501 1033 1568 moraliter
1054 1500 1236 1575 influendo;
1261 1501 1351 1566 etin
1374 1497 1558 1581 ecquidem

311 1611 520 1678 essentialem
551 1609 710 1675 contineri
741 1608 902 1674 rationem
935 1605 1071 1692 praemii
1101 1609 1136 1672 et
1164 1626 1290 1689 poenae
1319 1604 1419 1670 facile
1447 1625 1560 1670 omnes

310 1716 536 1792 consentiunt;
558 1713 735 1780 secundum
753 1717 889 1781 oderem
904 1715 1004 1780 finem
1019 1713 1078 1778 illa
1091 1711 1272 1796 respiciunt
1287 1711 1434 1777 ordinem
1449 1710 1561 1776 mundi

310 1823 444 1889 moralis
468 1829 689 1907 eoneeqeencer
712 1821 754 1886 ad
777 1841 871 1886 usum
896 1819 1060 1886 libertatis
1083 1819 1263 1897 hnmanae,
1295 1818 1371 1900 quia
1397 1817 1472 1901 ipsa
1493 1818 1559 1884 iam

310 1929 412 1994 libere
431 1928 525 1993 facta
539 1927 610 1992 sive
628 1925 713 1992 bona
728 1925 799 1992 sive
815 1925 903 1991 mala
919 1927 1117 2010 supponunt.
1150 1924 1239 1990 Ordo
1255 1923 1438 2002 rationalis,
1462 1943 1558 2006 quem

312 2036 428 2101 directe
443 2033 505 2099 sibi
520 2033 724 2117 propositum
741 2031 874 2110 habent,
898 2033 988 2097 solus
1004 2035 1056 2098 est
1071 2033 1151 2097 ordo
1169 2033 1313 2097 iustitiae
1328 2029 1411 2111 (scil.
1429 2030 1560 2114 quanti·

311 2143 439 2208 tativae
461 2139 682 2226 proportionis
705 2139 827 2206 entium
851 2139 1061 2206 rationalium
1081 2139 1169 2205 inter
1190 2156 1227 2204 aa
1242 2141 1277 2204 et
1292 2138 1334 2203 od
1349 2141 1455 2204 totam
1472 2157 1560 2202 oom-

311 2247 506 2314 munitatem
529 2246 640 2312 mundi
663 2245 808 2324 moralis,
833 2246 924 2311 cuius
947 2265 1119 2330 supremos
1139 2243 1290 2329 provisor
1305 2248 1340 2310 st
1362 2248 1474 2310 custos
1489 2244 1559 2327 ipse

312 2356 401 2420 Deus
417 2374 490 2420 esse
507 2351 738 2436 cognoscitur).
770 2353 880 2434 Atque
896 2353 948 2418 hic
963 2353 1039 2418 finis
1055 2356 1115 2432 eat,
1133 2353 1224 2418 cuius
1236 2352 1398 2418 rationem
1410 2350 1557 2427 reddere,

311 2461 505 2546 praesertim
521 2460 699 2526 secundum
716 2459 800 2542 quod
817 2460 858 2526 ad
875 2459 1101 2524 characterem
1116 2478 1243 2542 poenae
1254 2459 1467 2544 expiatoricm
1481 2475 1557 2539 per·

311 2565 405 2645 tinet,
422 2565 627 2651 philosophia
638 2565 888 2632 materialiatiea
900 2585 981 2631 sana
992 2565 1116 2647 nequit,
1129 2569 1272 2646 atquem
1284 2563 1558 2648 proptereainter

313 2673 485 2756 antiquata
507 2672 638 2754 generis
653 2672 786 2738 humani
802 2671 1002 2755 praeiudicia
1019 2670 1272 2754 computandum
1289 2690 1362 2735 esse
1378 2669 1557 2736 existimat.

398 2789 559 2864 Probatur
580 2808 657 2882 part
680 2790 705 2861 I.
737 2793 922 2859 Praemium
947 2796 982 2859 et
1004 2811 1111 2877 poena
1134 2813 1176 2858 ex
1198 2791 1329 2858 interna
1351 2813 1412 2858 sua
1430 2791 1559 2858 ratione

313 2902 499 2982 respectum
526 2897 650 2964 hahent
673 2898 714 2964 ad
739 2899 945 2966 voluntatem
967 2899 1154 2977 humanam,
1185 2903 1284 2982 prout
1307 2903 1359 2964 est
1382 2898 1557 2964 electivum

312 3004 506 3089 principium
530 3003 695 3068 actionum
719 3003 900 3071 moralium.
940 3006 1040 3091 Atqui
1063 3004 1240 3070 seeundum
1263 3003 1349 3069 hunc
1371 3007 1558 3088 respectum

313 3109 494 3194 praemium
525 3113 559 3175 et
588 3129 695 3193 poena
717 3130 777 3194 per
799 3131 836 3176 se
859 3109 901 3176 ad
924 3114 1052 3176 rectum
1075 3110 1221 3175 ordinem
1244 3109 1277 3174 in
1300 3109 1420 3174 mundo
1444 3109 1559 3175 morali

313 3216 575 3283 conservandum
605 3237 644 3282 ac
673 3218 931 3300 promovendum
954 3217 1131 3302 pertinent.
1177 3218 1265 3303 Erpa
1288 3217 1330 3282 ad
1353 3217 1439 3281 hunc
1461 3217 1559 3281 finem

313 3323 370 3389 illa
393 3321 615 3389 essentialiter
637 3321 781 3388 ordinari
805 3321 942 3388 dicenda
965 3326 1054 3388 sunt.
1092 3388 1096 3395 ,

403 3429 518 3495 Proh.
543 3429 685 3495 minor.
718 3430 875 3514 Spectata
897 3428 1039 3495 hominis
1061 3433 1191 3508 natura,
1215 3447 1300 3511 qnae
1315 3429 1485 3495 essentiali
1500 3427 1560 3495 sti·

313 3537 401 3600 mulo
424 3534 457 3599 in
481 3533 716 3600 beatitudinem
741 3535 918 3614 contendit,
943 3535 1058 3618 negari
1081 3556 1146 3600 non
1166 3538 1278 3620 potest
1300 3555 1361 3619 per
1380 3534 1561 3619 praemium

315 3645 349 3708 et
371 3661 510 3725 poenam
534 3639 697 3706 humanae
720 3641 885 3708 voluntati
908 3643 1069 3708 motivum
1091 3643 1229 3726 proponi
1245 3663 1309 3707 non
1326 3643 1431 3709 solum
1448 3663 1563 3727 perae

314 3747 606 3824 accommodatum,
623 3747 681 3812 sed
697 3747 796 3813 etiam
815 3747 1292 3827 efficacissimum,'abstinendi
1308 3749 1430 3814 amalo
1446 3746 1563 3814 morali

315 3861 350 3922 et
376 3857 495 3922 bonum
519 3855 669 3922 faciendi.
702 3855 771 3921 Iam
796 3875 874 3921 vero
898 3857 931 3920 in
955 3856 1018 3922 hac
1039 3855 1114 3939 ipsa
1135 3855 1259 3921 liberae
1282 3855 1464 3922 voluntatis
1487 3855 1563 3920 ahs·

314 3963 476 4030 tractione
499 3979 520 4027 a
542 3963 629 4028 malo
653 3966 688 4028 et
711 3963 941 4030 sollicitatione
963 3963 1005 4028 ad
1027 3963 1158 4042 bonnm,
1182 3983 1248 4046 qua
1269 3963 1407 4028 libertas
1427 3982 1562 4028 manens

314 4069 445 4152 integra
474 4067 508 4132 in
538 4073 630 4134 recto
661 4068 774 4133 ordine
801 4069 1028 4153 prosequendo
1052 4068 1212 4133 adversus
1235 4069 1286 4134 sui
1308 4067 1562 4134 inconstantiam

315 4177 536 4251 confirmatur,
560 4174 699 4257 provida
722 4174 845 4241 ordinis
868 4175 1002 4240 moralis
1026 4175 1234 4241 conservatio
1258 4179 1292 4241 et
1314 4175 1476 4259 promotio
1499 4173 1564 4241 sita

315 4285 376 4348 est.
424 4281 509 4366 Erpa
532 4284 594 4347 etc.

401 4391 561 4464 Probatur
582 4409 661 4484 para
682 4391 723 4464 ΙΙ.

404 4503 537 4587 Areum.
562 4501 589 4566 Ι.
622 4499 807 4565 Praemium
824 4497 858 4565 et
873 4521 979 4584 poena
995 4500 1160 4567 internam
1175 4501 1425 4566 correlationem
1442 4499 1565 4568 hahent

316 4629 388 4673 oum
419 4606 547 4672 ratione
576 4605 686 4671 meriti
717 4609 750 4672 et
781 4605 932 4672 demeriti
955 4605 1090 4673 moralis
1114 4607 1218 4690 (213).
1264 4611 1364 4693 Atqui
1386 4607 1564 4673 secundum

316 4713 400 4779 hanc
429 4711 677 4778 correlationem
707 4712 821 4778 eadem
845 4713 1069 4780 essentialiter
1092 4714 1256 4798 pertinent
1279 4715 1321 4779 ad
1345 4717 1490 4780 ordinem
1513 4715 1564 4779 ia·

316 4823 421 4885 stitioe
443 4817 660 4884 retributione
683 4839 742 4902 pro
766 4819 883 4884 merito
905 4820 1131 4904 complendum
1153 4824 1187 4885 et
1202 4820 1418 4886 retributione
1432 4841 1492 4904 pro
1508 4820 1564 4885 de·

316 4926 432 4991 merito
450 4923 665 5008 (expiatione)
689 4925 937 4994 restituendum.
970 4927 1058 5008 Erpa
1073 4926 1106 4991 in
1122 4927 1184 4992 hoc
1199 4927 1270 5010 ipso
1287 4928 1361 4992 finis
1377 4927 1564 4993 essentialis

316 5031 452 5116 praemii
476 5035 510 5098 et
533 5052 658 5115 poenae
683 5032 908 5114 agnoscendus
933 5037 994 5098 est.
