3909 5842
407 691 449 755 22
634 687 724 743 Sectio
743 689 765 744 I.
802 689 921 743 Liberl
959 690 1049 760 Oaput
1068 690 1102 745 ll.
1139 689 1279 745 Articulus
1299 690 1323 745 1.
1362 692 1423 759 §L

496 867 586 950 Ergo
615 873 706 934 certo
734 868 973 945 concludimus,
1004 868 1038 933 vi
1068 866 1182 933 similia
1213 866 1492 935 subordinationis
1522 868 1664 950 indeque

406 973 599 1039 resultantis
621 974 774 1051 unitatis,
803 975 837 1041 in
860 976 932 1041 sola
954 976 1127 1041 voluntate
1150 996 1217 1059 qua
1239 974 1393 1041 rationali
1417 974 1523 1041 totius
1546 976 1662 1041 huma-

406 1099 469 1145 nae
487 1083 628 1147 naturae
642 1080 877 1165 expansionem
899 1080 1086 1146 naturalem
1110 1080 1261 1163 specifice
1285 1081 1450 1165 propriam
1474 1102 1662 1165 agnoscen-

407 1186 482 1253 dam
506 1188 609 1255 esse¹.

407 1322 456 1396 38.
547 1321 738 1397 Corollaria:
768 1326 795 1393 I.
823 1324 954 1392 Natura
984 1325 1124 1392 hominis
1153 1326 1335 1403 rationalia,
1367 1328 1419 1392 cui
1443 1328 1603 1394 voluntas
1627 1334 1663 1394 ut

407 1424 581 1499 rationalia
601 1432 771 1498 tendentia
793 1432 980 1517 respondet,
1006 1432 1039 1497 vi
1062 1432 1150 1498 illius
1173 1431 1451 1499 subordinationis
1466 1432 1663 1501 inferiorum

406 1537 603 1605 facultatum
633 1560 712 1605 vere
742 1544 893 1605 naturam
924 1538 1028 1605 totius
1059 1538 1229 1623 compositi
1259 1538 1392 1605 humaui
1421 1538 1454 1605 in
1479 1541 1598 1608 ordine
1622 1544 1664 1608 ad

408 1645 477 1711 eius
500 1646 685 1712 naturalem
707 1646 931 1730 operationem
955 1650 1196 1730 repraesentat.
1244 1644 1351 1722 Quare
1374 1645 1515 1725 homini,
1542 1654 1581 1715 ut
1604 1649 1664 1714 ho-

407 1751 503 1831 mini,
534 1752 726 1835 simpliciter
754 1752 916 1819 naturalis
945 1752 1037 1818 nulla
1060 1752 1208 1835 operatio
1232 1772 1305 1817 esse
1328 1756 1455 1837 potest,
1486 1774 1574 1835 quse
1597 1777 1663 1821 non

408 1856 513 1922 eidem
540 1857 694 1923 rationali
721 1858 913 1925 tendentiae
937 1864 1107 1941 congruat.
1154 1858 1303 1925 Practice
1326 1860 1488 1944 idipsum
1514 1862 1664 1927 illustrat

409 1964 441 2029 S.
464 1964 613 2046 lbomcs,
640 1964 678 2029 In
701 1965 756 2033 lib.
780 1971 864 2033 sent.
890 1970 926 2042 2,
951 1965 1026 2031 dist.
1051 1968 1109 2044 30,
1134 1986 1164 2048 q.
1193 1970 1224 2043 l,
1255 1986 1284 2031 a.
1314 1969 1328 2029 l
1355 1966 1397 2031 ad
1420 1968 1459 2031 4:
1488 1966 1664 2043 ,Quando-

409 2090 547 2152 cumque
570 2072 674 2138 multa
690 2074 889 2138 conveniunt
911 2073 953 2139 ad
969 2072 1238 2139 constitutionem
1261 2071 1408 2149 alicuius,
1432 2072 1529 2138 alicui
1548 2094 1662 2139 eorum

409 2180 519 2259 potest
535 2176 658 2261 aliquid
674 2180 851 2244 secundum
865 2200 901 2244 se
913 2178 1088 2245 convenire
1100 2178 1297 2245 naturaliter
1312 2178 1489 2243 secundum
1506 2183 1661 2246 naturam

404 2288 584 2369 propriam,
609 2289 644 2351 et
666 2285 788 2367 aliquid
812 2284 966 2350 convenit
990 2284 1051 2350 sibi
1075 2284 1251 2350 secundum
1268 2292 1422 2350 naturam
1438 2288 1556 2368 totius,·
1576 2285 1662 2351 sicut

408 2395 503 2473 patet
526 2393 566 2457 de
589 2392 760 2458 elementis
782 2392 815 2456 in
840 2390 1033 2458 mixtionem
1058 2390 1203 2474 corporis
1222 2390 1437 2457 venientibus.
1474 2388 1661 2456 Secundum

409 2497 469 2562 hoc
499 2518 579 2581 ergo
610 2499 699 2577 dico,
731 2498 892 2581 quodvis
922 2497 1194 2581 concupiscibilis,
1214 2497 1366 2564 naturale
1389 2496 1490 2563 babet
1513 2497 1593 2575 hoc,
1625 2502 1661 2562 ut

409 2603 441 2667 in
466 2604 660 2671 delectabile
682 2603 860 2670 secundum
883 2624 1015 2670 sensum
1039 2604 1172 2681 tendat,
1198 2603 1270 2682 sed,
1295 2604 1474 2668 secundum
1498 2602 1586 2683 quod
1609 2606 1660 2667 est

410 2708 461 2773 vis
490 2710 749 2793 concupiscibilis
779 2712 939 2795 turcana,
971 2710 1072 2775 habet
1102 2710 1256 2787 ulterius,
1287 2714 1325 2775 ut
1355 2709 1472 2775 tendat
1502 2708 1535 2772 in
1565 2730 1659 2773 suum

410 2814 574 2881 obiectum
613 2817 788 2881 secundum
825 2820 963 2903 repimen
998 2819 1159 2897 rationis,·
1198 2819 1232 2881 et
1265 2815 1338 2879 ideo
1374 2815 1459 2897 quod
1495 2814 1529 2879 iu
1564 2834 1658 2878 auum

411 2919 573 2986 obiectum
604 2922 720 2988 tendat
749 2922 956 2999 irrefrenate,
988 2924 1045 2988 dcc
1075 2945 1136 2988 uon
1167 2930 1210 2987 est
1239 2924 1389 2986 naturale
1413 2921 1475 2985 sibi
1497 2922 1533 2985 in
1556 2940 1661 3005 quau-

410 3033 477 3090 tam
510 3036 554 3092 est
583 3030 742 3112 bumana,
775 3030 834 3095 sed
865 3028 972 3111 magis
1003 3032 1119 3093 contra
1151 3032 1305 3095 naturam
1336 3026 1407 3091 eius
1437 3025 1469 3089 in
1501 3027 1659 3107 quantum

411 3130 623 3202 huiusmodi.“

499 3246 541 3315 Π.
565 3248 669 3316 Actus
693 3250 823 3334 proprie
846 3252 1008 3316 humanus
1028 3252 1117 3315 recte
1135 3249 1175 3314 ab
1191 3254 1268 3315 actu
1284 3250 1421 3313 bominis
1438 3246 1660 3329 distinguitur.

410 3350 516 3419 Actus
539 3355 625 3420 enim
648 3358 779 3440 proprie
801 3357 963 3422 humanus
986 3356 1041 3421 ille
1065 3355 1169 3420 solum
1194 3356 1255 3431 est,
1284 3354 1337 3437 qui
1361 3352 1501 3419 hominis
1524 3355 1562 3418 ut
1585 3352 1660 3417 sub·

410 3458 488 3525 iecti
511 3460 641 3543 agentis
664 3462 797 3528 entitati
820 3463 1090 3547 proportionetur
1113 3482 1152 3527 ac
1175 3460 1310 3545 proinde
1326 3460 1386 3524 sub
1402 3458 1528 3524 influxu
1544 3458 1660 3523 volun-

411 3565 492 3631 tatis
522 3569 681 3649 procedit.
732 3568 830 3647 ,illae
860 3568 950 3634 solae
980 3568 1156 3643 actiones,‘¹
1191 3568 1297 3650 inquit
1323 3566 1353 3632 S.
1379 3566 1533 3643 ThomaS,
1567 3570 1661 3641 ,sunt

412 3673 543 3757 proprie
573 3676 744 3753 humanae,
776 3696 914 3758 quarum
943 3674 1040 3739 homo
1065 3673 1214 3739 dominus
1244 3678 1311 3749 est3
1343 3675 1394 3738 est
1423 3672 1535 3737 autem
1565 3670 1661 3735 homo

413 3778 561 3845 dominus
591 3802 723 3847 suorum
754 3788 886 3849 actuum
916 3802 976 3865 per
1003 3781 1165 3847 rationem
1188 3786 1223 3847 et
1245 3780 1467 3855 voluntatem
1499 3778 1585 3843 unde
1615 3776 1661 3841 illi
1770 3852 1771 3857 γ

507 4059 633 4127 'Quanti
659 4061 789 4115 momenti
815 4059 1008 4127 gravissimum
1035 4058 1086 4111 hoc
1112 4054 1335 4127 paycbologicum
1357 4053 1520 4125 principium
1539 4071 1588 4123 pro
1607 4052 1660 4106 uui-

414 4166 496 4203 versa
515 4150 638 4203 doctrina
656 4148 752 4202 morali
771 4147 970 4201 aestimandum
990 4146 1040 4209 sit,
1068 4144 1207 4215 praeclare
1226 4143 1346 4197 illustrat
1365 4144 1393 4195 S.
1414 4144 1584 4209 Aupuats'nua
1603 4140 1658 4208 (ll

414 4236 706 4292 rasomonorum
724 4242 816 4291 monte
834 4255 857 4290 c.
877 4236 906 4302 2)
932 4234 1073 4304 explic-ana
1092 4232 1174 4286 illud:
1205 4232 1298 4298 ,Beati
1318 4230 1439 4301 pacifici,
1465 4230 1593 4299 qnoniam
1611 4227 1660 4298 ipsi

413 4326 463 4380 filii
481 4324 531 4379 Dei
550 4326 743 4381 vocabuntur*
783 4326 822 4379 De
841 4342 894 4394 quo
912 4326 1018 4377 monet:
1041 4320 1167 4389 ,Pacifici
1187 4324 1277 4373 autem
1297 4320 1323 4373 in
1343 4318 1499 4387 semetipsis
1518 4321 1598 4381 sunt,
1617 4316 1661 4385 qui

415 4432 508 4469 omnes
526 4415 610 4469 animi
627 4416 671 4469 aui
689 4418 780 4469 motus
792 4416 986 4483 componentes
1004 4416 1033 4464 et
1050 4410 1215 4463 subicientes
1235 4409 1340 4471 ratium,
1360 4409 1377 4461 i.
1394 4424 1417 4460 e.
1437 4406 1522 4460 menti
1541 4409 1570 4459 et
1588 4406 1662 4475 spiri·

414 4505 471 4567 tui,
494 4504 671 4572 carnalesque
689 4502 924 4573 concupiscentias
942 4500 1075 4555 habentes
1094 4498 1226 4553 edomitas
1244 4498 1314 4551 liunt
1332 4512 1445 4563 regnum
1465 4494 1524 4549 Dei.
1562 4496 1592 4547 ln
1611 4510 1661 4563 quo

415 4594 455 4648 ita
472 4597 537 4647 suut
555 4593 679 4649 ordinata
697 4592 801 4657 omnia,
827 4595 857 4645 ut
882 4590 924 4655 id,
950 4588 1022 4659 quod
1042 4588 1130 4641 estin
1149 4586 1257 4640 homine
1276 4586 1451 4657 praecipuum
1470 4588 1499 4639 st
1518 4582 1660 4641 excellens.

415 4682 467 4736 hoc
491 4682 606 4751 imperet
632 4682 732 4735 ceteris
749 4699 803 4734 uon
821 4678 1034 4741 reluctantibus,
1060 4693 1129 4745 quae
1148 4678 1213 4729 sunt
1231 4676 1308 4728 nobis
1326 4674 1477 4741 bestiisque
1497 4672 1660 4726 communia:

417 4774 500 4840 atque
518 4770 545 4824 id
564 4772 661 4841 ipsum,
681 4771 751 4839 quod
765 4769 878 4823 excellit
895 4769 923 4821 in
936 4767 1053 4829 homine,
1072 4765 1099 4818 id
1112 4768 1154 4818 est
1167 4781 1244 4817 mens
1258 4764 1377 4826 erratio,
1396 4762 1548 4816 subiciatur
1560 4760 1661 4831 potiori.

417 4858 489 4927 quod
515 4862 558 4912 est
575 4860 635 4929 ipsa
653 4858 770 4923 veritas,
796 4855 953 4925 unigenitus
971 4852 1057 4907 Filius
1076 4852 1134 4906 Dei.
1171 4852 1266 4920 Neque
1292 4852 1362 4905 euim
1382 4850 1515 4920 imperare
1535 4848 1662 4903 inferiori·

416 4948 468 5002 bus
492 4951 599 5018 potest,
627 4946 679 5000 nisi
704 4947 837 5016 superiori
862 4962 892 4999 se
911 4944 970 5014 ipse
989 4942 1113 4996 subiciat.
1152 4940 1187 4993 Et
1205 4940 1273 4993 haec
1292 4942 1334 4993 est
1353 4954 1424 5008 pax,
1450 4954 1520 5006 quae
1539 4936 1660 4991 daturin

417 5041 492 5090 terra
509 5035 662 5089 bominibus
681 5034 767 5087 bonae
786 5032 950 5086 voluntatis:
969 5030 1037 5083 haec
1050 5028 1109 5081 vita
1128 5027 1307 5082 consummati
1319 5024 1488 5096 perfectique
1507 5024 1661 5095 sapientis‘.
