3909 5842
462 699 527 764 284
698 691 788 746 Sectio
806 690 828 746 Ι.
864 689 924 744 Lib.
941 689 989 744 IV.
1028 689 1117 760 Caput
1135 690 1155 746 Ι.
1194 689 1334 746 Articulns
1351 689 1377 744 2.
1416 689 1476 756 §t

461 875 589 941 demum
623 871 723 937 situm
754 890 829 936 esee
860 869 922 935 hoc
954 874 1102 954 systema
1135 870 1349 947 arbitrantur,
1383 869 1469 952 quod
1500 867 1602 933 etiam
1635 887 1697 932 con·

461 978 633 1047 scientiam
660 979 802 1062 practice
835 976 985 1060 dubiam,
1018 976 1193 1041 dummodo
1224 974 1404 1058 probabilis
1436 974 1494 1049 sit,
1529 973 1621 1039 licite
1650 993 1698 1036 nos

461 1089 554 1172 sequi
576 1106 673 1171 posse
697 1084 832 1162 doceat,
863 1103 936 1148 cum
960 1087 1077 1150 contra
1104 1082 1316 1148 manifestum
1347 1080 1392 1148 sit
1420 1079 1500 1146 illud
1531 1083 1641 1146 totum
1667 1099 1699 1143 ex

400 1277 409 1284 ἢ
462 1195 525 1260 hoc
553 1193 624 1278 ipso
654 1191 813 1276 principio
842 1189 1022 1274 proficisci:
1055 1189 1150 1256 nefas
1180 1209 1252 1254 esse
1283 1209 1384 1272 agere
1414 1209 1486 1254 cum
1510 1185 1701 1252 conscientia

463 1300 610 1385 practice
639 1297 738 1362 dubia
766 1317 825 1362 sen
856 1317 921 1361 non
951 1299 1044 1362 certa
1074 1295 1114 1360 de
1137 1293 1312 1361 honestata
1334 1293 1483 1360 actonis.
1531 1295 1643 1375 Atque
1664 1291 1701 1357 ite

462 1406 592 1489 quidem
621 1404 789 1471 studiosae
819 1422 948 1484 quoque
978 1401 1171 1480 calumniae,
1202 1421 1285 1483 quae
1315 1421 1401 1466 saec.
1426 1399 1521 1466 XVII
1545 1403 1582 1464 et
1604 1397 1702 1463 XVIII

462 1513 667 1597 potissimum
699 1513 811 1576 sectae
842 1496 1057 1574 Ianssnianae
1089 1507 1355 1575 machinatione¹
1385 1508 1418 1572 in
1447 1507 1534 1572 idem
1567 1510 1703 1588 systema

462 1623 641 1702 congestae
670 1620 748 1682 sunt
777 1620 812 1682 et
840 1615 916 1680 inde
946 1616 988 1682 ab
1019 1615 1144 1698 ignaris
1169 1620 1227 1682 aut
1249 1615 1423 1680 malevolis
1446 1634 1552 1696 usque
1577 1611 1702 1678 circnm-

461 1725 623 1803 feruntur‚
647 1723 730 1790 satis
753 1723 949 1806 semetipsas
972 1721 1158 1789 conficiunt.

552 1831 599 1898 Ut
614 1835 725 1896 autem
742 1829 911 1894 doetrinae
926 1828 1124 1906 substantia,
1147 1833 1305 1910 quantum
1321 1827 1547 1912 philosophiae
1564 1827 1703 1896 interest

463 1961 481 2005 e
504 1939 572 2004 suis
594 1937 776 2005 rationibus
799 1936 1023 2018 intellegatur,
1047 1957 1100 2001 res
1123 1934 1345 2020 praeliminari
1365 1933 1476 2017 aliqua
1491 1931 1704 1999 illustratione

461 2045 597 2128 indiget.

462 2181 527 2252 315.
617 2180 890 2263 Quotiescumque
912 2179 1054 2264 positive
1079 2179 1257 2259 dubitatur,
1281 2185 1390 2246 utrum
1415 2179 1500 2245 actio
1525 2179 1640 2262 aliqua
1662 2177 1703 2242 vel

463 2289 595 2355 omIssio
625 2289 696 2354 sive
725 2289 759 2354 in
789 2289 957 2355 abstracto
988 2287 1059 2352 aive
1088 2287 1122 2352 in
1151 2291 1304 2354 concreto
1328 2285 1537 2352 considerata
1560 2289 1650 2352 licite
1671 2305 1703 2349 eu

463 2417 542 2461 vero
573 2397 684 2462 illicita
715 2395 768 2471 sit,
799 2394 964 2461 sententia
991 2399 1060 2460 tam
1085 2393 1255 2459 affirmans
1280 2413 1377 2475 quam
1400 2413 1537 2474 negans,
1569 2413 1611 2458 eo
1634 2392 1703 2474 ipso,

464 2502 549 2584 quod
565 2506 706 2584 utraque
722 2500 918 2567 certitudine
935 2505 1037 2580 earet,
1053 2502 1128 2585 plus
1143 2501 1293 2566 minusve
1308 2500 1486 2586 probabilis
1502 2521 1578 2566 esse
1595 2503 1704 2584 potest.

465 2609 648 2675 Probabilis
677 2609 797 2692 qqupe
827 2608 947 2674 dicitur
976 2607 1088 2690 aliqua
1117 2607 1226 2690 opinio
1259 2607 1313 2672 vel
1343 2607 1518 2684 sententia,
1549 2609 1705 2689 quatenns

464 2714 581 2780 nititur
603 2714 727 2779 motivo
751 2734 830 2779 vere
853 2713 959 2797 gravi,
984 2713 1063 2779 licet
1086 2734 1160 2779 cum
1184 2713 1357 2779 formidine
1380 2713 1421 2778 de
1445 2712 1608 2798 opposito.

553 2819 775 2902 Distingnitur
794 2840 893 2903 porro
912 2819 1144 2904 probabilitas:
1164 2823 1192 2886 1.
1211 2823 1335 2888 ratione
1349 2819 1578 2904 fundamenti:
1597 2821 1705 2884 intrin-

465 2948 535 2991 seca
559 2930 594 2992 et
617 2928 804 3010 extrinseca,
835 2933 934 3009 prout
955 2927 990 2991 in
1014 2925 1196 2993 rationibus
1219 2946 1262 2991 ex
1284 2925 1358 3009 ipse
1381 2923 1428 2989 rei
1453 2923 1706 2990 consideratione

464 3031 591 3098 haustis
628 3031 787 3100 fundatur
830 3035 878 3098 cel
912 3053 954 3098 ex
989 3032 1190 3099 auctoritate
1224 3032 1369 3097 virorum
1404 3030 1554 3114 gravium
1593 3030 1704 3096 oritur:

466 3142 496 3204 2.
522 3141 646 3204 ratione
668 3141 796 3205 obiecti:
817 3138 1034 3223 probabilitas
1057 3141 1141 3204 iuria
1164 3143 1198 3204 et
1221 3139 1312 3222 sacti,
1336 3139 1436 3222 prout
1456 3140 1613 3202 versatur
1629 3136 1705 3201 circe
1759 3127 1760 3216 l

464 3244 595 3310 dubiam
614 3244 697 3329 legis
713 3244 942 3312 exsistentiam
958 3249 1006 3311 uel
1022 3245 1109 3310 circa
1125 3243 1255 3310 dubium
1272 3244 1406 3320 factum,
1432 3243 1565 3325 quoles
1583 3241 1705 3308 aliunde
1759 3229 1760 3316 l

464 3357 556 3419 certa
579 3351 621 3418 ad
644 3357 853 3435 praesentem
877 3372 988 3416 casnm
1013 3351 1205 3436 applicetur.
1240 3353 1270 3418 3.
1295 3353 1431 3418 Ratione
1451 3351 1575 3436 produc
1601 3353 1704 3416 distin-
1759 3329 1760 3392 i

464 3462 592 3545 quitur:
625 3455 659 3538 a)
690 3460 725 3522 in
755 3479 788 3523 ec
811 3478 892 3522 vera
915 3455 1058 3539 (solida),
1092 3461 1193 3534 certa,
1225 3457 1278 3522 vel
1303 3462 1419 3524 contra
1450 3455 1566 3534 tenuis,
1599 3455 1704 3523 dubia:
1759 3435 1760 3522 i

464 3564 499 3647 b)
529 3567 741 3651 comparative
771 3563 813 3630 ad
843 3563 1111 3647 probabilitatem
1141 3563 1326 3630 sententiae
1356 3564 1544 3648 oppositae:
1574 3581 1704 3635 summa,
1759 3539 1760 3618 I

465 3671 578 3746 maior,
603 3670 760 3751 aequalis,
784 3669 907 3745 minor;
932 3675 967 3736 et
991 3669 1106 3735 eadem
1130 3669 1259 3735 ratione
1283 3669 1393 3753 aliqua
1416 3671 1583 3738 sententIa
1601 3666 1704 3736 vocari

465 3776 566 3841 solet:
596 3775 859 3859 probabilissima
889 3775 932 3858 (si
961 3776 1157 3860 gravissimo
1188 3777 1402 3843 fundamento
1432 3777 1550 3844 nititur
1578 3782 1615 3844 et
1641 3776 1704 3842 ideo

465 3881 649 3966 oppositam
679 3883 946 3966 probabilitatem
975 3884 1075 3950 aliam
1099 3905 1163 3949 non
1187 3883 1335 3950 admittit
1357 3885 1420 3949 nisi
1441 3881 1606 3966 tenuem),
1638 3901 1705 3966 pro·

464 3988 613 4067 habilior,
638 3990 922 4075 aequiprobabilis,
947 3991 1054 4056 minus
1069 3989 1258 4074 probabilis.
1281 4029 1326 4038 —
1344 3991 1607 4075 Independenter
1623 3987 1703 4055 deni·
1759 4077 1760 4082 ἵ

466 4115 529 4178 que
551 4095 594 4160 ab
617 4095 667 4161 his
693 4096 851 4180 gradibus
873 4097 959 4164 inter
982 4098 1165 4164 sententias
1188 4097 1373 4180 probabiles
1397 4097 1457 4163 sibi
1482 4097 1650 4182 oppositas
1671 4113 1704 4160 ea
1759 4083 1760 4134 l

466 4201 584 4268 dicitur
618 4202 770 4280 ,tutior“,
801 4225 886 4285 quae
916 4203 1010 4269 favet
1039 4203 1105 4286 legi
1136 4204 1190 4268 vel
1221 4203 1423 4286 obligationi,
1454 4205 1563 4270 altera
1591 4207 1702 4275 autem,
1759 4267 1760 4278 ,

465 4329 550 4392 quae
573 4308 667 4375 favet
689 4309 846 4388 libertati,
875 4311 1000 4388 ,minus
1023 4313 1128 4388 tuta“,
1154 4309 1285 4377 etiamsi
1307 4310 1498 4392 ceteroquin
1514 4307 1703 4394 probabilior
1759 4293 1760 4330 r

465 4435 538 4481 esee
560 4421 789 4499 cognoscatur.

465 4554 530 4626 316.
621 4557 743 4635 Quibus
772 4558 987 4642 praemonitis
1017 4579 1112 4624 nemo
1135 4579 1200 4624 non
1226 4558 1315 4626 videt
1343 4559 1377 4624 in
1407 4559 1504 4625 rebus
1536 4557 1702 4624 moralibus

465 4663 550 4729 hano
572 4665 797 4746 quaestionem
821 4666 899 4731 oriri
914 4666 1062 4750 practice
1086 4667 1331 4749 gravissimamz
1357 4675 1464 4733 utram
1489 4667 1702 4753 aliquanded

558 4858 567 4890 ¹
585 4855 673 4912 Huius
692 4858 899 4913 machinationis
918 4861 1093 4928 praecipuum
1119 4875 1251 4926 organum
1269 4859 1374 4912 factum
1393 4862 1437 4914 est
1454 4858 1624 4914 notissimum
1642 4869 1700 4925 opus

466 4945 507 4999 Bl.
527 4945 624 5002 Pascal
646 4948 769 5013 ,Lettres
794 4947 992 5017 provincIales‘
1021 4965 1057 5001 ex
1081 4948 1203 5002 fontibus
1222 4949 1391 5002 lansenianis
1417 4947 1546 5002 haustum
1565 4953 1594 5002 at
1610 4946 1700 5000 &mse

468 5027 722 5103 (lbbll'tamquam
741 5034 937 5090 calumniosam
956 5038 985 5089 et
1002 5034 1183 5106 pemiciesum
1203 5036 1394 5106 proscriptum.
