3909 5842
421 628 507 667 xxxrr
832 621 836 627 ·
952 610 1132 665 Prooemium.

420 787 603 857 transmitti
632 787 839 872 oportebatl.
892 785 957 853 Sed
992 786 1220 869 multiplicatis
1254 790 1330 870 post
1363 787 1506 873 primurn
1539 789 1673 873 lapsum

420 897 512 963 vitiis
535 894 701 960 hominnm
723 893 848 959 factum
871 895 933 971 est,
959 897 997 959 ut
1020 892 1151 958 tandem
1169 893 1203 957 in
1219 894 1368 977 gentium
1384 894 1502 960 animis
1518 898 1556 961 et
1573 894 1675 960 mori·

421 1005 482 1069 hus
505 1002 564 1067 vix
592 1002 770 1068 obliterata
793 1000 935 1083 vestigia
964 1000 1060 1065 huius
1089 1000 1289 1083 originariae
1319 1002 1536 1069 institutionis
1561 1022 1675 1067 rema·

421 1114 547 1175 nerent.
579 1109 689 1190 Atque
712 1107 762 1174 ita
784 1146 828 1155 —
851 1106 1007 1190 quicquid
1030 1107 1204 1172 modernus
1219 1108 1455 1174 naturalismus
1472 1108 1676 1189 obloquatur

420 1254 465 1265 —-
487 1235 592 1297 genus
618 1218 766 1279 nostrum
796 1234 861 1278 non
885 1213 928 1279 ah
950 1213 1129 1295 originario
1153 1214 1263 1296 aliquo
1287 1218 1378 1281 matu
1401 1215 1577 1281 brutorum
1602 1235 1675 1281 suc·

420 1322 550 1389 cessiva
572 1320 760 1386 evolutione
783 1320 826 1385 ad
848 1320 1025 1385 humanam
1048 1320 1207 1403 paulatim
1229 1321 1392 1387 culturam
1408 1322 1590 1399 elevatum,
1617 1322 1675 1386 sed

420 1433 536 1495 contra
559 1448 580 1493 a
602 1427 803 1493 felicioribus
824 1426 938 1504 initiis,
961 1426 1106 1492 maxime
1130 1426 1215 1509 quod
1230 1427 1435 1493 necessarias
1450 1429 1601 1493 morales
1617 1448 1675 1492 no·

419 1536 528 1601 tiones
550 1534 683 1612 attinet,
706 1534 741 1598 in
763 1533 907 1617 peiorem
930 1533 1052 1616 iugiter
1074 1533 1295 1599 condicionem
1314 1534 1484 1618 delapsum
1501 1556 1577 1600 esse
1595 1556 1674 1601 con·

420 1646 500 1708 stat.
540 1640 631 1717 Quod
662 1639 793 1722 quidem
815 1640 869 1705 vel
898 1639 974 1704 inde
1002 1642 1156 1723 apparet,
1188 1639 1275 1721 quod
1304 1641 1391 1724 apud
1421 1640 1674 1723 antiquissimos

420 1746 568 1832 populos,
592 1768 674 1829 quos
696 1746 835 1813 historia
859 1751 1108 1824 commemorat,
1132 1746 1405 1813 monotheismum
1430 1746 1550 1830 ubique
1574 1748 1674 1833 poly-

419 1852 596 1917 theismum
619 1852 838 1934 praecessisse
867 1872 910 1917 ex
933 1851 1072 1934 lapideis
1101 1851 1321 1917 monumentis
1344 1851 1440 1917 hodie
1463 1857 1555 1919 certo
1581 1874 1674 1917 oom-

419 1958 609 2041 probatur2.
649 1957 766 2039 Itaque
789 1961 867 2023 ante
890 1956 1011 2023 Christi
1035 1957 1224 2035 adventum,
1249 1956 1277 2022 si
1294 1978 1393 2022 unum
1416 1958 1487 2023 fere
1510 1958 1672 2042 populum

419 2064 632 2129 israeliticum
654 2062 813 2147 singulari
830 2064 890 2129 Dei
906 2064 1006 2129 ductu
1022 2062 1211 2129 distinctum
1235 2063 1391 2147 excipias,
1416 2064 1543 2129 cunctis
1559 2064 1672 2147 genti-

419 2170 481 2235 bus
503 2171 738 2254 sapientiorum
768 2171 933 2236 hominum
963 2175 998 2237 et
1028 2170 1293 2255 philosophorum
1323 2170 1492 2254 opiniones
1522 2192 1563 2236 ac
1588 2172 1671 2253 dog·

420 2282 511 2343 mata
533 2299 593 2361 pro
615 2278 759 2342 lucernis
782 2280 894 2355 erant,
926 2277 1043 2359 quihus
1066 2278 1099 2342 in
1123 2278 1351 2361 prosequenda
1373 2278 1464 2344 vitae
1488 2279 1541 2345 vel
1566 2279 1671 2345 hone·

419 2388 508 2450 state
531 2384 584 2449 vel
607 2384 768 2451 felicitate
790 2385 861 2449 sive
884 2384 1018 2468 privata
1041 2385 1111 2449 sive
1134 2384 1266 2469 publiea
1289 2384 1520 2467 dirigerentur.
1556 2385 1670 2467 Atque

418 2492 468 2557 ita
490 2512 609 2557 revera
631 2490 879 2573 antiquissimae
895 2494 1023 2573 gentes,
1047 2492 1198 2573 singulae
1213 2512 1273 2574 pro
1289 2482 1395 2573 gradu
1411 2496 1446 2558 et
1460 2491 1571 2556 indole
1588 2512 1669 2557 suas

419 2599 578 2675 culturae,
602 2598 684 2676 Indi,
713 2598 882 2676 Sirenses,
907 2598 1079 2676 Chaldaei,
1103 2597 1271 2682 Aegyptii,
1296 2618 1388 2663 suam
1413 2598 1513 2663 etiam
1537 2618 1667 2662 morum

419 2704 656 2788 philosophiam
679 2704 895 2771 habuerunt3.

508 2810 665 2876 Maiorem
689 2816 799 2877 autem
822 2830 903 2893 prae
927 2808 1047 2875 ceteris
1071 2809 1230 2874 inflexum
1254 2813 1324 2875 tarn
1339 2808 1372 2873 in
1389 2809 1580 2891 generalem
1596 2808 1667 2875 ani-

418 2936 543 2981 morum
561 2917 724 2982 culturam
740 2936 838 2998 quam
854 2914 1024 2999 speciatim
1041 2914 1073 2979 in
1089 2914 1270 2998 practicam
1283 2914 1373 2980 vitae
1389 2914 1665 2999 appretiationem

418 3024 454 3087 et
475 3021 716 3089 institutionem
746 3022 897 3088 exercuit
919 3022 1120 3107 philosophia
1145 3022 1350 3087 Graecorum.
1398 3020 1539 3087 Ratione
1570 3020 1666 3087 huius

418 3128 577 3207 influxus,
602 3128 714 3211 quiin
738 3150 866 3193 omnem
889 3132 1057 3211 posteram
1082 3132 1226 3193 aetatem
1250 3149 1286 3191 se
1310 3126 1476 3205 extendit,
1505 3126 1665 3210 imprimis

418 3234 617 3301 nominanda
640 3236 762 3319 duplex
784 3234 907 3311 schola,
931 3236 1098 3301 Platonico
1122 3236 1157 3298 et
1180 3236 1383 3299 Aristotelian
1406 3230 1663 3316 (peripatetica),

418 3361 502 3422 quas
526 3346 665 3425 utraque
688 3344 861 3408 Socraticis
881 3343 1055 3427 principiis
1078 3344 1323 3423 superstructa,
1355 3360 1559 3405 communem
1583 3360 1664 3422 quo·

418 3467 481 3528 que
511 3470 554 3513 ex
583 3449 623 3514 iis
655 3449 796 3513 indolem
829 3446 1337 3525 eudaemonistico·rationalem,
1372 3467 1569 3529 quamquam
1598 3468 1664 3513 non

417 3552 531 3619 eodem
554 3555 667 3632 modo,
695 3553 917 3638 participavit.
964 3555 1109 3619 Socrates
1133 3552 1252 3636 quippe
1275 3573 1437 3617 summum
1462 3554 1581 3617 honum
1604 3554 1663 3618 ho·

417 3659 514 3724 minis
537 3660 749 3726 intellexerat
771 3680 845 3725 esse
868 3658 1121 3737 beatitudinem,
1152 3678 1236 3739 qnae
1263 3678 1328 3723 non
1359 3658 1496 3723 fortuito
1524 3659 1661 3737 accidat,

417 3764 476 3828 sed
505 3766 644 3831 scientia
673 3769 708 3831 et
736 3766 849 3831 labore
879 3764 1085 3848 acquiratur;
1117 3764 1203 3829 unde
1233 3764 1356 3829 homini
1379 3764 1584 3844 enitendum,
1615 3771 1661 3842 ut,
1761 3768 1762 3837 1

417 3888 502 3950 quae
525 3871 646 3936 clarius
667 3872 884 3955 perspexerit,
908 3892 948 3935 ea
971 3871 1072 3937 etiam
1097 3872 1302 3937 constantius
1325 3877 1536 3953 exsequatur.
1572 3872 1662 3937 Plan
1761 3956 1762 3969 χ

416 3998 477 4062 per
507 3999 600 4043 suam
630 3978 812 4043 doctrinam
843 3978 884 4043 de
911 3978 1028 4056 ,idais“
1064 3978 1152 4043 omni
1183 3978 1294 4043 futuro
1325 3978 1549 4062 philosophico
1572 3980 1662 4043 ideo·
1761 4048 1762 4083 ,

416 4088 508 4150 immo
531 4084 740 4167 aliquatenus
762 4084 913 4168 prolusit,
937 4086 1121 4150 Aristoteles
1138 4105 1215 4149 vero
1231 4104 1292 4150 sua
1308 4084 1462 4149 methodo
1478 4084 1661 4167 analytico-
1761 4084 1762 4125 3

417 4192 574 4275 empirica
603 4195 751 4257 reolisnro
785 4191 894 4275 polius
924 4192 1013 4256 viam
1048 4190 1189 4274 paravit.
1228 4228 1271 4237 -
1305 4190 1515 4257 Nominanda
1547 4191 1662 4256 deinde
1761 4216 1762 4271 ,

417 4298 623 4381 potissimum
646 4299 760 4364 schola
775 4299 913 4363 Zenonis
936 4296 1069 4379 (stoica)
1087 4301 1121 4363 et
1137 4298 1251 4363 schola
1266 4299 1413 4383 Epicuri,
1439 4318 1524 4381 quae
1548 4299 1662 4364 ambae
1761 4282 1762 4303 ¹

417 4406 542 4490 pariter
565 4406 772 4487 aliquatenus
789 4406 831 4470 ab
846 4406 928 4470 ideis
944 4406 1091 4472 Socratis
1114 4405 1295 4490 profectae,
1320 4406 1419 4489 plane
1442 4410 1554 4471 tamen
1577 4406 1663 4471 inter

416 4534 453 4577 se
483 4511 684 4595 oppositam,
714 4511 911 4595 praesertim
941 4512 974 4577 in
1003 4512 1152 4579 doctrina
1180 4533 1323 4590 morum,
1357 4512 1445 4577 viam
1474 4516 1661 4577 tenuerunt.

418 4617 480 4681 Hic
502 4617 536 4681 in
559 4617 704 4681 maxima
726 4618 871 4682 sensuali
893 4617 1059 4696 fruitione,
1083 4618 1138 4683 ille
1162 4618 1195 4681 in
1219 4618 1290 4683 sola
1317 4618 1517 4702 ,sapientia“
1544 4638 1605 4702 per
1627 4638 1662 4682 se

508 4775 516 4804 ¹
535 4773 576 4826 Of.
596 4774 699 4841 Lateo,
717 4772 768 4825 Die
786 4772 961 4826 Traditienen
980 4772 1028 4827 des
1047 4771 1378 4841 Menschengesehlechts,
1397 4773 1523 4827 Mttnster
1542 4772 1621 4828 1876.

505 4862 517 4895 ¹
535 4862 596 4916 Vid.
616 4862 688 4915 infra
704 4880 732 4918 n.
751 4863 804 4917 273
822 4866 896 4916 nota.

505 4952 516 4983 ³
533 4951 709 5018 Gilloffner,
716 4949 895 5003 Grundlinien
903 4948 1176 5003 derGeschiohteder
1184 4948 1461 5018 Philosophie,Mainz
1471 4948 1592 5014 1881,36
1599 4964 1658 5017 sqq.
