3909 5842
701 686 741 741 De
762 686 910 758 ,principio
927 685 1118 742 moralitatis‘.
1468 694 1531 759 135

285 864 510 929 decessoribus
531 863 682 949 Epicuro,
707 863 875 946 Hobbcar'o,
900 864 1017 947 Horae,
1047 864 1195 945 Helvetio,
1218 864 1327 950 Polcy,
1356 865 1533 951 Prieatlcy¹

285 970 424 1055 sparsim
447 970 675 1055 suppeditatas
695 970 910 1049 ,scientifica“
932 970 1087 1036 methodo
1104 970 1144 1036 ad
1162 970 1326 1052 quandam
1342 973 1532 1055 systemati·

285 1098 355 1143 cam
379 1077 540 1143 unitatem
564 1077 705 1160 redegit.
738 1076 868 1141 Primus
889 1076 987 1155 enim,
1011 1076 1054 1141 ab
1081 1076 1152 1160 ipso
1179 1076 1372 1145 individuali
1400 1082 1532 1165 cpoicmo

283 1184 494 1266 proficiscens
523 1182 659 1265 eiusque
687 1183 882 1267 principium
904 1183 948 1249 ad
971 1183 1164 1248 societatem
1189 1187 1223 1249 et
1245 1184 1409 1268 publicam
1432 1184 1533 1268 legis·

282 1289 439 1355 lationem
462 1288 641 1373 applicans,
666 1289 864 1373 completum
888 1288 1090 1355 utilitarismi
1113 1292 1260 1373 systema
1278 1294 1349 1357 tum
1365 1291 1530 1375 privatum

282 1398 352 1461 tum
375 1394 499 1461 sociale
521 1398 592 1461 tum
615 1393 784 1478 politicum
807 1394 999 1478 composuit.
1032 1394 1185 1461 Helvetio
1202 1416 1262 1479 par
1284 1396 1318 1461 in
1342 1402 1532 1483 contemptu

282 1501 467 1585 sapientiae
496 1500 706 1583 antiquorum
733 1503 769 1567 et
790 1499 977 1566 traditionis
1002 1499 1201 1567 christianae
1224 1522 1337 1568 veram
1360 1504 1531 1571 scientiam

283 1608 385 1674 etiam
413 1608 449 1673 in
478 1628 515 1673 re
544 1605 662 1673 morali
684 1628 705 1671 a
727 1605 799 1671 sola
829 1608 1004 1690 exspectat
1033 1606 1187 1671 methodo
1211 1607 1450 1675 observationis
1473 1631 1533 1675 ex-

283 1714 510 1797 perimentalis
532 1712 691 1779 eLockio
714 1716 749 1778 et
763 1711 897 1777 Bacone
919 1712 1159 1779 commendata.
1195 1712 1304 1791 ,Quod
1328 1714 1533 1799 experientia

283 1824 334 1887 est
356 1841 419 1905 pro
445 1819 592 1905 physico,
623 1819 682 1893 ait,
711 1818 746 1883 id
769 1822 821 1885 est
844 1818 1033 1885 observatio
1057 1840 1116 1903 pro
1139 1820 1366 1889 moralista.“2
1411 1822 1532 1889 Obser-

283 1928 418 1993 vatione
444 1928 536 1995 facta
565 1925 667 2009 igitur
696 1946 769 1991 cum
793 1924 936 2008 Epicuro
965 1924 1028 1991 hoc
1056 1928 1224 2008 tamquam
1254 1926 1388 1993 evidens
1409 1928 1531 2011 factum

282 2035 407 2117 reperit
430 2038 465 2100 et
487 2034 593 2099 instar
615 2032 766 2117 principii
788 2032 951 2099 affirmat:
976 2054 1082 2101 munes
1105 2034 1247 2100 bominac
1263 2058 1415 2121 quaerere
1432 2038 1532 2103 delec-

282 2144 433 2207 tationem
465 2150 494 2208 ct
524 2142 637 2226 supere
669 2141 816 2206 dolorum
863 2140 917 2205 Ex
946 2160 1011 2222 quo
1043 2139 1233 2207 immediate
1262 2141 1445 2209 adstruitur
1474 2163 1532 2226 ge·

281 2247 525 2313 neralissimum
554 2248 680 2313 morale
708 2247 920 2332 principium:
956 2247 1088 2325 ,Omnis
1116 2248 1291 2315 delectatio
1315 2250 1456 2335 (plaisir)
1480 2254 1533 2317 est

280 2353 388 2437 prima
409 2354 497 2421 facie
519 2355 651 2437 aliquod
674 2355 794 2421 bonum
817 2359 853 2422 et
875 2356 990 2438 quaeri
1014 2356 1127 2431 debet;
1151 2356 1303 2423 similiter
1318 2356 1422 2422 omnis
1439 2356 1532 2423 dolor

282 2460 406 2545 (peine)
437 2465 490 2528 est
518 2462 650 2545 aliquod
679 2463 802 2527 malum
834 2466 869 2529 et
899 2462 1019 2527 evitari
1049 2462 1204 2529 debet.“³
1250 2464 1294 2529 Et
1322 2463 1371 2528 ita
1401 2462 1530 2545 quidem

283 2567 409 2650 primus
439 2589 557 2651 passus
586 2568 682 2634 huius
716 2569 904 2651 ,rigorosas
933 2566 1110 2633 scientiae“
1147 2572 1199 2634 est
1232 2568 1413 2647 conclusio,
1447 2589 1531 2652 quae

283 2694 391 2757 neque
424 2674 534 2757 logica
564 2694 671 2757 neque
703 2675 885 2741 scientifica
919 2677 981 2740 est.
1036 2673 1271 2757 Praeterquam
1307 2674 1408 2753 eninr,
1444 2675 1532 2757 quod

282 2780 447 2847 Bentbam
470 2780 565 2845 varia
587 2801 711 2864 genera
734 2780 963 2847 delectationis
987 2800 1192 2861 enumerans,
1218 2802 1301 2864 quae
1316 2780 1438 2847 homini
1454 2802 1531 2847 con·

281 2886 413 2969 tingere
443 2886 581 2971 possint,
610 2887 692 2952 illud
721 2908 821 2953 unum
851 2887 1084 2966 ,observasse“
1111 2908 1176 2953 non
1200 2886 1339 2967 videtur,
1372 2888 1456 2971 quod
1480 2890 1533 2953 est

282 2993 409 3058 ordinis
437 3014 520 3077 pure
549 2992 731 3077 spiritualis
753 2996 789 3059 et
810 2993 992 3071 rationalis,
1023 2993 1156 3077 insuper
1179 3014 1221 3059 ex
1245 2994 1385 3079 abrupto
1407 2995 1532 3061 inducit

282 3100 505 3186 obliqotionom
520 3100 680 3165 moralem
698 3098 879 3181 (,debet“)‚
895 3120 991 3182 quae,
1008 3099 1093 3165 unde
1109 3099 1163 3178 sit,
1181 3120 1244 3183 quo
1267 3100 1337 3166 iure
1352 3104 1532 3179 asseratur,

281 3204 382 3287 plane
417 3204 579 3283 nescitum
615 3226 778 3289 quamque
812 3205 908 3271 simul
940 3205 1121 3272 illusoriam
1154 3206 1279 3283 reddit,
1314 3206 1530 3291 subiungens:

284 3312 528 3396 ,unusquisque
558 3334 622 3379 non
654 3314 760 3378 solum
790 3313 933 3397 optimus
963 3313 1020 3377 sed
1045 3316 1079 3379 et
1102 3312 1195 3379 unice
1219 3316 1409 3397 competens
1432 3313 1529 3379 iudex

280 3422 333 3485 est
364 3419 406 3484 de
436 3440 486 3499 eo,
518 3420 604 3502 qnod
634 3420 696 3485 sibi
724 3420 768 3485 sit
791 3420 896 3485 dolori
918 3424 978 3487 aut
1001 3419 1228 3487 delectationi¹⁴
1242 3420 1264 3487 ⁴.
1311 3418 1362 3485 Ad
1386 3420 1531 3505 practice

280 3524 565 3593 determinandum
582 3530 616 3593 et
631 3527 858 3611 complendum
874 3526 1012 3611 primum
1031 3530 1065 3593 et
1080 3526 1326 3593 fundamentale
1338 3526 1529 3611 principium

280 3632 411 3699 accedit
433 3633 495 3698 boc
518 3634 676 3699 alterurn:
699 3632 864 3700 bominem
886 3632 1023 3699 tendere
1047 3632 1165 3699 debere
1182 3634 1223 3699 ad
1239 3636 1412 3699 mociruom
1426 3637 1531 3718 possi·

280 3741 375 3806 idern
399 3762 554 3805 cucumam
573 3738 775 3805 delectabilis
792 3740 868 3804 boni
884 3738 973 3804 intra
988 3759 1068 3805 suae
1085 3738 1298 3807 exsistentiae
1315 3739 1530 3818 durationem,

280 3843 430 3911 adhibito
461 3845 614 3911 videlicet
643 3844 781 3929 provido
805 3864 915 3908 rerum
938 3844 1074 3923 calculo,
1106 3864 1202 3927 quem
1230 3844 1527 3927 ,deontologicum“

280 3952 440 4037 appellat,
466 3950 690 4036 comparative
713 3949 917 4017 aestimando
940 3953 1012 4017 tum
1036 3950 1244 4015 delectabilia
1266 3952 1336 4015 tum
1356 3949 1532 4015 dolorilera

280 4057 461 4123 secundum
484 4058 721 4134 intensitatem‚
753 4056 970 4134 durationem,
1003 4055 1243 4135 certitudinem,
1274 4054 1530 4139 proximitatem,

280 4165 519 4244 extensionem,
543 4164 779 4230 fecunditatem
802 4165 891 4229 eto.⁶

371 4271 418 4336 Et
440 4270 501 4336 boc
525 4268 654 4353 quidem
677 4270 773 4335 modo
789 4268 951 4335 Bentbam
976 4267 1146 4333 existimat
1168 4266 1249 4345 fore,
1274 4270 1311 4332 ut
1337 4266 1530 4351 principium

280 4377 381 4455 istud,
406 4377 468 4444 etsi
487 4400 549 4463 per
571 4399 604 4442 ac
619 4379 809 4464 epoisticum,
833 4396 893 4459 pro
908 4375 1039 4440 homine
1054 4377 1166 4439 tamen
1182 4372 1362 4457 peripsam
1378 4376 1530 4438 naturam

280 4484 314 4549 in
339 4484 501 4550 societate
523 4487 558 4549 et
579 4484 640 4549 sub
664 4484 733 4549 eius
757 4480 1000 4548 condicionibus
1021 4479 1199 4545 constituto
1219 4498 1292 4544 cum
1307 4480 1466 4565 principio
1482 4498 1530 4543 so-

376 4659 384 4691 ¹
404 4658 543 4725 Bentbam,
561 4656 740 4726 Deontologie
760 4656 862 4725 (versio
880 4654 946 4723 gall.
966 4654 1099 4721 Larocbo)
1119 4654 1196 4709 1358
1215 4653 1319 4709 fatetur
1337 4671 1416 4709 suum
1436 4656 1531 4709 lunda·

280 4748 404 4802 mentale
421 4746 584 4816 principium
605 4744 662 4813 (‚la
680 4745 882 4799 maximisation
895 4744 932 4798 da
944 4743 1096 4811 bonbeur“)
1117 4761 1146 4797 se
1164 4742 1290 4797 didicisse
1303 4760 1339 4796 ex
1351 4741 1420 4797 libro
1434 4744 1531 4797 Priori·

281 4838 335 4905 loy,
354 4834 434 4889 usui
452 4852 500 4889 sur
517 4834 544 4889 lc
562 4838 785 4903 gouvernemant.

374 4921 589 4991 'Deontologie
609 4922 707 4977 introd.
726 4922 739 4975 1
758 4923 783 4977 7.
893 4924 904 4955 ⁸
924 4920 962 4975 lb.
983 4922 995 4975 1
1015 4922 1057 4975 73.

374 5014 385 5043 ⁴
405 5011 443 5065 lb.
462 5011 476 5064 1
495 5012 537 5065 74.
646 5010 718 5066 ‘Gt
737 5010 773 5065 ib.
793 5011 803 5064 l
824 5012 866 5065 77.
904 5010 997 5063 Traitd
1016 5010 1049 5063 de
1068 5008 1224 5076 legislation
1243 5006 1255 5061 I
1275 5007 1318 5061 58.
