3909 5842
598 669 638 723 De
657 669 750 723 libero,
769 698 805 708 -
824 669 966 725 Generalis
984 670 1058 724 notio
1076 668 1219 724 libertatis.
1487 676 1527 739 71

279 847 332 918 98.
424 845 616 919 Corollaria:
639 848 665 913 Ι.
689 848 765 913 Non
782 848 937 931 quidquid
953 849 1063 932 aliquo
1079 849 1174 914 modo
1191 850 1442 915 involuntarium
1458 868 1530 913 esse

278 953 500 1035 cognoscitur,
525 973 563 1018 eo
585 953 657 1037 ipso
673 954 773 1020 etiam
789 954 969 1021 violentum
986 974 1059 1021 esee
1075 954 1271 1020 censendum
1289 957 1349 1021 est.
1367 990 1410 999 -
1425 954 1529 1020 Multo

277 1060 387 1125 minus
413 1064 524 1125 autem
552 1080 626 1125 cum
652 1060 714 1125 hoc
742 1064 1014 1142 ,involuntarium
1041 1061 1215 1127 secundum
1244 1060 1341 1147 qoid“
1373 1059 1528 1126 confundi

278 1166 389 1243 debet,
402 1167 522 1251 quippe
531 1166 628 1248 quod,
638 1187 703 1231 non
715 1167 868 1232 obstante
880 1167 1109 1233 condicionata
1120 1167 1260 1249 quadam
1271 1166 1440 1233 velleitate
1453 1188 1530 1231 eon·

278 1272 396 1350 traria,
420 1274 459 1337 fit
480 1276 591 1339 tamen
616 1273 791 1338 secundnm
815 1272 1059 1339 inclinationem
1084 1272 1265 1339 voluntatis
1281 1271 1445 1339 efficacem
1463 1276 1530 1339 est·

211 1405 215 1409 ·
279 1398 345 1460 que
366 1382 543 1463 propterea
569 1378 760 1462 simpliciter
782 1380 1028 1445 voluntarium¹
1051 1378 1132 1462 (86).

278 1510 331 1580 99.
424 1512 466 1577 Π.
487 1512 643 1579 Similiter
658 1516 839 1596 peecatum,
857 1511 921 1577 etsi
937 1512 1047 1594 aliquo
1063 1512 1159 1577 modo
1176 1510 1287 1577 vocari
1303 1510 1406 1595 possit
1422 1512 1530 1575 motus

277 1622 398 1684 contra
426 1621 589 1696 naturam,
620 1618 640 1683 i.
665 1638 693 1684 e.
719 1622 835 1684 contra
864 1618 1108 1684 inclinationem
1140 1617 1311 1684 rationalis
1334 1619 1472 1682 naturae
1495 1616 1528 1681 in

277 1725 401 1789 bonum
416 1724 599 1801 honestum,
615 1724 747 1790 minime
762 1728 873 1790 tamen
889 1724 1050 1791 rationem
1063 1724 1201 1791 violenti
1216 1724 1401 1809 participat.
1429 1724 1527 1801 Nam,

276 1834 316 1895 ut
340 1830 560 1897 animadverit
576 1832 608 1897 S.
625 1831 777 1909 Thomas,
806 1831 867 1909 ,id,
891 1830 924 1896 in
948 1830 1033 1913 quod
1050 1832 1203 1897 voluntas
1226 1831 1333 1897 tendit
1351 1831 1527 1916 peccando,

276 1937 344 2003 etsi
374 1936 419 2003 sit
440 1937 562 2003 malum
586 1941 621 2003 et
644 1942 760 2004 contra
782 1938 979 2004 rationalem
1003 1942 1154 2005 naturam
1178 1923 1351 2003 secundom
1376 1940 1424 2003 rai
1447 1940 1528 2003 ecri-

275 2051 385 2127 totem,
415 2043 671 2128 apprehenditur
700 2048 811 2109 tamen
834 2047 872 2109 ut
894 2045 1014 2109 bonum
1038 2048 1072 2111 et
1096 2044 1293 2109 conveniens
1316 2046 1464 2120 naturae,
1494 2042 1526 2107 in

276 2152 439 2230 quantum
463 2148 660 2215 conveniens
684 2153 735 2215 est
758 2150 881 2215 homini
903 2150 1080 2217 secundum
1104 2149 1248 2231 aliquam
1276 2149 1526 2215 delectationem

275 2277 396 2321 sensus
426 2256 480 2322 vel
509 2255 686 2321 secundum
716 2256 858 2339 aliquem
888 2256 1034 2323 habitum
1060 2260 1265 2340 corruptum“
1279 2258 1301 2321 ².
1348 2248 1457 2337 Atque
1480 2253 1528 2319 ita

277 2366 452 2445 peccatum
475 2383 540 2427 nou
563 2370 679 2432 contra
701 2363 759 2429 sed
782 2384 842 2447 per
865 2364 1069 2429 voluntatem
1093 2362 1164 2428 fieri
1187 2362 1397 2428 manifestum
1421 2364 1481 2426 est.

751 2546 994 2613 Articulne
1019 2542 1052 2613 2.

811 2666 862 2729 Dc
884 2665 991 2729 libero.

530 2821 549 2905 5
575 2826 603 2889 1.
651 2823 875 2888 Generalis
898 2823 1016 2889 notio
1040 2821 1276 2888 libertatis.

272 2944 346 3015 loo.
437 2948 586 3013 Libertas
613 2947 859 3031 generalissime
884 2950 1022 3031 accepta
1047 2946 1285 3012 immunitatem
1312 2946 1365 3012 vel
1390 2946 1526 3011 solutio-

272 3070 353 3115 nem
378 3052 419 3115 ab
443 3052 552 3134 aliquo
576 3052 803 3135 qualicumque
826 3053 957 3119 vinculo
981 3054 1033 3118 uel
1059 3053 1150 3118 obice
1174 3052 1319 3119 denotat.
1366 3052 1419 3118 Ita
1445 3052 1528 3119 liber

272 3176 295 3220 a
321 3161 459 3240 peccato
483 3158 611 3236 dicitur,
636 3159 689 3241 qui
709 3159 825 3237 iustus
849 3160 932 3225 liber
947 3180 968 3224 a
983 3158 1125 3235 miseria,
1150 3158 1206 3241 qui
1221 3158 1337 3225 beatus
1354 3160 1420 3227 est:
1445 3158 1528 3225 liber

272 3284 295 3327 a
321 3264 547 3331 materialibus
576 3265 727 3342 vinculis,
759 3266 815 3347 qui
843 3266 992 3350 potentia
1022 3265 1158 3331 metrice
1189 3266 1293 3330 utitur
1316 3266 1356 3331 ab
1381 3267 1526 3331 externis

271 3371 458 3437 obstaculis
488 3372 660 3455 expedita3
691 3372 774 3437 liber
797 3392 817 3437 a
841 3373 1012 3450 servitute,
1045 3372 1100 3455 qui
1130 3372 1250 3436 nullius
1274 3371 1344 3436 heri
1367 3372 1526 3455 potestati

271 3476 458 3556 obnoxius,
474 3478 557 3543 liber
581 3479 722 3563 epatris
737 3478 792 3543 vel
807 3478 928 3544 tutoris
944 3482 1120 3562 potestate,
1145 3478 1200 3561 qui
1216 3477 1265 3543 eni
1281 3477 1361 3542 iuris
1377 3480 1438 3555 est,
1463 3481 1526 3545 etc.

369 3583 489 3660 Quodsi
511 3584 676 3667 generalis
699 3584 751 3649 bic
774 3584 938 3651 libertatis
962 3587 1139 3667 conceptus
1162 3583 1194 3647 in
1218 3582 1326 3667 specie
1349 3582 1390 3648 ad
1411 3584 1525 3649 huma·

269 3710 354 3755 nam
386 3690 592 3755 activitatem
623 3689 817 3774 applicatur,
850 3690 972 3774 duplex
994 3688 1168 3774 praecipue
1191 3688 1354 3755 libertatis
1377 3688 1525 3772 acceptio

270 3796 402 3863 oritur:

371 3906 400 3969 1.
422 3903 572 3970 [sibertus
596 3926 617 3968 α
632 3906 797 3987 coactione,
822 3924 907 3986 qnae
922 3924 1051 3968 omnem
1067 3901 1254 3967 violentiam
1272 3904 1306 3965 et
1322 3900 1523 3965 coactionem

269 4008 434 4075 excludit.
465 4008 558 4075 Haec
572 4009 710 4075 libertas
725 4012 876 4094 respectu
893 4008 1075 4074 voluntatis
1090 4008 1252 4071 humanae
1268 4004 1407 4071 vocatur
1422 4028 1524 4071 aasen-

268 4118 377 4199 tialis,
408 4115 484 4197 qnia
513 4114 670 4181 violentia
700 4115 733 4179 in
765 4119 858 4181 actus
883 4114 1064 4180 voluntatis
1087 4112 1235 4197 proprios
1259 4110 1376 4177 cadere
1399 4113 1523 4195 nequit,

269 4244 317 4288 ac
340 4221 434 4307 proin
457 4221 519 4287 hoc
542 4242 640 4287 sensu
663 4221 801 4287 liberum
825 4220 910 4286 idem
935 4224 987 4286 est
1010 4240 1048 4284 ac
1072 4222 1298 4285 uoluntarium.

369 4332 400 4396 2.
423 4328 572 4395 Libertus
595 4352 616 4394 c
638 4330 820 4394 acceemoete
843 4326 993 4410 (libertas
1012 4325 1258 4399 indifferentiae,
1283 4324 1420 4389 liberum
1437 4323 1523 4388 arbi-

269 4432 400 4513 trium).
447 4433 538 4500 Haec
560 4434 720 4519 imprimis
742 4434 879 4499 libertas
902 4434 1093 4517 plerumque
1116 4430 1265 4513 intellegi
1287 4430 1381 4507 solet,
1404 4430 1460 4494 ubi
1485 4451 1524 4495 ea

269 4540 392 4625 agenti
414 4540 568 4606 rationali
591 4540 791 4618 attribuitur,
816 4541 931 4621 estque
951 4538 1097 4604 condicio
1113 4536 1299 4603 necessaria
1315 4535 1448 4601 moralis
1464 4556 1523 4601 va·

270 4646 356 4712 loris
379 4650 512 4712 actuum
534 4646 760 4713 humanorum.
792 4645 900 4722 Quare
923 4644 1019 4711 huius
1040 4644 1243 4731 potissimum
1260 4642 1350 4709 notio
1374 4642 1523 4708 hocloco

270 4752 466 4835 diligentius
489 4751 726 4818 consideranda
750 4753 810 4817 eet.

366 4917 375 4948 ¹
395 4877 510 4985 boaret,
528 4914 569 4969 De
588 4915 742 4969 voluntario
760 4919 788 4968 et
805 4914 989 4968 involuntario
1008 4915 1077 4985 disp.
1097 4916 1122 4977 2,
1141 4918 1207 4968 sect.
1229 4915 1252 4975 1.
1271 4932 1297 4967 n.
1317 4913 1341 4967 7.

363 5004 375 5037 ’
395 5004 425 5057 S.
449 5004 541 5057 l'tcm.
559 5002 578 5059 l.
597 5020 621 5057 c.
640 5020 664 5057 a.
682 5004 701 5057 4
719 5003 753 5056 ad
773 5004 798 5057 3.
