3909 5842
503 689 544 744 De
563 689 696 745 virtutum
714 691 858 746 moralium
876 693 1041 748 necessitate
1060 697 1088 748 et
1107 692 1270 748 condicione.
1444 699 1508 764 299

264 865 417 932 sitionem
447 867 488 932 de
511 867 718 950 operatione;
749 867 834 935 sicut
856 873 951 953 patet
974 869 1015 936 de
1038 890 1087 948 eo,
1119 870 1174 954 qui
1197 871 1270 937 vult
1292 872 1509 952 considerare,

264 971 406 1037 nondum
429 972 553 1038 habens
575 973 736 1040 scientiae
758 974 917 1052 habitum,
942 980 976 1042 et
1001 975 1053 1058 qni
1072 975 1144 1042 vult
1159 975 1336 1042 secundum
1353 977 1509 1045 virtutem

266 1097 376 1160 agere,
400 1077 514 1145 habitu
537 1078 672 1146 virtutis
695 1068 822 1146 carens.
854 1081 951 1148 Unde
973 1080 1185 1166 philosophus
1201 1082 1281 1149 dicit
1295 1083 1329 1148 in
1346 1085 1376 1151 5.
1392 1083 1510 1163 Echio..

265 1185 348 1266 quod
373 1187 547 1268 repentina
569 1187 711 1254 suntab
733 1187 857 1254 habitu.
909 1189 1023 1272 Tertio,
1054 1192 1091 1254 ut
1116 1190 1340 1256 delectabiliter
1362 1191 1510 1274 perfecta

265 1291 414 1386 operatio
437 1293 651 1378 compleatur,
676 1294 763 1376 quod
786 1294 917 1376 quidem
939 1297 978 1361 iit
1001 1315 1061 1379 per
1083 1294 1240 1363 habitum.
1287 1295 1348 1373 Qui
1373 1317 1444 1363 cum
1469 1298 1512 1364 sit

264 1417 324 1481 per
353 1397 485 1464 modum
516 1399 683 1466 cuiusdam
713 1404 863 1480 naturae,
894 1401 1117 1486 operationem
1146 1402 1208 1467 sibi
1231 1403 1395 1488 propriam
1420 1404 1512 1487 quasi

264 1504 450 1570 naturalem
485 1505 593 1573 reddit
628 1511 663 1574 et
696 1527 755 1591 per
789 1528 993 1590 consequens
1028 1508 1265 1576 delectabilem.
1317 1509 1404 1576 Nam
1437 1531 1511 1576 con·

264 1610 433 1678 venientia
455 1616 508 1678 est
531 1613 759 1680 delectationis
782 1635 893 1681 causa.
937 1613 1033 1682 Unde
1056 1615 1269 1699 philosophus
1291 1616 1325 1681 in
1350 1619 1380 1682 2.
1405 1615 1511 1684 Ethic.

263 1718 357 1802 pouit
380 1718 509 1802 signum
533 1719 665 1786 habitus
689 1721 941 1787 delectationem
965 1721 999 1786 in
1024 1741 1123 1806 opere
1147 1723 1419 1789 exsistentem.“1

263 1855 332 1927 336.
423 1859 487 1925 Sed
511 1861 783 1944 quemadmodum
807 1860 954 1946 operatio
978 1861 1123 1941 moralis,
1147 1866 1186 1928 ut
1202 1861 1350 1946 perfecta
1366 1861 1419 1939 sit,
1444 1861 1511 1926 vir-

263 1966 336 2029 tute
358 1964 467 2031 fulciri
490 1965 598 2046 debet,
628 1971 675 2033 ita
698 1971 801 2034 oirtca
824 1971 906 2054 ipsa,
938 1977 972 2034 al
995 1971 1136 2056 perreriae
1160 1971 1211 2050 ait,
1236 1969 1386 2054 relipione
1409 1967 1511 2050 infor-

264 2079 368 2136 metur
396 2093 518 2139 necesse
548 2082 601 2141 cat.
648 2075 693 2140 Et
722 2097 802 2141 saue
829 2076 954 2142 virtute
977 2075 1120 2160 praediti
1143 2097 1207 2141 non
1231 2096 1352 2154 sumus,
1383 2075 1446 2140 nisi
1469 2073 1510 2140 sd

264 2177 475 2244 conformiter
497 2179 673 2245 vivendum
696 2183 807 2246 ordini
830 2184 999 2262 rationali,
1032 2181 1087 2264 qui
1110 2185 1249 2246 naturae
1272 2185 1405 2246 nostrae
1429 2204 1510 2247 oom-

263 2286 343 2367 pletr
365 2293 507 2370 sumptae
525 2287 712 2370 respondet,
737 2287 952 2354 habitualiter
974 2288 1201 2372 disponamur;
1226 2287 1288 2352 hac
1310 2289 1420 2352 autem
1444 2287 1509 2352 dis·

265 2390 426 2472 positione
448 2393 505 2458 ilie
531 2393 680 2478 profecto
710 2399 812 2473 caret,
843 2393 899 2477 qui
922 2416 987 2460 non
1010 2395 1060 2462 ita
1083 2397 1192 2460 mente
1215 2397 1425 2477 comparatus
1447 2398 1509 2470 est,

266 2503 304 2562 ut
331 2500 403 2564 toto
433 2499 531 2564 corde
560 2504 595 2567 et
625 2501 733 2567 animo
762 2522 856 2566 suam
880 2522 900 2567 a
923 2501 994 2567 Deo
1025 2500 1276 2584 dependentiam
1303 2499 1336 2564 in
1360 2499 1509 2565 omnibus

264 2605 460 2686 profiteatur
490 2610 524 2672 et
553 2611 782 2689 prosequatur,
813 2627 853 2673 ac
876 2605 1022 2690 proinde,
1054 2607 1110 2689 qui
1132 2606 1236 2671 Deum
1269 2627 1332 2670 non
1355 2604 1508 2687 religiose

266 2711 362 2776 colat.
386 2710 425 2776 In
437 2711 548 2777 divino
561 2713 646 2777 enim
659 2713 814 2796 obsequio
827 2717 861 2780 et
876 2713 967 2779 cultu
978 2712 1094 2796 religio
1107 2711 1282 2779 universim
1296 2711 1455 2778 consistit.
1466 2747 1509 2756 -

265 2815 444 2883 Praeterea
466 2819 574 2884 virtus
597 2823 712 2885 nostra
734 2820 877 2904 genuina
899 2841 964 2886 non
988 2824 1050 2898 est,
1075 2819 1137 2884 nisi
1160 2822 1255 2884 actus
1273 2817 1390 2884 morali
1406 2817 1510 2884 ordini

265 2943 323 2987 seu
352 2923 418 3005 legi
446 2924 576 2991 divinae
599 2926 812 2992 consentanei
835 2947 877 2991 ex
899 2926 1003 3010 ipsius
1025 2925 1109 3008 legis
1132 2924 1319 2990 reverentia
1342 2928 1376 2989 et
1399 2943 1510 2990 amore

264 3030 461 3109 procedant;
485 3033 577 3114 atqui
600 3033 788 3098 reverentia
810 3036 845 3098 et
868 3052 960 3099 amor
982 3031 1066 3114 legis
1090 3030 1186 3097 aDei
1210 3029 1384 3096 dilectione
1408 3032 1442 3095 et
1456 3049 1509 3094 re-

265 3136 416 3202 verentia
439 3137 588 3222 separari
611 3159 674 3204 non
698 3141 851 3222 possunt3
876 3159 981 3220 neque
1005 3137 1090 3202 enim
1110 3137 1182 3222 ipsa
1204 3136 1300 3216 ratio,
1326 3157 1422 3219 quam
1439 3135 1509 3201 Deo

263 3241 447 3324 legislatori
470 3242 670 3310 substituere
694 3243 802 3309 conati
826 3248 904 3309 sunt
926 3243 1163 3322 rationalistae,
1192 3241 1291 3308 aliam
1314 3241 1508 3324 dignitatem

265 3353 366 3431 atque
389 3349 587 3431 obsequendi
609 3349 830 3416 reverentiam
854 3350 916 3415 sibi
931 3349 1099 3415 vindicare
1116 3351 1236 3432 potest,
1261 3347 1323 3413 nisi
1339 3368 1421 3426 eam,
1446 3367 1510 3429 qua

264 3476 332 3520 vox
355 3455 526 3539 praeconis
549 3460 610 3534 est,
642 3455 736 3520 nobis
766 3456 950 3522 absolutam
974 3455 1036 3521 Dei
1067 3455 1247 3520 bonitatem
1279 3457 1312 3518 et
1342 3453 1511 3518 sanctissi-

264 3582 353 3627 mam
382 3561 588 3629 voluutatem
617 3562 820 3631 renuntians.
867 3562 974 3640 Quare
998 3563 1140 3628 morales
1162 3561 1333 3646 impiorum
1358 3558 1510 3638 virtuteS,

265 3668 383 3751 quibus
405 3667 569 3734 interdum
592 3669 760 3752 religionis
776 3673 1020 3752 contemptores
1041 3667 1236 3751 gloriantur,
1260 3687 1332 3732 cum
1349 3665 1382 3732 S.
1399 3667 1512 3748 Augu·

265 3774 354 3841 atino
379 3774 568 3857 ,splendida
589 3775 690 3841 vitia“
718 3775 836 3841 merito
860 3774 994 3840 dixeris.

356 3879 514 3945 Similiter
535 3900 641 3962 neque
664 3881 738 3946 vitii
760 3885 913 3947 naturam
930 3880 1002 3962 quis
1018 3884 1174 3944 accurate
1190 3877 1329 3954 noverit,
1354 3877 1417 3941 uisi
1433 3876 1511 3941 illud

264 3987 372 4051 relate
394 3987 436 4051 ad
460 3987 564 4052 Deum
589 3987 855 4053 consideraverit.
902 3985 989 4051 Fieri
1014 3985 1099 4050 enim
1127 4006 1192 4050 non
1223 3988 1342 4068 potest,
1373 4005 1394 4048 u
1440 3981 1512 4064 quis

264 4094 424 4159 virtutem
440 4093 533 4158 flocci
548 4092 679 4169 habeat,
704 4094 781 4176 quin
797 4115 836 4159 eo
851 4094 923 4177 ipso
940 4092 1034 4175 quasi
1051 4093 1155 4157 Deum
1172 4093 1378 4166 contemnam
1396 4093 1513 4154 —aut

264 4199 488 4266 conscientiae
511 4199 675 4266 dictamen
698 4201 857 4282 negligat,
882 4199 959 4281 quin
984 4197 1125 4283 supremi
1149 4195 1349 4280 legislatoris
1371 4193 1513 4261 auctori·

265 4311 372 4373 tatem
395 4307 506 4373 violet.
541 4306 629 4371 Male
652 4305 754 4389 igitur
776 4327 845 4371 rem
869 4305 1077 4387 intellegunt,
1102 4303 1157 4386 qui
1180 4303 1254 4369 vitii
1277 4297 1512 4384 turpitudinem

264 4414 301 4478 in
330 4411 402 4477 sola
431 4412 652 4496 repugnantia
681 4433 755 4478 cum
784 4411 929 4477 humana
958 4409 1122 4493 dignitate
1153 4413 1187 4475 et
1210 4408 1413 4494 perfectione
1437 4427 1513 4472 con·

265 4521 426 4598 stituunt;
450 4512 549 4604 plane
572 4523 681 4584 autem
705 4519 830 4584 insulsa
854 4521 906 4584 est
921 4517 1149 4582 nonnullorum
1168 4517 1311 4598 querela,
1337 4514 1423 4596 quod
1438 4533 1513 4597 pcc·

266 4633 378 4694 catum
402 4647 423 4691 a
446 4625 612 4691 veteribus
634 4629 672 4690 ut
694 4625 816 4709 offensa
839 4629 875 4690 ct
897 4623 1017 4689 iniuria
1040 4623 1109 4688 Deo
1132 4623 1226 4687 illata
1250 4619 1392 4687 maxime
1419 4639 1513 4703 spec·

265 4738 341 4800 tata
363 4732 473 4797 fuerit.
519 4731 674 4797 Profecto
697 4751 803 4814 neque
826 4735 957 4797 veteres
979 4729 1076 4812 fugit,
1107 4750 1128 4795 a
1151 4731 1304 4794 creatura
1333 4725 1412 4792 nihil
1436 4724 1513 4834 mali

267 4841 338 4904 Deo
368 4838 493 4914 inferri,
524 4838 609 4904 sicut
639 4859 699 4904 nec
728 4837 835 4903 virtus
858 4837 888 4902 ei
911 4835 986 4902 boni
1010 4835 1133 4917 aliquid
1157 4836 1269 4910 affert,
1294 4869 1338 4878 -
1362 4831 1419 4897 sed
1442 4833 1513 4896 iure

360 5031 368 5062 ¹
388 5029 498 5094 Quaeet.
518 5029 585 5099 disp.
605 5029 645 5082 De
663 5028 727 5082 virt.
747 5027 774 5081 in
794 5045 889 5082 comm.
909 5043 934 5081 a.
955 5027 978 5080 1.
