3909 5842
428 691 468 745 De
487 688 640 761 praecipuis
657 688 729 757 legis
747 689 880 743 naturalis
897 687 1118 758 proprietatibus.
1138 715 1170 724 —
1190 684 1399 740 Universalitas.
1476 689 1540 752 245

298 869 408 935 dabat.
439 867 546 944 Quare
562 866 680 933 merito
696 867 864 950 apostolus
880 866 920 931 de
936 865 1090 949 gentibus
1106 863 1166 930 ait:
1197 863 1292 940 ,Cum
1310 863 1542 946 cognovissent

299 977 412 1051 Deum,
436 995 502 1040 non
524 974 611 1039 sicut
633 974 737 1039 Deum
761 973 1045 1055 glorificaverunt“
1075 969 1171 1051 (Rom
1201 973 1226 1048 l,
1252 968 1319 1051 21).

387 1080 491 1146 Multo
515 1081 615 1145 etiam
638 1078 744 1144 minus
767 1080 809 1144 ad
831 1078 1095 1145 labefactandam
1119 1077 1225 1143 thesin
1251 1077 1298 1142 illi
1324 1075 1542 1143 accidentales

299 1208 426 1254 errores
449 1191 565 1254 contra
586 1190 764 1271 praecepta
785 1185 924 1252 moralia
946 1185 1031 1250 serio
1048 1183 1140 1249 nobis
1157 1182 1241 1249 obici
1256 1187 1403 1267 possunt,
1428 1181 1544 1264 quibus

299 1296 417 1362 ductae
446 1294 623 1360 nonnullae
652 1293 813 1359 barbarae
842 1297 959 1376 gentes
989 1292 1115 1359 licitum
1146 1291 1352 1358 existimasse
1382 1291 1543 1368 feruntur,

300 1393 352 1467 vel
375 1405 587 1468 senescentes
609 1403 765 1485 parentes
788 1421 806 1466 e
829 1399 935 1466 medio
958 1399 1085 1478 tollere,
1110 1399 1164 1464 vel
1188 1398 1286 1465 certis
1302 1397 1543 1464 condicionibus

299 1507 468 1574 mendacio
499 1507 558 1586 uti,
593 1507 685 1573 furta
716 1510 751 1572 et
782 1506 955 1572 latrocinia
988 1505 1201 1572 committere.
1248 1505 1285 1569 ln
1315 1505 1365 1570 his
1396 1503 1544 1570 omnibus

300 1615 420 1699 quippe
449 1635 515 1680 non
543 1619 612 1680 tam
646 1613 824 1679 communis
854 1612 1004 1698 principii
1034 1611 1197 1694 ignoratio
1228 1632 1324 1693 quam
1355 1611 1441 1676 falsa
1475 1611 1544 1676 eius

296 1724 443 1807 practica
465 1723 683 1807 interpretatio
706 1724 854 1804 apparet,
878 1718 1091 1784 suadentibus
1114 1719 1305 1802 plerumque
1327 1717 1545 1802 peculiaribus
1635 1791 1636 1794 Ἴ

301 1827 494 1910 quibusdam
524 1847 633 1892 rerum
657 1825 819 1892 adiunctis
841 1826 913 1892 sive
936 1825 1094 1890 localibus
1117 1823 1188 1889 sive
1211 1823 1446 1907 personalibus.
1492 1822 1545 1889 lta

301 1932 493 1998 nominatim
523 1932 580 1997 ille
601 1930 766 2016 parricidii
790 1951 871 2009 mos,
902 1930 989 2014 apud
1013 1930 1102 1996 ieras
1126 1929 1282 2013 quasdam
1307 1934 1342 1996 et
1364 1927 1545 2012 silvivagas

301 2039 406 2106 tribus
429 2038 581 2116 usitatus,
604 2037 677 2102 rudi
699 2036 809 2121 potius
831 2036 970 2101 filiorum
996 2034 1244 2102 benevolentiae
1267 2055 1363 2116 qnam
1386 2054 1466 2118 erga
1485 2054 1545 2118 pa-

301 2148 413 2210 rentes
427 2144 590 2228 impietati
610 2143 728 2209 merito
743 2142 909 2219 tribuitur,
926 2163 964 2207 eo
982 2142 1065 2224 quod
1082 2141 1262 2208 senectutis
1277 2139 1446 2206 molestias
1461 2140 1546 2206 inter

303 2253 474 2318 continuos
503 2248 679 2316 itinerandi
705 2249 835 2314 labores
857 2248 964 2314 minus
986 2249 1052 2313 illis
1075 2247 1264 2314 tolerabiles
1288 2266 1384 2327 quam
1407 2249 1546 2312 mortem

303 2378 377 2423 esse
399 2361 563 2442 putarent.
610 2356 762 2422 Ceterum
784 2376 953 2440 negamus,
984 2355 1186 2434 abarbaris,
1215 2353 1267 2436 qui
1293 2353 1371 2418 nihil
1395 2352 1465 2418 iere
1487 2352 1546 2417 ho·

304 2463 400 2528 minis
421 2467 555 2547 praeter
570 2462 779 2529 nahmtatem
796 2467 831 2528 et
845 2463 984 2545 figuram
1000 2461 1132 2540 habent,
1158 2458 1347 2526 discendum
1363 2479 1445 2538 esse,
1470 2459 1547 2542 quid

305 2569 416 2635 valeat
438 2569 524 2635 ratio
553 2568 693 2634 hominis
727 2589 805 2654 ,pro
835 2573 975 2635 naturae
1002 2567 1191 2634 condicione
1214 2565 1446 2632 convenienter
1469 2585 1547 2630 evo·

303 2677 406 2741 lnta“.
429 2713 473 2722 —
496 2673 669 2740 Mendacia
700 2695 789 2751 vero,
820 2673 911 2741 furta
941 2679 976 2740 et
1004 2673 1178 2741 latrocinia
1209 2673 1263 2739 vel
1295 2671 1361 2738 alia
1391 2670 1548 2737 eiusmodi

304 2781 460 2859 facinora,
484 2782 657 2846 sanandam
681 2803 713 2846 se
736 2780 955 2857 considerata,
979 2781 1021 2846 ab
1037 2780 1104 2845 ulla
1119 2800 1271 2862 umquam
1288 2783 1387 2862 gente
1402 2777 1549 2845 honestis

305 2910 345 2954 ac
373 2887 592 2954 laudabilibus
614 2887 797 2954 actionibus
820 2888 1036 2954 adnumerata
1058 2887 1170 2966 fuisse,
1198 2887 1338 2952 fidenter
1360 2885 1546 2951 infitiamur.

304 2994 429 3060 Eadem
460 2998 571 3060 autem
601 2993 730 3071 alicubi,
760 3013 820 3077 per
849 3013 958 3059 rerum
981 2993 1137 3060 adiuncta
1160 2996 1195 3058 et
1217 2992 1429 3059 suadentibus
1452 2990 1546 3056 simul

305 3101 455 3166 humanis
478 3100 721 3185 cupiditatibus,
752 3101 853 3184 vulgo
877 3101 1046 3166 aestimari
1069 3107 1106 3166 ut
1136 3099 1346 3178 excusabilia,
1377 3102 1476 3180 atque
1499 3097 1548 3164 ita

304 3211 473 3290 tamquam
497 3207 637 3274 relative
659 3208 752 3274 licita
775 3212 833 3275 ant
855 3208 973 3274 saltem
997 3207 1126 3292 publice
1151 3228 1215 3272 non
1239 3205 1375 3272 infamia
1398 3206 1431 3271 in
1454 3225 1548 3269 nsum

304 3313 463 3396 paulatim
487 3318 521 3379 et
544 3313 811 3378 consuetudinem
834 3313 950 3379 deduci
973 3311 1129 3397 potuisse,
1154 3312 1232 3377 nihil
1255 3315 1307 3377 est
1329 3311 1426 3388 aliud,
1451 3330 1548 3393 qnam

304 3421 391 3502 quod
413 3420 447 3485 in
470 3421 577 3486 altera
598 3420 702 3486 thesis
725 3425 820 3504 parte
843 3421 929 3486 ultro
953 3419 1171 3504 agnoscimus.
1218 3419 1323 3484 (lausa
1346 3417 1465 3502 quippe
1495 3415 1549 3481 vel

304 3526 432 3592 occasio
455 3525 593 3592 istorum
608 3547 756 3592 errorum
772 3547 837 3592 non
854 3532 905 3592 est
920 3526 1084 3609 ignoratio
1100 3525 1302 3609 generalium
1317 3524 1549 3609 principiorum

305 3631 398 3714 legis,
423 3632 480 3697 sed
504 3633 665 3714 quaedam
688 3633 722 3698 in
744 3633 784 3697 iis
801 3637 952 3699 concrete
968 3632 1172 3716 applicandis
1187 3631 1399 3716 perplexitas,
1424 3631 1550 3696 scilicet

305 3738 347 3804 ob
369 3741 583 3822 apparentem
606 3738 748 3821 aliquam
772 3739 934 3804 rationem
957 3737 1034 3803 boni
1057 3738 1110 3802 vel
1127 3737 1226 3804 etiam
1243 3736 1459 3815 necessitatis,
1485 3757 1549 3819 qua

305 3843 496 3909 inhonestas
525 3844 656 3909 aliunde
685 3844 807 3910 actioni
836 3844 1010 3910 inhaerens
1041 3843 1249 3926 aliquatenus
1280 3842 1356 3908 elidi
1379 3847 1438 3908 aut
1461 3863 1549 3908 com-

305 3950 434 4034 pensari
460 3949 543 4016 falsu
567 3954 733 4035 putatur1.
779 3951 857 4016 Ideo
887 3949 1003 4016 eadem
1032 3949 1090 4015 illa
1112 3949 1299 4028 malefacta,
1331 3949 1403 4027 etsi,
1435 3951 1550 4016 contra

305 4055 508 4139 alienigenas
537 4063 595 4124 aut
624 4059 656 4124 in
688 4079 890 4124 communem
920 4057 1063 4140 aliquam
1094 4057 1347 4142 propinquorum
1373 4056 1549 4122 utilitatem

398 4225 405 4255 ¹
425 4223 467 4276 Ex
484 4223 566 4277 simili
591 4224 666 4277 fonte
692 4224 836 4277 manifeste
860 4227 1007 4277 manarunt
1026 4223 1158 4292 quaedam
1178 4223 1205 4276 in
1224 4241 1253 4276 re
1271 4221 1366 4276 morali
1385 4222 1457 4275 falsu
1476 4220 1549 4274 theo·

305 4316 411 4365 remeia
429 4312 540 4379 gentilis
558 4313 753 4383 philosophiae,
772 4330 789 4366 a
808 4312 907 4381 quibas
919 4311 965 4365 vel
977 4311 1174 4380 sapientissimi
1193 4312 1251 4365 eius
1264 4311 1354 4376 duces,
1373 4315 1404 4364 ut
1417 4310 1550 4374 Socrates,

304 4397 393 4462 Plato,
413 4398 506 4453 Cicero
520 4405 581 4466 etc,
601 4402 734 4454 immunes
752 4418 805 4453 non
824 4403 910 4454 erant.
936 4400 978 4453 Ita
997 4418 1023 4453 v.
1043 4417 1069 4468 g.
1087 4401 1165 4454 Plato
1180 4401 1272 4464 (Polit.
1285 4417 1312 4470 p.
1326 4401 1377 4454 889
1387 4399 1421 4468 Β)
1442 4398 1549 4458 scribit:
1622 4405 1625 4416 '

305 4494 362 4550 τοῖς
379 4489 492 4559 ἄρχουσι
517 4493 551 4561 δὴ
570 4497 618 4562 τῆς
636 4491 745 4557 πόλεως,
771 4490 844 4559 εἴπερ
863 4491 926 4544 τισὶν
945 4489 1040 4556 ἄλλοις,
1067 4491 1194 4560 προσήκει
1215 4489 1364 4556 ψεύδεσθαι
1384 4489 1400 4556 ἢ
1420 4489 1551 4551 πολεμίων

305 4579 322 4646 ἢ
342 4578 453 4630 πολιτῶν
471 4579 547 4632 ἕνεκα
566 4577 605 4632 ἐπ’
626 4580 743 4649 ὠφελείᾳ
761 4585 809 4648 τῆς
828 4579 939 4638 πόλεως.
978 4579 1072 4632 Cicero
1092 4577 1180 4646 (Oret.
1200 4595 1249 4647 pro
1267 4575 1404 4644 Ligariol:
1433 4575 1550 4642 ,Quodsi

305 4665 422 4736 probare
441 4666 553 4722 Caesari
571 4686 726 4738 possemus,
752 4669 780 4722 in
799 4667 892 4722 Africa
911 4667 1051 4735 Ligarium
1070 4667 1177 4720 omnino
1196 4683 1249 4719 non
1268 4665 1369 4723 luisse.
1395 4667 1419 4717 si
1444 4666 1550 4719 honesto

305 4763 329 4808 et
349 4757 518 4809 misericordi
541 4760 679 4811 mendam
704 4759 787 4810 saluti
806 4759 871 4810 riuis
889 4757 1039 4809 calamitosi
1054 4756 1207 4837 'coasultum
1225 4771 1278 4808 esee
1295 4757 1432 4808 vellemus:
1459 4757 1550 4807 tamen

304 4843 423 4896 hominis
441 4861 494 4897 non
514 4849 601 4909 esset,
621 4846 648 4898 in
667 4848 744 4898 tanto
763 4844 919 4898 discrimine
939 4848 966 4897 et
986 4843 1106 4914 periculo
1125 4843 1194 4897 civis
1213 4842 1339 4896 refellere
1358 4846 1386 4895 et
1404 4859 1551 4909 coarguere

305 4935 429 4986 nostrum
447 4933 640 4987 mendacium.n
683 4933 724 4987 cf.
744 4935 900 5003 Sophocles,
919 4932 1064 4987 Philoctet.
1084 4951 1110 4986 v.
1132 4932 1183 4986 108
1202 4948 1267 5000 sqq,
1294 4949 1320 4984 v.
1340 4931 1392 4986 233
1405 4948 1456 5000 sqq
1464 4951 1470 4994 ;
1490 4930 1550 4996 813,

304 5020 458 5076 scs-885.
