3909 5842
682 703 723 758 De
744 703 891 774 ‚principio
909 702 1100 758 moralitatia“.
1451 707 1513 772 147

262 885 406 967 propter
429 904 502 948 cum
525 881 596 966 ipso
611 882 681 946 Deo
705 881 817 947 mundi
840 884 974 947 auctore
998 901 1056 946 seu
1080 901 1153 946 cum
1173 882 1257 968 λόγῳ
1274 881 1385 947 divino
1400 881 1520 949 identi-

263 991 389 1054 linatur
399 991 421 1056 ¹.
467 988 506 1054 In
530 1008 570 1053 ea
592 987 694 1070 igitur
717 987 813 1054 Plato
837 991 906 1053 tum
931 986 1135 1053 aestheticae
1156 989 1229 1052 tum
1252 987 1380 1054 ethicae
1402 988 1521 1054 funda·

262 1099 418 1161 mentum
440 1094 572 1179 reperit.

359 1201 452 1278 Quod
476 1201 509 1266 in
533 1200 643 1284 specie
666 1200 709 1266 ad
732 1199 875 1266 ethicam
899 1200 1030 1275 attinet,
1060 1199 1152 1264 cuius
1175 1199 1370 1266 documenta
1393 1201 1427 1265 in
1449 1204 1523 1267 tota

265 1308 384 1390 aliqua
407 1306 610 1389 dialogorum
635 1306 720 1370 serie
744 1305 917 1390 (imprimis
940 1327 961 1372 a
981 1305 1202 1389 ,Protagora“
1224 1327 1327 1389 usque
1343 1308 1385 1374 ad
1405 1308 1522 1386 „Rem-

265 1412 472 1498 puhlicam“)
489 1433 606 1496 sparsa
621 1412 793 1491 habentur,
810 1412 892 1479 haec
908 1412 1113 1496 potissimum
1129 1412 1276 1478 notanda
1290 1417 1384 1479 sunt:
1409 1415 1522 1481 Finem

266 1542 456 1608 supremum
486 1519 647 1602 simulque
677 1539 838 1584 summum
869 1519 990 1584 bonum
1019 1518 1160 1584 hominis
1188 1519 1223 1584 in
1251 1519 1398 1586 maxima
1424 1541 1521 1603 quam

267 1624 406 1708 assequi
437 1625 542 1709 possit
575 1628 804 1692 assimilatione
837 1648 907 1692 cum
937 1627 1016 1709 Deo,
1049 1625 1190 1692 absoluto
1223 1626 1311 1709 bono,
1344 1626 1525 1692 consistere

269 1733 386 1808 docet;
417 1731 460 1798 ad
489 1731 522 1796 id
551 1731 714 1796 hominem
746 1731 872 1815 disponi
903 1752 962 1815 per
993 1730 1093 1798 animi
1124 1730 1273 1809 virtutes,
1305 1731 1419 1814 quales
1446 1738 1524 1798 sunt

269 1837 438 1922 sapientia
452 1836 592 1924 (σοφία),
609 1837 768 1904 fortitudo
784 1836 959 1924 (ἀνδρεία),
979 1837 1201 1922 temperantia
1215 1837 1450 1925 (σωφροσύνη),
1474 1839 1524 1904 iu·

270 1943 368 2008 stitia
383 1942 604 2031 (discremina),
629 1943 737 2028 pietas
759 1943 915 2026 religiosa
938 1964 997 2008 seu
1018 1943 1145 2010 institia
1166 1964 1248 2026 erga
1263 1944 1341 2009 deos
1357 1945 1523 2035 (ὁσιότης).

271 2049 361 2115 Huic
385 2049 452 2128 fini,
473 2049 601 2116 ratione
623 2049 674 2115 sui
689 2049 897 2128 intendenda,
924 2069 1052 2114 omnem
1068 2050 1230 2115 rationem
1246 2050 1427 2134 voluptatis
1452 2071 1525 2116 esse

272 2155 564 2222 subordinandam.
592 2155 709 2238 Itaque
720 2158 917 2241 principium
929 2157 1122 2222 moralitatis
1133 2158 1330 2241 platonicam
1345 2157 1409 2222 huc
1424 2157 1524 2223 redit:

274 2265 442 2330 moraliter
465 2261 581 2328 bonum
605 2271 658 2344 est,
683 2264 843 2350 quidquid
869 2270 896 2328 et
919 2270 1075 2348 quotenus
1097 2263 1255 2327 bominem
1278 2263 1356 2346 Deo,
1385 2263 1526 2329 absoluto

274 2372 367 2452 bono,
392 2371 536 2446 similem
560 2372 690 2452 inulam,
715 2371 874 2456 quidquid
898 2371 1085 2434 dissimilem
1108 2369 1226 2434 reddit.

366 2475 405 2542 In
428 2495 527 2558 opere
543 2475 583 2540 de
600 2475 778 2560 Republica
795 2476 889 2542 Plato
913 2475 1005 2542 ideas
1029 2474 1157 2542 ethicae
1179 2474 1390 2541 individualis
1411 2477 1527 2541 lauda-

274 2582 390 2649 biliter
399 2581 529 2664 quidem
543 2581 584 2648 ad
595 2582 757 2666 publicam
770 2601 898 2663 quoque
910 2581 1086 2647 humanam
1099 2581 1303 2658 societatem,
1316 2602 1413 2663 quam
1423 2583 1528 2648 veluti

277 2689 442 2754 hominem
461 2688 667 2753 collectivum
684 2709 741 2753 seu
758 2688 977 2753 universalem
991 2688 1186 2765 considerat,
1204 2688 1370 2772 applicare
1382 2688 1527 2772 suscipit.

278 2795 404 2860 Verum
429 2795 626 2876 analogiam,
652 2815 736 2876 quae
751 2795 838 2862 inter
858 2795 1022 2860 hominem
1038 2794 1240 2861 individuum
1256 2799 1291 2861 et
1306 2794 1529 2876 organismum

278 2901 436 2968 socialem
451 2901 621 2968 moraliter
636 2923 735 2967 unum
747 2901 888 2980 exsistit,
906 2901 1183 2984 praetermodum
1194 2921 1412 2984 exaggerans,
1429 2922 1529 2984 quae·

278 3009 356 3074 darn
370 3008 543 3074 corollaria
553 3007 689 3074 deduxit
698 3007 842 3074 infelicis
852 3011 952 3090 atque
961 3007 1069 3072 iustae
1079 3006 1167 3072 civili
1177 3006 1324 3074 libertati
1335 3008 1527 3092 perniciosa.

278 3146 345 3217 172.
435 3149 470 3229 b)
494 3148 695 3234 Principiam
710 3149 935 3214 theonomicum
951 3146 1049 3227 (alias
1065 3147 1164 3212 etiam
1180 3147 1398 3229 theologicum
1416 3149 1529 3232 appel·

279 3257 410 3337 latum).
457 3254 548 3332 Quod
579 3255 644 3319 iarn
670 3255 764 3320 Plato
795 3259 1005 3338 perspectum
1029 3254 1186 3332 habebat,
1218 3253 1343 3318 scilicet
1372 3275 1437 3318 non
1466 3256 1527 3319 nisi

279 3363 315 3427 in
331 3361 402 3426 Deo
426 3361 574 3426 ultimam
598 3361 759 3427 rationem
784 3361 887 3426 omnis
908 3361 1102 3426 discriminis
1118 3359 1252 3425 moralis
1267 3359 1405 3424 inveniri
1421 3381 1528 3444 posse,

280 3468 368 3533 idem
399 3471 488 3533 certe
518 3468 621 3533 multo
651 3469 757 3532 miuus
785 3489 805 3533 a
829 3466 1009 3532 christiana
1031 3464 1236 3549 philosophia
1258 3465 1405 3547 ignorari
1426 3466 1529 3544 licuit,

280 3579 398 3658 utpote
428 3575 525 3656 longe
555 3573 806 3656 perfectioribus
837 3573 877 3637 de
900 3573 970 3638 Deo
995 3571 1128 3654 eiusque
1152 3571 1321 3636 attributis
1344 3572 1530 3637 notionibus

282 3681 398 3746 ditata.
434 3680 507 3747 Una
529 3684 658 3746 tantum
682 3680 716 3744 in
740 3700 779 3744 ea
803 3701 839 3744 re
862 3679 948 3744 inter
964 3677 1174 3761 philosophos
1190 3676 1387 3744 christianos
1403 3678 1530 3763 discep-

281 3787 376 3852 tandi
392 3785 477 3851 ratio
493 3789 675 3868 supererat,
691 3785 842 3850 nimirum
857 3785 896 3850 de
912 3784 1055 3850 arctiore
1071 3783 1259 3850 definitione
1271 3784 1416 3850 eiusdem
1428 3785 1529 3851 divini

281 3891 496 3960 fundamenti.
523 3891 669 3956 Fuerunt
678 3891 779 3973 igitur
788 3891 875 3956 inter
883 3891 1105 3975 philosophos,
1115 3890 1315 3972 theologiam
1327 3889 1530 3975 (protestan-

281 3998 397 4080 ticam)
421 3997 517 4064 simul
539 3999 742 4081 profitentes,
768 3998 821 4080 qui
845 3998 925 4062 illud
950 3997 1124 4062 discrimen
1140 3997 1174 4061 in
1197 3997 1270 4080 ipsa
1294 3999 1406 4063 divino
1423 4001 1529 4063 oolam-

281 4117 345 4174 tote
368 4107 439 4172 sive
463 4103 592 4170 ratione
615 4104 686 4170 sive
709 4103 853 4188 positiva
876 4102 1079 4169 revelatione
1095 4102 1189 4167 nobis
1204 4102 1418 4169 manifestata
1433 4104 1531 4186 plane

282 4215 383 4280 situm
414 4232 487 4278 esse
517 4209 689 4288 docebant,
721 4229 816 4274 omne
846 4207 1041 4292 principium
1063 4207 1263 4273 moralitatis
1286 4209 1529 4291 deontologico·

282 4318 445 4386 rationale
468 4317 509 4382 ad
533 4316 636 4381 solam
660 4315 799 4397 denique
814 4315 977 4380 rationem
992 4314 1223 4397 conformitatis
1239 4322 1296 4379 out
1312 4315 1531 4396 difformitatis

284 4448 352 4492 cum
379 4425 491 4488 divina
513 4425 671 4487 volitatote
693 4422 897 4488 reducentes.

373 4529 469 4594 Hanc
485 4529 683 4594 sententiam
695 4527 782 4594 inter
794 4527 876 4594 alios
889 4527 1092 4612 potissimum
1106 4527 1253 4592 defendit
1266 4527 1340 4593 cur.
1354 4531 1435 4614 Auo.
1451 4530 1530 4594 Gro-

284 4637 374 4704 εἱιιο2
397 4635 657 4716 (1712-1775),
688 4633 808 4718 Lipsiis
837 4633 1064 4718 philosophiae
1092 4638 1126 4700 et
1153 4631 1341 4716 theologiae
1363 4633 1531 4716 professor

285 4764 323 4808 ac
346 4741 543 4826 praecipuus
567 4761 604 4806 eo
628 4743 777 4824 tempore
800 4740 1027 4824 philosophiae
1051 4740 1222 4805 wolfianae
1246 4739 1465 4806 adversarius.

378 4965 383 4991 ¹
404 4957 533 5027 Respubl.
554 4958 578 5021 6,
599 4957 680 5011 tusa
699 4971 746 5023 sq;
766 4954 897 5008 Philebus
916 4955 958 5009 22.

374 5049 385 5081 ²
404 5047 580 5112 Anweisung‚
600 5045 759 5112 vernunltig
777 5061 810 5098 zu
829 5043 917 5110 leben,
936 5043 1047 5114 Leipzig
1067 5045 1144 5097 1744.

1253 5133 1305 5186 10*
