3909 5842
410 703 475 769 480
517 674 520 679 ’
619 698 709 755 seca
728 699 761 754 n.
799 698 879 753 citer
897 699 931 753 n.
970 698 1058 768 espa
1076 697 1123 753 m.
1162 697 1301 752 aaronita
1319 696 1344 751 a.
1381 696 1443 764 er.

411 876 551 955 pendant,
574 876 650 952 quod
671 876 804 935 moderni
818 876 960 954 temporis
974 874 1177 953 philosophus,
1198 874 1237 934 H.
1251 874 1341 933 doni
1354 871 1551 947 (Natumecht
1564 874 1623 931 211
1640 873 1665 938 lt

410 974 664 1052 lurisprudentiae
694 973 940 1034 considerandum
968 973 1110 1048 suggerit.
1151 972 1241 1045 (Vide
1268 991 1359 1049 snpra
1386 976 1446 1031 not.
1468 972 1507 1029 ad
1528 990 1558 1030 n.
1581 972 1664 1043 560).

882 1130 1124 1199 Articulus
1148 1130 1182 1199 2.

851 1259 900 1324 De
921 1260 1097 1343 partitione
1118 1260 1212 1322 iaris.

412 1396 482 1469 588.
574 1397 850 1475 Quemadmodum
875 1418 893 1463 e
917 1396 985 1463 suis
1008 1397 1153 1464 fontibus
1176 1396 1249 1462 iura
1272 1400 1523 1479 cognoscuntur,
1547 1396 1597 1461 ita
1618 1396 1663 1461 ab

411 1504 525 1570 iisdem
559 1504 765 1589 potissimum
798 1525 909 1571 eorum
943 1504 1119 1570 diversitas
1149 1502 1322 1587 dependet.
1375 1500 1482 1579 Quare
1512 1500 1663 1569 fontibus
1774 1517 1775 1604 J

412 1610 554 1677 definitis
578 1610 657 1676 nihil
681 1612 746 1677 iam
771 1610 875 1690 obest,
900 1611 1071 1695 quominus
1094 1610 1289 1693 praecipuos
1311 1608 1391 1675 iuris
1410 1608 1574 1693 partiendi
1589 1630 1663 1673 mo·
1774 1614 1776 1623 '

414 1718 482 1797 dos,
508 1718 628 1785 additis
652 1718 897 1803 specialioribus
921 1718 1184 1786 distinctionibus
1207 1718 1239 1782 in
1264 1716 1344 1783 iuris
1360 1716 1499 1783 scientia
1514 1715 1662 1786 usitatis,

414 1824 602 1908 conspectui
625 1824 831 1891 subiciamus.

445 1982 463 2065 ἓ
490 1986 517 2049 1.
557 1982 625 2048 Ius
655 2004 727 2067 pro
761 1984 977 2050 obiectiva
1007 1983 1378 2049 iustitiaenorma
1408 1987 1627 2066 acceptum

501 2096 747 2179 generalissime
772 2098 942 2164 dividitur:

413 2218 484 2291 nou.
574 2216 600 2288 1.
622 2216 656 2287 u
679 2216 730 2289 aa
753 2218 906 2291 serame
930 2220 965 2291 a
994 2217 1177 2310 positivum,
1208 2225 1307 2305 proc
1335 2222 1518 2286 tamenne
1541 2240 1562 2285 a
1585 2220 1663 2302 lege

412 2327 555 2393 naturali
580 2330 638 2393 aut
662 2326 703 2393 ab
727 2325 933 2393 ordinatione
957 2326 1061 2393 libera
1082 2326 1285 2409 legislatoris
1307 2348 1399 2392 suum
1417 2328 1564 2393 valorem
1581 2326 1663 2391 inri-

413 2431 519 2497 dicum
552 2434 688 2499 obtinet.
734 2432 779 2496 Et
801 2432 863 2497 hac
886 2432 1015 2515 quidem
1039 2431 1199 2497 divisione
1228 2432 1292 2498 iam
1316 2435 1519 2499 Aristotelea¹
1543 2432 1660 2498 utitur.
1774 2435 1775 2448 ³

412 2538 564 2621 Namque
587 2539 637 2604 ius
660 2538 787 2623 publice
810 2538 927 2620 vigens
950 2538 970 2619 (
968 2541 1002 2603 τὸ
1019 2538 1139 2603 δίκαιον
1156 2538 1325 2610 πολιτικόν)
1342 2538 1514 2622 distinguit
1531 2540 1660 2624 duplex,

414 2645 554 2710 alterum
578 2644 686 2727 legale
709 2643 847 2724 (δίκαιον
869 2646 1009 2729 νομικόν)
1025 2645 1165 2709 alterum
1181 2644 1333 2710 naturale
1348 2644 1486 2723 (δίκαιον
1502 2645 1662 2730 φυσικόν),
1774 2661 1775 2670 ’

415 2751 500 2831 quod
530 2751 656 2817 scilicet
685 2772 750 2816 non
781 2750 919 2817 utillud
945 2751 978 2815 vi
1001 2751 1085 2832 legis
1108 2750 1279 2834 positivae,
1304 2750 1361 2815 sed
1384 2770 1405 2815 a
1427 2758 1551 2816 antara
1573 2757 1662 2817 tam·
1774 2811 1775 2816 ,

416 2876 512 2937 quam
536 2856 586 2921 ius
602 2856 761 2933 subsistit,
785 2856 882 2940 idque
899 2857 1014 2943 ubique
1037 2858 1142 2922 eodem
1164 2858 1256 2921 modo
1280 2860 1314 2921 et
1338 2855 1599 2939 independenter
1621 2858 1663 2922 ab

413 2960 556 3027 humana
572 2961 731 3046 opinione,
749 2961 834 3027 unde
850 2960 900 3027 ius
924 2966 975 3028 est
991 2963 1171 3027 universale
1195 2970 1222 3026 el
1244 2983 1405 3027 commane
1419 2982 1485 3027 non
1501 2963 1661 3048 scriptum
1774 3047 1776 3052 Ι

415 3068 525 3153 (νόμος
548 3069 657 3146 κοινός,
681 3068 851 3155 ἄγραφος).

502 3176 559 3241 Ius
584 3178 753 3261 positivum
785 3197 882 3261 porro
913 3175 1069 3241 dividitur
1099 3174 1132 3239 in
1160 3173 1211 3239 ius
1241 3176 1386 3240 dianam
1416 3178 1451 3241 et
1473 3176 1662 3256 humanam,

415 3284 513 3365 prout
529 3282 710 3347 auctoritas
725 3282 867 3366 positive
883 3282 1024 3365 legifera
1038 3280 1226 3347 immediate
1242 3280 1354 3345 divina
1369 3284 1428 3347 aut
1441 3280 1590 3347 humana
1601 3288 1661 3349 est.

503 3388 559 3453 Ias
586 3392 755 3475 positivum
786 3390 941 3472 divinam,
973 3387 1059 3471 quod
1088 3387 1189 3453 etiam
1216 3386 1408 3471 simpliciter
1431 3389 1580 3453 diacum
1604 3409 1662 3453 vo·

415 3494 481 3558 cari
505 3494 599 3572 solet,
624 3494 758 3561 tametsi
780 3494 864 3561 idem
889 3515 1006 3560 nomen
1030 3494 1155 3577 pariter
1177 3494 1218 3559 de
1232 3493 1303 3559 iure
1318 3493 1461 3560 naturali
1477 3494 1662 3578 praedicari

413 3598 520 3676 debet,
546 3599 791 3682 comprehendit
813 3599 864 3664 ius
886 3600 989 3665 libere
1012 3599 1072 3664 Dei
1097 3600 1229 3666 decreto
1251 3598 1314 3665 iuri
1337 3600 1480 3665 naturali
1503 3602 1661 3685 superad-

416 3704 519 3795 ditum
543 3709 578 3771 et
600 3706 743 3790 positiva
767 3706 968 3773 revelatione
991 3706 1248 3773 manifestatum.
1295 3706 1385 3771 ldem
1408 3709 1521 3772 tamen
1540 3729 1662 3791 magna

415 3792 459 3876 ex'
487 3814 582 3895 parte
611 3812 653 3877 ad
684 3813 934 3897 explicationem
967 3812 1049 3895 legis
1072 3812 1232 3879 naturalis
1255 3811 1409 3896 pertinet,
1440 3813 1527 3878 unde
1551 3815 1662 3880 mutti-

415 3916 543 4000 pliciter
567 3938 638 3983 cum
662 3940 702 3983 ca
726 3918 832 4002 quoad
853 3919 1024 3985 materiam
1042 3916 1209 4001 congruit:
1234 3918 1291 3982 sed
1307 3921 1482 4002 praeterea
1497 3938 1556 3984 eas
1571 3920 1662 4002 leges

415 4024 653 4108 complectitur,
679 4045 760 4108 quas
779 4026 867 4090 Deus
890 4028 1059 4107 tamquam
1082 4022 1342 4109 supernaturalis
1365 4022 1488 4089 ordinis
1511 4026 1662 4091 conditor

415 4130 597 4196 hominibus
620 4130 784 4215 imposuit.
818 4130 1024 4215 Quapropter
1046 4129 1264 4197 subdividitur
1286 4129 1386 4195 iuius
1402 4130 1549 4196 divinum
1566 4140 1660 4208 adas,

416 4237 500 4321 quod
530 4237 563 4303 in
594 4238 698 4303 veteri
728 4240 928 4304 testamenta
960 4238 1012 4316 (ut
1035 4236 1075 4301 de
1106 4235 1311 4302 caerimoniis
1340 4241 1376 4303 et
1405 4237 1521 4320 politia
1544 4236 1661 4303 Iudae·

416 4344 539 4427 orum),
572 4348 606 4410 et
636 4366 764 4427 nomem,
797 4343 884 4425 quod
912 4343 945 4407 in
976 4363 1062 4408 novo
1094 4344 1145 4425 (ut
1175 4344 1214 4409 de
1245 4342 1478 4409 constitutione
1508 4346 1545 4409 et
1574 4343 1661 4425 regi-

416 4450 502 4515 mine
533 4448 699 4527 ecclcsiae,
732 4450 772 4513 de
801 4449 1017 4515 sacramentis
1040 4450 1118 4531 etc.)
1149 4448 1277 4515 divinus
1306 4448 1477 4531 legislator
1504 4449 1659 4538 instituit.

505 4556 561 4620 Ius
583 4557 759 4621 numanam

508 4665 535 4729 1.
551 4684 611 4747 pro
627 4664 747 4747 duplici
758 4663 900 4747 perfeeto
919 4671 946 4729 et
957 4664 1092 4748 legifero
1107 4666 1262 4745 socictate,
1279 4682 1364 4744 quae
1378 4661 1592 4744 inpraesenti
1608 4682 1661 4727 or·

417 4767 491 4832 dine
507 4768 733 4852 providentiae
748 4790 807 4853 pro
824 4769 964 4835 humano
984 4789 1104 4851 genere
1119 4768 1273 4835 instituta
1288 4772 1349 4846 est,
1373 4766 1524 4832 similiter
1539 4768 1660 4852 duplex

418 4872 643 4955 distinguitur:
669 4876 808 4941 alterum
831 4876 881 4941 ius
906 4878 1147 4941 ecclesiasticum
1169 4898 1224 4941 seu
1246 4877 1443 4956 cononicam,
1467 4874 1554 4955 quod
1570 4874 1661 4957 leges

473 4990 494 4995 “
509 5035 516 5065 ¹
529 4991 744 5085 'maia-nav
764 5048 787 5086 ο.
809 5032 849 5094 10,
871 5032 946 5093 1134,
966 5030 982 5083 ι
1005 5030 1044 5085 rs.
1082 5030 1123 5085 cf.
1143 5029 1254 5083 nasas.
1272 5027 1285 5080 1
1305 5026 1347 5091 ra,
1367 5027 1445 5093 lene,
1464 5027 1481 5082 n
1500 5028 1526 5081 a.
