3909 5842
627 651 667 706 Da
686 651 782 707 morali
800 655 909 708 actuum
928 653 1107 709 humanorum
1125 654 1316 710 indifferentia.
1535 659 1598 724 171

346 852 449 896 cnam
474 829 646 899 constituit
661 830 707 912 (n.
724 833 766 897 75
783 829 851 914 sq),
876 831 910 896 in
933 831 1021 898 omni
1044 835 1156 898 autem
1180 831 1265 898 serie
1286 830 1376 897 finali
1396 855 1463 898 uno
1487 853 1600 898 omnes

345 937 432 1002 fines
461 938 642 1003 intermedii
671 957 729 1004 seu
759 937 943 1004 secundarii
974 959 1040 1021 qua
1066 937 1152 1005 tales
1182 943 1287 1006 totam
1318 960 1411 1006 suam
1438 939 1600 1006 rationem

347 1041 427 1108 boni
457 1062 496 1108 ac
519 1041 592 1108 finis
615 1042 815 1128 participant
839 1064 859 1108 a
882 1045 946 1109 fine
969 1043 1084 1110 ultimo
1107 1043 1297 1111 tendentiae
1321 1044 1366 1129 (n.
1390 1044 1457 1127 25),
1487 1067 1599 1129 quem·

348 1147 525 1214 admodum
556 1149 641 1214 bona
674 1152 768 1216 utilio
800 1171 928 1216 omnem
959 1150 1122 1217 rationem
1144 1155 1212 1218 veri
1235 1151 1311 1217 boni
1333 1151 1535 1236 participant
1559 1152 1600 1218 ab

349 1276 400 1332 eo,
426 1254 513 1338 quod
536 1261 588 1324 est
610 1256 731 1322 bonum
752 1279 812 1342 per·
834 1278 867 1322 sc
890 1254 935 1338 (n.
961 1259 1003 1322 29
1028 1257 1070 1322 ad
1093 1255 1139 1339 4).
1187 1257 1283 1325 Unde
1305 1258 1371 1325 ita:

372 1395 375 1400 ·
441 1370 540 1449 Finis,
572 1391 669 1454 quem
698 1369 794 1437 homo
825 1371 928 1438 libere
957 1392 1099 1456 operans
1125 1372 1275 1456 proxime
1296 1373 1448 1452 intendit,
1479 1381 1536 1438 cut
1558 1372 1600 1437 ad

349 1479 448 1544 finem
480 1476 642 1556 ultimum,
671 1477 692 1545 i.
717 1498 745 1544 e.
770 1482 909 1545 naturae
940 1477 1096 1546 rationali
1125 1478 1319 1564 simpliciter
1341 1479 1599 1557 convenientem,

351 1583 462 1666 aliquo
484 1583 581 1650 modo
604 1582 746 1667 (scilicet
768 1585 823 1650 vel
845 1584 1034 1651 immediate
1057 1583 1112 1650 vel
1130 1585 1283 1664 mediate,
1308 1585 1362 1652 vel
1376 1586 1531 1670 explicite
1546 1586 1601 1652 vel

349 1688 508 1773 implicite
530 1711 589 1756 ssu
604 1689 804 1774 virtualiter)
820 1689 976 1768 refertur,
1002 1698 1059 1756 oct
1073 1690 1163 1756 nullo
1179 1690 1334 1757 modoad
1350 1711 1424 1756 eum
1439 1689 1599 1769 refertur;

350 1795 493 1882 medinm
515 1797 603 1864 inter
626 1800 800 1880 utrumque
823 1817 889 1862 non
912 1797 1020 1866 datur.
1066 1799 1167 1884 Atqui
1189 1797 1217 1862 si
1240 1797 1393 1875 refertur,
1418 1802 1470 1864 est
1492 1797 1600 1864 obiec-

350 1903 422 1968 tivo
452 1902 543 1968 finali
573 1901 678 1968 ordini
708 1902 885 1968 conformis
915 1924 974 1968 seu
1005 1911 1117 1985 rectas,
1148 1903 1177 1968 si
1206 1903 1296 1968 nullo
1326 1904 1422 1969 modo
1445 1904 1599 1980 refertur,

350 2007 427 2074 huic
451 2007 554 2074 ordini
571 2007 712 2092 positive
728 2007 887 2074 difformis
903 2012 964 2086 est,
989 2029 1029 2074 ac
1043 2007 1180 2092 proinde
1195 2031 1259 2074 aon
1275 2017 1378 2076 rectus
1388 2012 1415 2084 1;
1440 2009 1599 2088 similiter,

351 2113 381 2180 si
403 2114 478 2180 finis
501 2115 561 2180 snb
584 2115 714 2182 ratione
737 2114 814 2180 boni
838 2114 1076 2193 consideratur,
1106 2114 1139 2180 in
1163 2114 1272 2199 priore
1294 2114 1470 2200 hypothesi
1493 2117 1600 2182 inten-

351 2219 441 2286 ditur
471 2219 591 2286 bonum
620 2243 739 2305 verum,
770 2219 803 2286 in
834 2221 942 2287 altera
964 2220 1084 2286 bonum
1108 2243 1281 2307 apparens,
1311 2220 1333 2288 i.
1357 2242 1385 2288 e.
1409 2221 1601 2288 irrationale

351 2331 387 2392 et
416 2333 569 2411 respectu
602 2327 704 2394 totius
738 2331 877 2394 naturae
908 2327 1041 2394 malum.
1089 2327 1175 2413 Erpa
1207 2327 1296 2407 finis,
1330 2332 1408 2394 actu
1439 2327 1597 2406 intentus,

352 2432 523 2499 moraliter
545 2432 734 2499 indifferens
755 2454 831 2524 'esse
854 2433 977 2516 nequit.

443 2551 472 2614 2.
497 2549 551 2614 na
574 2551 687 2615 divino
709 2552 885 2638 sanctitate.
932 2549 1023 2616 Deus
1050 2549 1084 2615 vi
1106 2549 1296 2616 sanctitatis
1320 2570 1410 2628 suae,
1439 2569 1504 2632 qua
1527 2549 1600 2616 vult

351 2657 394 2722 ab
424 2659 559 2722 aeterno
589 2659 714 2722 rectum
743 2676 852 2722 rerum
883 2655 1046 2733 ordinem,
1077 2655 1263 2723 necessario
1286 2655 1374 2734 vult,
1405 2660 1456 2735 ut,
1488 2676 1600 2737 quem·

352 2761 528 2830 admodum
558 2782 653 2828 omne
676 2783 736 2828 ens
759 2763 953 2846 contingens
977 2784 998 2830 a
1021 2762 1090 2828 Deo
1113 2763 1235 2847 pendet
1258 2767 1428 2846 tamquam
1450 2783 1472 2828 a
1491 2767 1600 2849 prima

352 2891 462 2952 cocao,
492 2868 541 2934 ita
571 2872 605 2934 et
633 2888 728 2934 omne
752 2889 823 2954 esse
848 2871 995 2935 creatum
1017 2867 1160 2952 positive
1185 2867 1349 2934 referatur
1372 2868 1414 2934 ad
1436 2868 1542 2934 Deum
1565 2873 1603 2934 nt

351 2975 448 3058 finem
470 2976 637 3056 altimum,
660 2978 695 3040 et
717 2974 800 3040 haec
824 2974 971 3040 condicio
995 2995 1061 3039 non
1084 2974 1189 3039 solum
1205 2974 1248 3040 ad
1264 2975 1422 3040 entitatos
1438 2974 1600 3058 physicas,

353 3079 413 3147 sed
443 3079 543 3146 etiam
573 3081 615 3146 ad
645 3101 774 3148 omnem
805 3081 978 3148 entitatem
1010 3080 1131 3146 ordinis
1154 3081 1289 3147 moralis
1311 3081 1465 3166 pertinet,
1496 3080 1602 3164 qualis

354 3189 407 3254 est
430 3189 523 3252 actus
546 3185 717 3266 humanus,
741 3187 918 3254 secundum
941 3187 1028 3269 quod
1051 3186 1190 3253 alibera
1206 3186 1388 3254 voluntatis
1404 3186 1602 3252 determina·

354 3289 444 3359 tione
459 3291 616 3376 procedit.
643 3296 742 3380 Atqui
758 3298 852 3360 actus
868 3293 1030 3358 humanus
1046 3293 1220 3358 secundam
1236 3315 1328 3358 scum
1346 3315 1411 3359 esse
1426 3295 1546 3359 morale
1558 3329 1602 3338 —

353 3399 472 3466 saltem
504 3397 560 3464 ubi
587 3419 605 3464 e
635 3419 694 3464 suo
725 3399 851 3466 obiecto
882 3403 934 3465 est
963 3399 1134 3465 moraliter
1161 3399 1349 3465 indifferens
1371 3435 1416 3444 -
1439 3399 1537 3466 aliter
1560 3399 1603 3466 ad

353 3507 452 3571 finem
481 3503 632 3572 ultimum
662 3503 777 3571 referri
808 3526 873 3570 non
896 3508 1007 3588 potest
1036 3505 1099 3570 nisi
1120 3529 1179 3592 per
1201 3506 1297 3589 finem
1319 3505 1459 3588 agentis,
1505 3507 1602 3592 Erpo,

354 3617 453 3695 prout
476 3610 510 3676 in
532 3611 699 3678 individuo
722 3631 862 3695 operans
884 3610 1050 3677 mediante
1072 3613 1137 3677 fine
1160 3611 1194 3677 id
1218 3612 1437 3694 aliquomodo
1454 3615 1603 3696 praestat

354 3719 401 3782 cet
431 3717 617 3784 nullatenus
647 3720 807 3802 praestat,
839 3721 932 3784 actus
956 3721 1008 3782 est
1031 3717 1159 3783 ratione
1182 3718 1254 3783 finis
1278 3717 1408 3783 divinae
1431 3717 1604 3786 sanctitati

355 3823 554 3890 conveniens
576 3825 622 3890 oei
646 3821 904 3903 disconveniens,
929 3823 950 3890 i.
976 3844 1004 3892 e.
1029 3823 1134 3889 bonus
1158 3833 1214 3890 cut
1237 3825 1375 3890 malus2.

448 4018 455 4049 ¹
477 4015 517 4070 Of.
538 4017 566 4070 S.
590 4015 679 4069 mom.
699 4013 716 4070 l.
737 4031 760 4068 c.
779 4032 805 4084 q.
828 4015 868 4079 19,
887 4031 912 4068 a.
933 4014 981 4078 10;
1001 4031 1027 4083 q.
1049 4015 1089 4078 l8,
1108 4031 1132 4068 a.
1152 4015 1177 4068 9.

446 4101 504 4157 ’8.
522 4102 640 4157 Thomas
661 4103 703 4170 (1,
723 4103 754 4170 2,
782 4121 808 4172 q.
829 4102 877 4168 18,
904 4119 928 4157 a.
948 4102 977 4172 9)
1005 4103 1118 4157 eandem
1137 4101 1337 4158 conclusionem
1356 4103 1396 4157 ita
1415 4121 1463 4174 per
1481 4121 1605 4173 compen·

357 4194 430 4246 dinm
449 4192 634 4247 ratiocinando
653 4191 789 4246 illustrat:
820 4190 963 4262 ,Oportet,
991 4192 1063 4260 quod
1081 4191 1197 4261 quilibet
1214 4192 1390 4246 individualis
1409 4195 1488 4247 actus
1506 4191 1607 4246 habeat

357 4283 476 4351 aliquam
495 4279 742 4344 circumstantiam,
767 4297 915 4350 perquam
933 4279 1060 4335 trahatur
1078 4282 1112 4335 ad
1137 4281 1237 4335 bonum
1256 4281 1301 4334 vel
1320 4279 1437 4345 malum,
1462 4280 1498 4334 ad
1516 4280 1605 4335 minus

358 4389 391 4425 esc
404 4379 486 4440 porte
503 4372 660 4424 intentionis
677 4369 748 4435 finis.
787 4367 854 4422 Cum
874 4367 946 4422 enim
965 4369 1079 4423 rationis
1098 4369 1136 4423 sit
1154 4368 1286 4434 ordinare,
1306 4371 1383 4422 actus
1402 4369 1542 4422 aratione
1561 4368 1604 4422 de·

357 4459 503 4515 libarativa
521 4458 684 4528 procedens,
710 4458 735 4510 si
759 4473 814 4510 non
838 4459 873 4510 sit
897 4458 934 4510 ad
951 4457 1069 4510 detritum
1086 4458 1165 4522 finem
1184 4458 1343 4523 ordinatus,
1369 4473 1404 4508 ea
1420 4455 1469 4508 hoc
1487 4457 1545 4523 ipso
1564 4473 1605 4509 re·

356 4554 460 4616 pupnct
484 4549 589 4600 rationi
613 4550 641 4600 et
666 4545 749 4600 habet
773 4545 906 4598 rationem
932 4544 1012 4609 mali;
1038 4544 1062 4598 si
1081 4561 1147 4598 varo
1166 4545 1307 4598 ordinetur
1324 4543 1359 4597 ad
1377 4543 1498 4597 debitum
1517 4543 1607 4609 finem,

358 4635 485 4688 convenit
503 4650 564 4688 cum
584 4633 677 4688 ordine
695 4631 824 4696 rationis,
849 4631 921 4686 uude
939 4631 1023 4686 hahet
1048 4631 1182 4685 rationem
1200 4631 1271 4685 boni.
1307 4629 1427 4684 Necesse
1446 4635 1489 4684 est
1507 4635 1606 4696 autom,

358 4722 428 4792 quod
448 4721 492 4776 vel
517 4721 656 4776 ordinetur
678 4721 723 4776 vel
748 4739 801 4776 non
826 4719 965 4775 ordinetur
990 4721 1025 4775 ad
1050 4720 1169 4774 debitum
1195 4719 1286 4773 finem.
1323 4718 1401 4773 Unde
1426 4735 1539 4773 nasama
1564 4723 1608 4774 est

358 4827 464 4866 omnem
490 4816 582 4865 actum
607 4809 724 4865 hominis
743 4828 759 4864 a
778 4808 957 4864 deliberativa
982 4809 1087 4863 ratione
1106 4809 1313 4879 procedentem,
1339 4807 1367 4860 in
1388 4807 1527 4861 individuo
1546 4825 1607 4862 con-

358 4897 517 4964 sideratum,
535 4897 634 4952 bonum
653 4915 714 4952 esse
733 4897 779 4952 vel
796 4896 907 4951 malum.
927 4923 963 4934 -
981 4895 1011 4950 Si
1029 4901 1122 4950 autom
1140 4913 1194 4950 non
1212 4895 1336 4966 procedit
1354 4913 1370 4949 a
1389 4895 1495 4950 ratione
1508 4895 1607 4950 deliba

359 4987 457 5054 rativa,
475 4987 523 5043 sed
542 5003 577 5042 ex
595 4987 712 5056 quadam
731 4985 924 5054 imaginatione
944 4985 1029 5054 (sicut
1048 5002 1109 5039 cum
1125 4984 1225 5054 aliquis
1238 4985 1320 5038 fricat
1333 4983 1445 5038 barbam
1458 4983 1504 5037 vel
1514 4991 1609 5038 movet
