3909 5842
409 635 475 698 250
677 627 766 682 Sectio
785 627 805 684 1.
842 629 921 684 Liber
939 629 987 684 111.
1025 629 1112 702 Caput
1130 631 1163 684 ll.
1201 631 1340 686 Articulus
1358 632 1383 686 6.

827 785 833 798 Ι

408 809 542 875 moralis
566 812 675 874 aaitos
697 809 854 891 postulat,
878 829 943 892 qua
966 829 1084 875 revera
1107 811 1225 875 cuncta
1249 809 1385 875 rationis
1401 810 1567 894 practicae
1584 809 1654 876 dic-

408 915 534 983 tamina
563 915 776 1000 particularia
804 915 837 982 in
867 915 941 982 aliis
967 916 1073 982 minus
1096 916 1348 1000 particularibus
1372 921 1406 984 et
1429 918 1509 983 baec
1533 918 1652 985 iterum

409 1023 443 1088 in
472 1022 730 1105 generalioribus
759 1022 890 1088 fundari
913 1023 1036 1107 passim
1058 1024 1238 1090 videmus¹.
1285 1023 1492 1107 Principium,
1524 1023 1652 1105 dequo

409 1128 463 1194 hic
485 1129 663 1211 quaeritur,
687 1128 779 1212 quasi
803 1129 1075 1212 complementum
1093 1135 1144 1196 est
1158 1129 1255 1209 illius,
1282 1130 1366 1213 quod
1382 1128 1540 1196 strictiori
1554 1149 1652 1194 sensu

414 1233 624 1319 ,principium
658 1234 875 1301 moralitatis*
914 1236 966 1301 vel
1005 1235 1218 1314 ,obiectivam
1254 1256 1399 1302 normam
1432 1235 1648 1301 moralitatis*

411 1341 649 1425 appellavimus
678 1346 713 1408 et
742 1341 829 1423 quod
859 1342 900 1407 ob
923 1342 1008 1407 banc
1031 1341 1195 1408 internam
1226 1341 1452 1424 cognationem
1477 1341 1652 1423 aliquando

410 1447 505 1512 simul
530 1469 602 1513 cum
625 1446 682 1512 illo
705 1468 764 1530 per
786 1447 916 1512 modum
941 1447 1036 1513 unius
1059 1448 1198 1514 tractari
1221 1448 1315 1515 solet.
1362 1447 1569 1532 Quapropter
1592 1467 1654 1532 par

411 1556 524 1620 exstat
553 1553 640 1619 circa
669 1557 843 1637 utrumque
872 1553 1057 1639 opinionum
1089 1555 1235 1620 varietas
1262 1557 1362 1636 atque
1385 1553 1542 1619 dissensio
1566 1555 1651 1637 apud

411 1680 468 1725 eos
491 1680 614 1737 omnes,
639 1660 693 1742 qui
717 1665 776 1727 aut
797 1662 886 1727 nullo
902 1667 961 1730 aut
976 1663 1129 1748 ambiguo
1146 1667 1204 1728 aut
1219 1661 1305 1727 falso
1321 1661 1460 1726 hominis
1475 1662 1540 1725 fine
1556 1681 1653 1744 prae·

409 1765 502 1832 linito
532 1765 702 1832 scientiam
732 1767 889 1834 moralem
916 1773 1108 1834 construere
1137 1767 1328 1852 suscipiunt.
1352 1767 1478 1844 -Qui
1509 1787 1588 1832 vero
1612 1767 1652 1832 de

409 1873 474 1956 fiae
502 1878 592 1940 recte
621 1872 778 1948 sentiunt,
809 1873 849 1939 de
878 1895 1004 1940 summo
1034 1874 1202 1959 principio,
1233 1873 1260 1938 si
1291 1893 1359 1938 rem
1383 1872 1486 1957 ipsam
1510 1877 1651 1956 spectas,

412 1999 525 2044 omues
548 1979 645 2046 facile
669 1981 877 2058 concordant,
902 1984 936 2045 et
959 1981 988 2045 si
1011 2001 1076 2063 qua
1099 1987 1150 2046 est
1174 1980 1260 2045 inter
1283 1999 1339 2044 eos
1355 1977 1589 2056 controversia,
1613 1997 1653 2043 aa

412 2083 499 2150 circa
530 2086 704 2152 verborum
735 2086 907 2152 formulam
936 2089 1066 2153 tantum
1092 2092 1254 2163 versatur,
1287 2105 1352 2166 qua
1382 2105 1447 2150 una
1476 2083 1653 2166 eademque

411 2209 465 2256 res
487 2192 665 2258 secundum
688 2193 846 2258 scientiae
869 2193 1030 2259 rationem
1055 2195 1133 2276 apte
1156 2191 1355 2258 enuntianda
1379 2191 1539 2256 videatur.
1574 2189 1653 2255 Inde

412 2296 510 2362 etiam
535 2298 713 2364 communis
735 2298 792 2363 ille
812 2319 890 2364 usus
906 2297 1101 2382 explicatur,
1126 2318 1189 2380 quo
1206 2317 1278 2362 oum
1295 2297 1327 2363 S.
1345 2295 1469 2362 Thoma
1485 2296 1654 2382 deprimis

412 2403 465 2468 vel
489 2406 724 2472 aniversalibas
747 2407 824 2490 lepis
844 2407 1016 2491 principiis
1040 2423 1140 2487 agere
1164 2403 1314 2481 solemus,
1347 2423 1419 2467 cum
1443 2407 1553 2468 tamen
1577 2421 1654 2485 pro·

411 2509 482 2594 prie
511 2533 612 2575 anam
642 2514 772 2577 tantum
798 2509 992 2595 principium
1015 2509 1153 2593 primum
1178 2512 1213 2575 ot
1235 2507 1421 2574 universale
1444 2529 1516 2574 ease
1539 2505 1653 2592 possit.

413 2647 480 2719 278.
564 2649 616 2715 Ex
629 2671 691 2732 quo
704 2650 846 2716 Kantius
857 2671 950 2715 suum
964 2649 1083 2716 statuit
1095 2649 1228 2715 moralis
1241 2647 1450 2731 obligationis
1461 2648 1652 2732 principium

412 2775 500 2819 mere
516 2753 705 2834 ,formale‘,
721 2755 846 2822 scilicet
860 2757 893 2821 in
910 2757 981 2822 sola
997 2755 1125 2820 demum
1141 2754 1279 2820 rationis
1295 2753 1368 2836 lege
1383 2761 1519 2838 propter
1534 2757 1653 2819 semet-

412 2859 516 2943 ipsam
547 2862 729 2929 revarenda
758 2862 874 2941 situm,
910 2862 998 2929 inter
1027 2861 1201 2927 nonnullos
1231 2869 1383 2929 auctores
1414 2883 1484 2926 mos
1514 2860 1653 2926 invaluit

413 2967 535 3050 duplex
549 2988 709 3033 summum
725 2968 917 3054 principium
935 2967 1166 3051 distinguendi,
1191 2967 1330 3036 alterum
1345 2967 1491 3050 forarole,
1515 2967 1654 3032 alterum

412 3075 586 3140 materiale.
636 3074 823 3154 ,Formale“
850 3079 971 3142 vocant
1001 3074 1204 3159 principium,
1235 3075 1320 3156 quod
1350 3075 1498 3140 ultimam
1526 3072 1652 3155 quidem

412 3179 607 3246 obiectivam
631 3182 792 3248 rationem
815 3186 849 3248 et
872 3203 931 3266 per
954 3201 990 3246 se
1014 3185 1126 3246 notam
1150 3181 1293 3257 exhibet,
1323 3188 1452 3266 propter
1478 3203 1573 3266 qaam
1596 3199 1655 3244 na-

411 3285 564 3354 turaliter
592 3294 802 3372 praeceptum
830 3308 903 3353 esse
930 3287 1161 3370 intellegatur,
1190 3286 1341 3370 quicquid
1371 3285 1420 3352 ita
1443 3289 1653 3370 praeceptum

413 3398 475 3474 est,
499 3397 576 3478 quin
590 3399 701 3461 tamen
718 3394 911 3461 deductione
925 3415 968 3461 ex
983 3415 1022 3460 eo
1039 3394 1191 3478 cognosci
1207 3393 1321 3478 possit,
1346 3395 1423 3480 qaid
1446 3397 1654 3478 praeceptum

412 3500 472 3578 sit;
500 3500 707 3581 ,materiale“
735 3521 823 3578 vero,
848 3499 933 3581 quod
957 3521 1021 3565 non
1045 3499 1175 3583 quidem
1199 3500 1347 3566 ultimum
1372 3521 1439 3582 car,
1463 3499 1522 3564 sed
1544 3503 1653 3565 temen

413 3605 562 3672 ultimum
589 3629 647 3674 seu
677 3607 990 3673 universalissimum
1020 3609 1099 3692 qaid
1129 3606 1233 3672 omnis
1265 3605 1475 3688 obligationis
1507 3625 1654 3689 compre·

413 3712 545 3790 hendat,
575 3715 623 3780 its
646 3719 684 3780 ut
705 3717 778 3780 tota
804 3713 859 3779 lex
888 3713 1115 3792 materialiter,
1146 3713 1166 3782 i.
1192 3735 1219 3780 e.
1244 3713 1420 3779 seeundum
1443 3711 1573 3794 singula
1595 3732 1654 3777 sua

413 3817 531 3896 officia,
556 3820 598 3885 ab
620 3819 677 3884 illo
700 3819 843 3886 derivari
866 3824 974 3901 queat.
1007 3819 1090 3884 Illud
1106 3819 1209 3901 igitur
1232 3821 1437 3896 reductivum,
1461 3819 1522 3884 hoc
1545 3822 1655 3884 autem
1782 3857 1783 3868 ,

414 3926 614 3992 deductivam
637 3926 840 4010 principium,
864 3926 1041 3992 etidcirco
1066 3926 1206 3992 alterurn
1232 3925 1272 3991 ab
1294 3925 1400 3990 altero
1423 3924 1525 4008 probe
1541 3923 1656 3988 distin-

412 4032 575 4114 guendum
605 4053 678 4099 esse
700 4033 734 4097 iu
756 4032 872 4098 morali
897 4033 1035 4099 scientia
1057 4033 1227 4097 monenti.
1275 4029 1364 4108 Quae
1387 4029 1553 4097 distinctio
1576 4049 1656 4094 sans

412 4139 626 4206 fundamento
646 4161 709 4205 non
727 4145 827 4215 caret,
852 4143 1013 4221 quatenus
1037 4143 1134 4205 anias
1150 4138 1359 4220 eiusdemque
1375 4135 1525 4221 principii
1541 4135 1657 4220 dapler

414 4249 577 4312 essentiale
611 4249 796 4331 requisitam
827 4246 978 4322 denotat,
1014 4249 1050 4311 ut
1080 4265 1158 4310 vere
1188 4265 1348 4309 summum
1379 4242 1462 4325 legis
1496 4239 1655 4308 naturalis

413 4353 605 4437 principium
626 4353 752 4418 censeri
771 4352 884 4436 possit,
909 4355 1023 4436 utpote
1039 4351 1125 4434 quod
1141 4372 1160 4417 e
1175 4371 1234 4415 suo
1251 4355 1411 4434 conceptu
1428 4359 1455 4414 ct
1476 4349 1657 4432 formaliter

413 4468 441 4524 et
464 4462 673 4526 materialiter
695 4479 866 4535 summum,
890 4459 910 4524 i.
935 4479 963 4525 e.
988 4457 1156 4523 reductive
1180 4457 1329 4523 ultimum
1353 4461 1387 4522 et
1403 4455 1576 4521 deductive
1591 4453 1654 4538 pri·

413 4585 500 4630 mum
523 4587 582 4630 seu
605 4563 916 4629 universalissimum
933 4563 976 4630 sit
992 4567 1139 4648 oportet;
1164 4561 1246 4628 satis
1265 4565 1376 4628 autem
1392 4562 1499 4628 otiosa
1515 4561 1655 4638 videtur,

414 4676 575 4751 quatenus
601 4670 644 4736 ad
672 4670 900 4753 duplicandum
927 4670 1032 4754 ipsum
1061 4691 1222 4735 summum
1251 4669 1444 4753 principium
1469 4671 1654 4752 usurpatur.

505 4884 511 4914 ¹
532 4879 573 4934 cf.
593 4882 621 4934 S.
645 4881 745 4948 ibam,
765 4879 791 4934 S.
811 4879 893 4934 theol.
916 4882 938 4945 1,
958 4897 985 4948 q.
1008 4880 1050 4944 79,
1071 4895 1095 4933 a.
1116 4881 1132 4932 8
1151 4883 1180 4933 et
1201 4879 1242 4932 12.

503 4968 573 5024 'Gt
593 4969 663 5023 inter
681 4967 749 5022 alios
767 4969 954 5036 [feberroossea
974 4965 1232 5037 Moralphilosophie
1246 4967 1265 5032 l,
1286 4965 1411 5020 blllnstar
1432 4965 1510 5030 1814,
1532 4963 1584 5018 178
1597 4979 1658 5034 sqq.
