3909 5842
375 561 439 626 216
591 556 680 612 Sectio
698 559 720 612 Ι.
757 558 838 612 Liber
856 558 903 613 Ill.
941 557 1031 629 Caput
1048 559 1083 613 ll.
1120 558 1261 614 Articulue
1279 560 1304 612 2.
1342 559 1402 626 §2-

465 739 494 802 2.
521 739 631 823 reputa
661 739 835 802 secundnm
858 737 941 802 bone
964 739 1068 821 ipsam
1093 737 1258 822 diripemti
1281 744 1308 802 et
1331 738 1495 822 obtipandi
1518 740 1581 802 nim
1604 759 1627 800 a

375 845 498 908 ratione
530 851 557 907 et
584 845 741 909 uoluntate
771 843 891 925 divina,
923 851 1086 928 tamquam
1116 843 1261 908 absoluta
1284 866 1394 909 rernm
1416 844 1628 923 ordinatrice,

375 951 558 1016 dimanans.
590 947 686 1014 Hanc
709 948 852 1014 divinam
877 947 1035 1031 originem
1052 947 1235 1031 unicuique,
1259 948 1320 1014 nisi
1337 948 1475 1030 sibiipsi
1491 949 1628 1015 mentiri

373 1054 465 1132 velit,
491 1059 581 1120 certo
604 1054 796 1138 persuadet:
821 1055 854 1135 a)
877 1053 950 1138 ipsa
973 1054 1206 1120 universalitas
1222 1054 1386 1120 obieetiva
1402 1060 1437 1120 et
1452 1055 1627 1120 absolutus

375 1161 478 1238 valor,
504 1181 599 1243 quem
623 1161 690 1225 suis
706 1159 913 1226 evidentibus
928 1160 1097 1244 principiis
1113 1164 1147 1226 et
1163 1159 1392 1226 dictaminibus
1408 1161 1493 1227 ratio
1508 1165 1627 1228 nostra

374 1266 496 1332 invicte
519 1265 676 1342 vindieat,
701 1286 805 1348 eoque
828 1287 922 1332 suam
946 1266 1184 1332 derivationem
1200 1269 1235 1331 et
1248 1266 1417 1350 fmnmtem
1442 1268 1627 1353 dependen-

374 1375 452 1438 tium
484 1395 504 1437 a
533 1373 645 1437 divina
676 1375 799 1438 ratione
826 1373 1035 1446 manifestam
1068 1373 1101 1454 b)
1124 1373 1247 1453 modus,
1275 1393 1336 1456 qno
1359 1375 1395 1437 in
1419 1375 1625 1438 nninsenins·

374 1501 433 1563 pne
456 1481 647 1544 conscientia
670 1481 747 1544 baec
770 1482 899 1546 interna
923 1481 1087 1566 obliqandi
1110 1480 1286 1544 auctoritas
1301 1481 1365 1544 sice
1379 1481 1543 1565 imperans
1559 1483 1626 1544 siae

374 1587 525 1650 indicans
554 1607 620 1650 sese
645 1587 765 1671 prodit.
813 1585 887 1651 Non
918 1590 1033 1652 nostra
1061 1585 1245 1663 voluntate,
1278 1584 1337 1650 sed
1367 1585 1421 1650 vel
1438 1585 1538 1650 ‘inviti
1562 1607 1625 1651 nos

373 1689 420 1754 illi
444 1689 608 1757 subiectos
632 1691 800 1768 sentimus,
826 1711 898 1757 eam
921 1691 1102 1756 reverendo
1126 1691 1320 1775 suspicimus
1338 1695 1508 1773 tamquam
1524 1695 1624 1757 maie-

374 1805 501 1879 statem,
534 1817 555 1862 a
584 1797 678 1862 nobis
708 1797 911 1874 distinctam,
945 1797 1160 1881 superiorem,
1193 1798 1389 1864 universalis
1418 1798 1540 1863 ordinis
1570 1797 1624 1863 in-

374 1903 574 1968 exorabilem
598 1907 632 1970 et
655 1903 896 1970 sanctissimam
920 1904 1106 1980 custodem;
1131 1906 1222 1970 laeso
1245 1927 1324 1970 vero
1348 1905 1481 1970 anobis
1496 1903 1623 1980 ordine,

372 2007 463 2074 illam
486 2009 589 2092 ipsam
615 2009 738 2076 laesam
762 2015 796 2076 et
819 2010 949 2076 interna
972 2011 1192 2077 conscientiae
1207 2032 1288 2076 voce
1304 2011 1398 2094 quasi
1406 2010 1622 2076 ‘minitantem

373 2113 534 2180 vindicem
557 2117 735 2182 invincibili
758 2120 869 2182 timore
891 2137 1054 2183 veremur.
1100 2117 1216 2200 Neque
1239 2117 1369 2201 publiea
1392 2121 1531 2194 tantum,
1562 2115 1623 2180 sed

372 2221 543 2288 recondita
566 2221 665 2289 etiam
689 2228 723 2290 et
747 2225 788 2289 ab
804 2224 946 2290 humano
962 2224 1117 2291 tribunali
1134 2230 1288 2309 exempta
1304 2225 1440 2290 crimina
1454 2223 1506 2288 hic
1522 2221 1625 2288 timor

373 2328 557 2394 comitatur.

463 2438 562 2520 Atqui
590 2436 624 2500 lri
654 2437 718 2502 rino
749 2444 887 2501 nntnrne
911 2439 1081 2502 rationulis
1106 2438 1305 2502 characteres
1328 2441 1433 2502 totam
1458 2434 1621 2501 rationem

373 2562 465 2606 verae
498 2544 574 2626 lepis
605 2544 768 2607 naturalis
801 2541 985 2620 continent,
1020 2545 1054 2607 et
1086 2542 1216 2624 quidem
1246 2542 1279 2624 a)
1303 2564 1395 2607 verne
1424 2544 1510 2629 lepis,
1543 2539 1623 2621 quia

374 2647 549 2712 manifeste
573 2646 732 2714 denotant
756 2667 868 2712 veram
895 2649 1149 2729 „ordinationem
1172 2651 1309 2715 rationis
1332 2649 1378 2713 od
1400 2647 1515 2712 bonnm
1538 2667 1621 2710 emn-

374 2755 486 2817 mnne“
513 2788 557 2796 -
581 2752 706 2818 scilicet
736 2753 879 2818 omniurn
909 2754 1075 2819 hominnm
1098 2757 1196 2820 finem
1220 2775 1433 2831 communem,
1456 2753 1554 2818 immo
1578 2751 1620 2817 ad

374 2859 493 2924 bonum
518 2879 688 2924 commune
712 2864 746 2926 et
769 2859 1083 2926 universalissimum
1103 2861 1205 2927 totins
1221 2860 1331 2925 mundi
1349 2860 1540 2926 moralis-
1559 2859 1620 2940 ,ab

374 2987 417 3048 eo,
441 2969 496 3050 qni
519 2987 631 3030 aarum
655 2969 887 3032 eornmnnitetis
905 2968 1007 3050 babet,
1027 2968 1283 3053 promulgatam
1302 3005 1347 3013 —
1362 2965 1488 3030 scilicet
1503 2986 1523 3030 a
1538 2965 1618 3039 Deo,

373 3093 524 3155 supremo
548 3071 659 3137 mundi
682 3071 816 3138 moralis
841 3072 1030 3140 ordinatore
1053 3095 1091 3138 ac
1107 3074 1344 3155 gubernatore
1368 3073 1403 3154 b)
1427 3070 1510 3154 legis
1525 3078 1619 3136 natu·

372 3180 470 3262 ralis,
504 3180 619 3261 utpote
652 3199 737 3261 quae
770 3178 875 3245 fertur
908 3184 942 3245 et
975 3181 1200 3263 promulgatur
1234 3200 1293 3263 per
1327 3179 1432 3262 ipsam
1467 3180 1618 3243 naturam

371 3283 566 3350 rationalem
577 3287 597 3350 1.

462 3391 547 3477 Enyo
579 3391 662 3474 legis
695 3391 856 3457 naturalis
889 3391 1084 3457 exsistentia
1116 3411 1175 3474 per
1204 3390 1351 3456 intimam
1382 3387 1618 3474 experientiam

371 3496 510 3562 hominis
533 3519 591 3563 seu
614 3517 695 3562 voce
719 3497 938 3563 conscientiae
962 3497 1202 3581 comprobatur.

461 3604 497 3668 Id
510 3604 615 3688 ipsum
628 3625 708 3669 vero
719 3603 856 3670 ulterius
865 3603 1012 3670 illustrat
1021 3609 1055 3670 et
1066 3607 1238 3670 confirmat
1248 3606 1441 3690 eaperientin
1451 3603 1619 3668 historico:

372 3739 442 3812 249.
530 3741 688 3816 Probatur
703 3743 759 3814 IV⁰
784 3769 799 3811 e
820 3749 979 3811 eornmnni
1001 3747 1163 3811 hominnm
1184 3748 1401 3830 persuasione.
1438 3745 1488 3810 De
1510 3743 1617 3826 genti·

370 3849 432 3913 bus
461 3853 605 3916 testatur
634 3853 803 3936 apostolus
827 3852 922 3935 (Rom
949 3855 978 3931 2,
1006 3851 1142 3933 1415):
1178 3851 1317 3934 ,Legem
1340 3851 1525 3935 (scriptam
1553 3869 1618 3913 non

371 3955 540 4035 habentes,
571 3957 632 4040 ipsi
664 3959 725 4023 sibi
755 3962 833 4024 sunt
862 3959 934 4023 lex:
968 3957 1024 4040 qui
1048 3959 1227 4024 ostendunt
1249 3979 1331 4042 opus
1354 3957 1438 4039 legis
1460 3957 1616 4040 seriptum

370 4061 402 4125 in
428 4062 578 4128 cordibus
602 4063 680 4142 suis,
704 4065 927 4132 testimonium
950 4065 1108 4132 reddente
1131 4066 1196 4130 illis
1220 4063 1420 4130 conscientia
1438 4063 1613 4146 ipsorum‘

371 4167 415 4234 Et
445 4189 564 4234 revera
593 4171 677 4236 hanc
705 4171 811 4254 legem
836 4171 897 4236 sibi
921 4171 1120 4237 naturaliter
1142 4171 1323 4254 ingenitam
1346 4175 1515 4252 tamquam
1538 4189 1619 4233 vere

370 4273 515 4340 divinam
539 4276 625 4341 omni
649 4282 797 4361 tempore
813 4278 854 4342 ab
870 4276 1055 4342 hominibus
1070 4277 1218 4358 agnitam
1233 4276 1345 4353 fuisse,
1369 4280 1421 4342 tot
1436 4275 1506 4342 fera
1522 4275 1617 4341 testi·

370 4381 479 4445 monia
502 4388 646 4460 exstant,
676 4388 756 4464 quot
778 4383 936 4449 historiae
959 4387 1171 4448 monumenta
1193 4383 1234 4448 de
1257 4381 1400 4448 moribus
1422 4403 1462 4448 ae
1485 4381 1619 4463 religio·

369 4485 464 4550 nibus
489 4489 680 4571 populorum
705 4489 775 4554 sive
799 4489 832 4553 in
856 4488 926 4555 vita
951 4489 1083 4571 privata
1105 4489 1176 4554 sive
1199 4489 1339 4572 publica.
1381 4488 1434 4553 Ex
1455 4487 1507 4552 his
1530 4488 1616 4554 enim

369 4591 490 4672 passim
521 4594 645 4661 relucet
675 4601 745 4660 tum
776 4614 946 4660 commune
976 4595 1164 4662 mortalium
1194 4595 1347 4672 studium,
1377 4597 1454 4678 post
1483 4599 1620 4678 patrata

368 4696 526 4763 adversus
550 4700 714 4766 internam
738 4701 957 4767 conscientiae
981 4702 1088 4783 legem
1112 4703 1248 4768 crimina
1271 4723 1385 4786 paoem
1408 4701 1470 4767 sibi
1489 4703 1619 4786 plorato

369 4821 415 4828 —-
424 4823 678 4833 ———.—.——,

347 4899 350 4906 ·
463 4881 469 4911 ¹
489 4879 530 4934 Cf.
551 4883 578 4935 S.
603 4883 692 4934 l'lrom.
714 4883 737 4946 1,
757 4881 781 4945 2,
802 4899 827 4950 q.
850 4881 907 4944 100,
927 4900 952 4934 a.
974 4883 1003 4944 1;
1023 4897 1049 4950 q.
1069 4882 1113 4945 91,
1131 4899 1155 4935 a.
1176 4881 1206 4936 2:
1227 4899 1252 4951 q.
1273 4884 1314 4946 90,
1334 4901 1358 4936 a.
1378 4883 1403 4935 4.
1510 4951 1514 4958 .
