3909 5842
424 656 466 723 86
644 654 736 713 Sectio
754 656 775 710 Ι.
812 657 893 713 Liber
911 658 932 712 1.
969 657 1058 730 Caput
1076 658 1125 714 111.
1162 658 1301 715 Articulus
1320 659 1346 715 2.
1383 660 1444 729 53.

422 833 551 899 initium
566 834 668 901 sumit
683 856 704 901 o
717 835 804 920 soleo
819 846 966 923 conceptu
982 837 1146 904 libertatis
1162 842 1314 921 negatae.
1335 838 1372 904 Id
1384 839 1438 905 vel
1455 860 1499 905 ex
1514 860 1555 905 eo
1572 858 1663 922 appa-

422 944 485 1018 ret,
502 941 665 1023 quodiam
683 942 806 1026 passim
821 948 956 1029 recepto
968 964 1059 1010 more
1074 945 1350 1027 „determinismo“
1369 944 1548 1030 opponitur
1562 946 1664 1026 „iade-

422 1048 673 1133 terminismaa“‚
690 1069 754 1133 quo
766 1050 916 1133 intellegi
927 1051 1044 1118 volunt
1056 1051 1151 1117 liberi
1163 1052 1288 1119 arbitrii
1302 1052 1530 1119 assertionem.
1562 1050 1665 1115 Liber·

423 1156 477 1219 tas
489 1154 574 1220 enim
590 1154 830 1223 indifferentiae
841 1176 1047 1240 nequaquam
1063 1162 1231 1225 momento
1247 1158 1352 1224 solum
1369 1160 1514 1244 nepetino
1530 1159 1665 1230 constat

423 1278 488 1341 quo
510 1260 642 1329 interna
664 1263 867 1330 necessitans
891 1264 1121 1332 determinatio
1145 1266 1187 1332 ad
1209 1266 1272 1331 hoc
1295 1265 1349 1331 vel
1371 1264 1453 1330 illud
1468 1264 1668 1347 propositam

423 1367 630 1448 excludatur,
654 1369 713 1436 sed
737 1374 789 1436 ost
811 1370 908 1436 simul
922 1374 1058 1456 position
1084 1379 1113 1437 et
1129 1374 1232 1437 actico
1245 1374 1386 1457 poteentia
1401 1370 1585 1436 secundum
1600 1390 1669 1453 pro·

422 1473 528 1558 priam
552 1476 746 1543 electionem
769 1498 813 1543 ex
834 1481 940 1543 semet
962 1476 1037 1560 ipsa
1058 1498 1094 1542 se
1118 1476 1357 1543 determinandi
1380 1476 1422 1543 ad
1438 1476 1607 1559 agendum
1622 1475 1669 1540 vel

423 1601 488 1646 non
512 1584 686 1665 agendum,
711 1583 753 1649 ad
777 1582 941 1667 agendum
964 1582 1026 1649 hoc
1050 1582 1104 1648 vel
1127 1583 1218 1649 illud.

512 1696 630 1764 Falsus
659 1699 761 1783 igitur
783 1700 935 1766 similiter
957 1703 1009 1764 est
1032 1702 1211 1783 conceptus
1233 1698 1408 1777 libertatis,
1440 1718 1505 1781 quo
1537 1702 1672 1763 utuntur

424 1802 694 1890 Schopenhoaerl
717 1809 752 1871 et
774 1806 837 1873 lid.
861 1828 888 1872 o.
913 1806 1127 1871 Ηανέηιαπη2
1157 1807 1192 1870 et
1220 1824 1316 1887 quem
1340 1808 1469 1871 tantum
1493 1809 1671 1890 nepotiana

423 1909 625 1978 existimant.
656 1912 774 1994 Neque
797 1912 839 1979 ad
861 1934 970 1977 ceram
987 1914 1180 1995 conceptum
1195 1910 1318 1977 sufficit
1333 1909 1512 1976 novissima
1528 1910 1672 1977 definitio

424 2013 588 2083 libertatis
610 2039 670 2102 per
685 2020 830 2085 Wundt³
851 2018 1038 2103 proposita:
1067 2016 1231 2095 „Freiheit
1252 2018 1297 2083 ist
1320 2016 1372 2083 die
1387 2016 1570 2099 Fthigkeit
1589 2018 1672 2083 eines

424 2118 575 2202 Wesens,
607 2123 708 2189 durch
739 2126 912 2192 besonnene
935 2124 1034 2189 Wahl
1062 2124 1224 2189 zwischen
1246 2122 1673 2191 verschiedenen-Motiven

424 2225 458 2290 in
480 2227 594 2295 seinen
616 2231 837 2315 Handlungen
861 2231 1031 2298 bestimm
1054 2252 1094 2297 zu
1117 2231 1278 2297 werdoni
1306 2266 1350 2275 -
1373 2229 1496 2307 Quibus
1524 2231 1674 2295 omnibus

424 2335 541 2401 merito
553 2338 817 2421 verbaAngelici
825 2338 979 2405 Doctoris
992 2341 1216 2421 opponuntur:
1241 2336 1453 2415 „Dominium
1471 2336 1560 2418 quod
1578 2336 1674 2401 habet

424 2440 579 2507 voluntas
602 2463 704 2527 supra
733 2464 811 2510 suos
841 2446 946 2523 actus,
977 2464 1037 2528 per
1060 2444 1146 2525 quod
1170 2442 1204 2507 in
1227 2442 1297 2508 eius
1320 2446 1569 2526 estpotestate
1593 2442 1675 2507 velle

424 2550 460 2611 et
482 2567 547 2612 non
571 2548 667 2628 velle,
695 2550 844 2617 excludit
867 2550 1173 2616 determinationem
1197 2548 1332 2616 virtutis
1355 2548 1398 2614 ad
1421 2569 1520 2614 unum
1546 2552 1586 2616 et
1608 2548 1674 2613 vio·

424 2651 560 2719 lentiam
592 2676 713 2721 causae
745 2655 921 2723 exterioris
953 2656 1141 2739 agentis.“4
1186 2654 1270 2721 Vide
1300 2674 1428 2737 quoque
1460 2656 1674 2739 definitionmr

426 2760 520 2824 liberi
543 2761 675 2828 arbitrii
697 2782 799 2847 supra
822 2761 867 2843 (11.
894 2761 972 2847 107)
997 2764 1211 2847 propositam.

516 2877 546 2942 2.
571 2874 625 2942 Ex
647 2878 712 2944 alio
734 2878 843 2963 capite
859 2877 1011 2944 similiter
1024 2878 1146 2961 falsum
1162 2880 1355 2961 conceptum
1371 2876 1537 2943 libertatis
1553 2875 1677 2943 inducit

425 2980 591 3049 Adietes⁶
612 2982 759 3050 scribens
782 2984 969 3051 libertatem
994 2983 1067 3050 esse
1092 2985 1162 3061 „ein
1185 2984 1372 3065 Vermtgen
1395 2982 1504 3049 seiner
1519 2982 1675 3059 willirih,

425 3086 567 3155 welches
589 3090 714 3173 grund-
737 3091 803 3155 und
828 3090 998 3156 ursachlos
1014 3090 1061 3174 (1),
1087 3088 1189 3156 durch
1212 3090 1320 3155 nicbts
1343 3090 1447 3155 auter
1463 3088 1542 3155 oder
1557 3088 1595 3154 in
1611 3088 1675 3154 sieh

424 3192 603 3275 bestimmt‚
637 3196 739 3263 durch
770 3198 867 3263 keine
899 3196 1055 3263 frdheren
1079 3196 1295 3263 Entschltlsse
1325 3197 1409 3261 nach
1439 3194 1557 3278 irgend
1590 3194 1677 3261 einer

425 3298 591 3387 Richtung
602 3304 658 3369 hin
670 3304 850 3387 irgendwie
862 3304 1046 3387 gebunden,
1060 3302 1348 3384 Entsoheidungen
1366 3302 1481 3369 mur.
1495 3340 1540 3349 -
1552 3300 1674 3368 Verum

425 3405 507 3473 haec
536 3408 644 3475 inanis
675 3410 869 3495 hypothesis
898 3432 919 3477 a
948 3410 1051 3494 priori
1081 3408 1268 3475 excluditur
1296 3428 1357 3492 per
1391 3407 1554 3485 „radicem
1578 3408 1676 3473 liber·

425 3513 523 3579 tatis“
551 3536 572 3580 a
594 3516 762 3583 veteribus
784 3520 855 3584 tam
877 3516 1018 3583 sollicite
1041 3514 1240 3600 explicatam
1264 3512 1309 3599 (11.
1336 3512 1425 3594 102).

516 3631 547 3696 3.
578 3631 768 3716 Complures
800 3632 983 3698 adversarii
1014 3632 1094 3697 illud
1127 3630 1330 3715 potissimum
1363 3633 1595 3712 argumentum
1628 3648 1676 3694 as·

426 3735 557 3801 serendi
585 3736 679 3803 liberi
708 3738 837 3805 arbitrii
865 3738 1060 3823 impugnare
1090 3741 1148 3804 aut
1179 3736 1350 3802 debilitare
1380 3741 1557 3814 conantur,
1592 3732 1675 3819 quod

426 3841 460 3925 a)
485 3863 527 3908 ex
550 3846 681 3910 intimae
703 3846 912 3911 mnaeimtioe
935 3846 1110 3910 testimon-io
1134 3846 1168 3909 et
1192 3840 1225 3923 b)
1250 3862 1292 3908 ex
1323 3844 1481 3908 communi
1511 3842 1673 3907 11οωί1111111

423 3952 632 4035 persuasione
654 3951 724 4035 peti
746 3950 832 4017 solet
847 3948 893 4032 (n.
921 3952 982 4016 111
1008 3954 1042 4017 et
1068 3948 1155 4033 112).

515 4065 568 4130 Ad
590 4067 625 4148 a)
648 4066 836 4144 -Quodsi
859 4068 923 4133 Ed.
947 4089 975 4132 o.
1000 4065 1213 4132 Hortmuaai
1235 4084 1297 4129 neo
1319 4084 1385 4129 non
1412 4062 1574 4128 Adictesl
1595 4058 1674 4127 illud

427 4172 552 4238 factum
582 4177 728 4240 internae
758 4176 965 4240 eonscientiae
988 4172 1152 4253 libertatis,
1184 4171 1270 4253 quod
1298 4169 1517 4249 „illusionem“
1544 4168 1673 4241 vocant,

426 4277 500 4344 ideo
519 4279 627 4345 minus
644 4280 829 4346 universale
845 4280 1030 4345 habendum
1047 4298 1119 4345 esse
1135 4280 1263 4363 putant,
1288 4277 1373 4359 quod
1390 4278 1454 4361 ipa-i
1470 4294 1491 4341 a
1505 4274 1674 4339 iuventute

520 4543 529 4574 ¹
547 4541 597 4595 Die
614 4541 713 4596 beiden
732 4540 964 4610 Grundprobleme
983 4539 1031 4593 dor
1051 4538 1135 4594 Ethik
1154 4540 1167 4592 I
1188 4540 1211 4592 1.

518 4630 603 4684 'Das
620 4628 744 4684 sittliohe
765 4627 948 4682 Rewnsstsein
969 4626 1064 4695 (1886)
1086 4626 1179 4681 88211.
1288 4624 1402 4680 ⁸Etbik
1422 4625 1517 4693 (1892)
1536 4624 1599 4680 462.

518 4721 529 4752 ⁴
548 4720 575 4772 S.
599 4719 700 4787 nom„
720 4716 821 4771 Gontm
840 4717 944 4772 Gentes
962 4715 980 4770 l.
1002 4716 1026 4780 1,
1045 4732 1068 4769 o.
1089 4716 1131 4770 68.

518 4808 529 4839 ⁶
547 4806 705 4862 Zeitachrift
722 4808 768 4860 fllr
786 4804 961 4876 Philosophia
978 4803 1034 4859 und
1052 4802 1150 4873 philos.
1170 4802 1262 4857 Kritik
1282 4801 1370 4857 CXVI
1390 4802 1449 4857 184.

518 4894 603 4951 ‘Das
620 4892 744 4951 aittliche
764 4893 950 4947 Beuusstsein
969 4892 1030 4947 364.

519 4983 705 5037 'zeitschrift
723 4983 768 5036 1111
786 4980 959 5051 Philosophia
978 4980 1033 5035 und
1053 4980 1150 5051 philos.
1170 4978 1262 5033 Kritik
1281 4977 1368 5034 CXVI
1387 4978 1448 5034 207.
