<?xml version="1.0" encoding="UTF-8"?>
<!DOCTYPE html PUBLIC "-//W3C//DTD XHTML 1.0 Transitional//EN"
    "http://www.w3.org/TR/xhtml1/DTD/xhtml1-transitional.dtd">
<html xmlns="http://www.w3.org/1999/xhtml" xml:lang="en" lang="en">
 <head>
  <title>
</title>
<meta http-equiv="Content-Type" content="text/html;charset=utf-8" />
  <meta name='ocr-system' content='tesseract 3.04.00' />
  <meta name='ocr-capabilities' content='ocr_page ocr_carea ocr_par ocr_line ocrx_word'/>
</head>
<body>
  <div class='ocr_page' id='page_1' title='image "./institutionesiu00meyegoog_0408.png"; bbox 0 0 3909 5842; ppageno 0'>
   <div class='ocr_carea' id='block_1_1' title="bbox 447 685 1487 758">
    <p class='ocr_par' dir='ltr' id='par_1_1' title="bbox 447 685 1487 758">
     <span class='ocr_line' id='line_1_1' title="bbox 447 685 1487 758; baseline -0.006 -14"><span class='ocrx_word' id='word_1_1' title='bbox 447 693 512 758; x_wconf 84' lang='lat'>356</span> <span class='ocrx_word' id='word_1_2' title='bbox 669 685 759 742; x_wconf 88' lang='lat' dir='ltr'>Sectio</span> <span class='ocrx_word' id='word_1_3' title='bbox 779 687 811 741; x_wconf 93' lang='lat' dir='ltr'>ll.</span> <span class='ocrx_word' id='word_1_4' title='bbox 849 686 930 741; x_wconf 83' lang='lat' dir='ltr'>Liber</span> <span class='ocrx_word' id='word_1_5' title='bbox 948 687 968 740; x_wconf 92' lang='lat' dir='ltr'>l.</span> <span class='ocrx_word' id='word_1_6' title='bbox 1006 686 1097 757; x_wconf 79' lang='lat' dir='ltr'>Caput</span> <span class='ocrx_word' id='word_1_7' title='bbox 1114 687 1148 742; x_wconf 88' lang='lat'>11.</span> <span class='ocrx_word' id='word_1_8' title='bbox 1186 685 1331 741; x_wconf 79' lang='lat' dir='ltr'>Articulus</span> <span class='ocrx_word' id='word_1_9' title='bbox 1349 687 1378 740; x_wconf 85' lang='grc'>4.</span> <span class='ocrx_word' id='word_1_10' title='bbox 1418 686 1487 750; x_wconf 62' lang='lat'>§2-</span> 
     </span>
    </p>
   </div>
   <div class='ocr_carea' id='block_1_2' title="bbox 441 863 1713 3286">
    <p class='ocr_par' dir='ltr' id='par_1_2' title="bbox 444 863 1713 1480">
     <span class='ocr_line' id='line_1_2' title="bbox 444 863 1712 948; baseline -0.004 -17"><span class='ocrx_word' id='word_1_11' title='bbox 444 865 552 944; x_wconf 87' lang='lat' dir='ltr'>itoria‚</span> <span class='ocrx_word' id='word_1_12' title='bbox 584 863 643 930; x_wconf 88' lang='lat' dir='ltr'>sed</span> <span class='ocrx_word' id='word_1_13' title='bbox 671 863 863 948; x_wconf 87' lang='lat' dir='ltr'>plerumque</span> <span class='ocrx_word' id='word_1_14' title='bbox 893 863 993 929; x_wconf 90' lang='lat' dir='ltr'>etiarn</span> <span class='ocrx_word' id='word_1_15' title='bbox 1019 864 1053 928; x_wconf 93' lang='lat' dir='ltr'>in</span> <span class='ocrx_word' id='word_1_16' title='bbox 1082 864 1229 930; x_wconf 87' lang='lat' dir='ltr'>futurum</span> <span class='ocrx_word' id='word_1_17' title='bbox 1260 863 1419 941; x_wconf 85' lang='lat' dir='ltr'>timenda,</span> <span class='ocrx_word' id='word_1_18' title='bbox 1452 864 1585 946; x_wconf 80' lang='lat' dir='ltr'>negari</span> <span class='ocrx_word' id='word_1_19' title='bbox 1609 865 1712 945; x_wconf 77' lang='lat' dir='ltr'>neom</span> 
     </span>
     <span class='ocr_line' id='line_1_3' title="bbox 444 970 1710 1056; baseline -0.006 -16"><span class='ocrx_word' id='word_1_20' title='bbox 444 973 479 1040; x_wconf 91' lang='lat' dir='ltr'>in</span> <span class='ocrx_word' id='word_1_21' title='bbox 502 974 564 1040; x_wconf 88' lang='lat' dir='ltr'>hac</span> <span class='ocrx_word' id='word_1_22' title='bbox 587 971 660 1056; x_wconf 88' lang='lat' dir='ltr'>ipsa</span> <span class='ocrx_word' id='word_1_23' title='bbox 677 992 786 1036; x_wconf 91' lang='lat' dir='ltr'>rerum</span> <span class='ocrx_word' id='word_1_24' title='bbox 803 970 1019 1036; x_wconf 86' lang='lat' dir='ltr'>humanarum</span> <span class='ocrx_word' id='word_1_25' title='bbox 1037 971 1226 1037; x_wconf 88' lang='lat' dir='ltr'>condicione</span> <span class='ocrx_word' id='word_1_26' title='bbox 1241 991 1365 1036; x_wconf 88' lang='lat' dir='ltr'>norum</span> <span class='ocrx_word' id='word_1_27' title='bbox 1380 991 1423 1036; x_wconf 89' lang='lat' dir='ltr'>ac</span> <span class='ocrx_word' id='word_1_28' title='bbox 1438 971 1710 1054; x_wconf 72' lang='lat' dir='ltr'>potentissimus</span> 
     </span>
     <span class='ocr_line' id='line_1_4' title="bbox 445 1076 1713 1163; baseline -0.002 -18"><span class='ocrx_word' id='word_1_29' title='bbox 445 1079 575 1163; x_wconf 91' lang='lat' dir='ltr'>quidem</span> <span class='ocrx_word' id='word_1_30' title='bbox 591 1080 792 1144; x_wconf 88' lang='lat' dir='ltr'>momentum</span> <span class='ocrx_word' id='word_1_31' title='bbox 808 1077 979 1154; x_wconf 81' lang='lat' dir='ltr'>contineri,</span> <span class='ocrx_word' id='word_1_32' title='bbox 992 1098 1056 1159; x_wconf 87' lang='lat' dir='ltr'>qno</span> <span class='ocrx_word' id='word_1_33' title='bbox 1069 1077 1245 1161; x_wconf 87' lang='lat' dir='ltr'>ampliores</span> <span class='ocrx_word' id='word_1_34' title='bbox 1257 1076 1397 1143; x_wconf 86' lang='lat' dir='ltr'>sociales</span> <span class='ocrx_word' id='word_1_35' title='bbox 1415 1079 1555 1152; x_wconf 82' lang='lat' dir='ltr'>coetus,</span> <span class='ocrx_word' id='word_1_36' title='bbox 1574 1079 1713 1162; x_wconf 76' lang='lat' dir='ltr'>plerum</span> 
     </span>
     <span class='ocr_line' id='line_1_5' title="bbox 445 1183 1713 1270; baseline -0.004 -19"><span class='ocrx_word' id='word_1_37' title='bbox 445 1207 508 1270; x_wconf 92' lang='lat' dir='ltr'>que</span> <span class='ocrx_word' id='word_1_38' title='bbox 524 1185 588 1250; x_wconf 93' lang='lat' dir='ltr'>iam</span> <span class='ocrx_word' id='word_1_39' title='bbox 607 1183 736 1250; x_wconf 91' lang='lat' dir='ltr'>vinculo</span> <span class='ocrx_word' id='word_1_40' title='bbox 752 1183 921 1266; x_wconf 78' lang='lat' dir='ltr'><strong>sanguinis</strong></span> <span class='ocrx_word' id='word_1_41' title='bbox 938 1184 1095 1262; x_wconf 75' lang='lat' dir='ltr'>concreti,</span> <span class='ocrx_word' id='word_1_42' title='bbox 1112 1184 1232 1252; x_wconf 90' lang='lat' dir='ltr'>fortius</span> <span class='ocrx_word' id='word_1_43' title='bbox 1248 1187 1348 1266; x_wconf 88' lang='lat' dir='ltr'>atque</span> <span class='ocrx_word' id='word_1_44' title='bbox 1363 1183 1531 1249; x_wconf 87' lang='lat' dir='ltr'>stabilius</span> <span class='ocrx_word' id='word_1_45' title='bbox 1547 1185 1713 1250; x_wconf 79' lang='lat' dir='ltr'>uniamur.</span> 
     </span>
     <span class='ocr_line' id='line_1_6' title="bbox 445 1289 1712 1372; baseline -0.002 -15"><span class='ocrx_word' id='word_1_46' title='bbox 445 1295 503 1358; x_wconf 89' lang='lat' dir='ltr'>aut</span> <span class='ocrx_word' id='word_1_47' title='bbox 534 1289 643 1364; x_wconf 84' lang='lat' dir='ltr'>etiarn,</span> <span class='ocrx_word' id='word_1_48' title='bbox 676 1293 815 1372; x_wconf 75' lang='lat' dir='ltr'>nogento</span> <span class='ocrx_word' id='word_1_49' title='bbox 842 1289 1052 1367; x_wconf 87' lang='lat' dir='ltr'>necessitate,</span> <span class='ocrx_word' id='word_1_50' title='bbox 1083 1311 1126 1355; x_wconf 86' lang='lat' dir='ltr'>ex</span> <span class='ocrx_word' id='word_1_51' title='bbox 1150 1289 1322 1356; x_wconf 89' lang='lat' dir='ltr'>elementis</span> <span class='ocrx_word' id='word_1_52' title='bbox 1346 1289 1511 1354; x_wconf 81' lang='lat' dir='ltr'>diversae</span> <span class='ocrx_word' id='word_1_53' title='bbox 1536 1290 1712 1356; x_wconf 78' lang='lat' dir='ltr'>nationali-</span> 
     </span>
     <span class='ocr_line' id='line_1_7' title="bbox 445 1395 966 1480; baseline -0.004 -16"><span class='ocrx_word' id='word_1_54' title='bbox 445 1397 581 1480; x_wconf 80' lang='lat' dir='ltr'>originis</span> <span class='ocrx_word' id='word_1_55' title='bbox 604 1396 743 1480; x_wconf 90' lang='lat' dir='ltr'>primum</span> <span class='ocrx_word' id='word_1_56' title='bbox 768 1395 966 1462; x_wconf 87' lang='lat' dir='ltr'>coalescant.</span> 
     </span>
    </p>

    <p class='ocr_par' dir='ltr' id='par_1_3' title="bbox 443 1501 1712 2314">
     <span class='ocr_line' id='line_1_8' title="bbox 534 1501 1712 1588; baseline -0.003 -19"><span class='ocrx_word' id='word_1_57' title='bbox 534 1503 650 1569; x_wconf 83' lang='lat' dir='ltr'>Eidem</span> <span class='ocrx_word' id='word_1_58' title='bbox 680 1502 811 1568; x_wconf 85' lang='lat' dir='ltr'>effectui</span> <span class='ocrx_word' id='word_1_59' title='bbox 841 1502 936 1569; x_wconf 86' lang='lat' dir='ltr'>favet</span> <span class='ocrx_word' id='word_1_60' title='bbox 966 1505 1193 1588; x_wconf 78' lang='lat' dir='ltr'>inaequalitas,</span> <span class='ocrx_word' id='word_1_61' title='bbox 1224 1523 1299 1584; x_wconf 88' lang='lat' dir='ltr'>qua,</span> <span class='ocrx_word' id='word_1_62' title='bbox 1329 1501 1427 1567; x_wconf 89' lang='lat' dir='ltr'>sicuti</span> <span class='ocrx_word' id='word_1_63' title='bbox 1460 1501 1643 1570; x_wconf 82' lang='lat' dir='ltr'>individui</span> <span class='ocrx_word' id='word_1_64' title='bbox 1664 1504 1712 1567; x_wconf 78' lang='lat' dir='ltr'>ho</span> 
     </span>
     <span class='ocr_line' id='line_1_9' title="bbox 444 1607 1711 1692; baseline -0.002 -15"><span class='ocrx_word' id='word_1_65' title='bbox 444 1611 548 1677; x_wconf 88' lang='lat' dir='ltr'>mines</span> <span class='ocrx_word' id='word_1_66' title='bbox 571 1609 620 1676; x_wconf 88' lang='lat' dir='ltr'>ita</span> <span class='ocrx_word' id='word_1_67' title='bbox 643 1612 677 1675; x_wconf 90' lang='lat' dir='ltr'>et</span> <span class='ocrx_word' id='word_1_68' title='bbox 700 1608 850 1691; x_wconf 83' lang='lat' dir='ltr'>singulae</span> <span class='ocrx_word' id='word_1_69' title='bbox 873 1607 1019 1676; x_wconf 86' lang='lat' dir='ltr'>familiae</span> <span class='ocrx_word' id='word_1_70' title='bbox 1042 1631 1082 1675; x_wconf 88' lang='lat' dir='ltr'>ae</span> <span class='ocrx_word' id='word_1_71' title='bbox 1105 1609 1212 1674; x_wconf 91' lang='lat' dir='ltr'>tribus</span> <span class='ocrx_word' id='word_1_72' title='bbox 1236 1608 1323 1674; x_wconf 91' lang='lat' dir='ltr'>inter</span> <span class='ocrx_word' id='word_1_73' title='bbox 1338 1629 1375 1674; x_wconf 93' lang='lat' dir='ltr'>se</span> <span class='ocrx_word' id='word_1_74' title='bbox 1391 1608 1577 1687; x_wconf 85' lang='lat' dir='ltr'>differunt,</span> <span class='ocrx_word' id='word_1_75' title='bbox 1606 1615 1645 1676; x_wconf 88' lang='lat' dir='ltr'>et</span> <span class='ocrx_word' id='word_1_76' title='bbox 1658 1632 1711 1692; x_wconf 74' lang='lat' dir='ltr'>qus</span> 
     </span>
     <span class='ocr_line' id='line_1_10' title="bbox 444 1714 1710 1800; baseline -0.001 -17"><span class='ocrx_word' id='word_1_77' title='bbox 444 1718 515 1783; x_wconf 89' lang='lat' dir='ltr'>fieri</span> <span class='ocrx_word' id='word_1_78' title='bbox 544 1715 639 1794; x_wconf 90' lang='lat' dir='ltr'>solet,</span> <span class='ocrx_word' id='word_1_79' title='bbox 671 1717 709 1780; x_wconf 91' lang='lat' dir='ltr'>ut</span> <span class='ocrx_word' id='word_1_80' title='bbox 739 1714 882 1780; x_wconf 87' lang='lat' dir='ltr'>minores</span> <span class='ocrx_word' id='word_1_81' title='bbox 912 1718 1014 1798; x_wconf 88' lang='lat' dir='ltr'>atque</span> <span class='ocrx_word' id='word_1_82' title='bbox 1040 1715 1277 1798; x_wconf 83' lang='lat' dir='ltr'>indigentiores</span> <span class='ocrx_word' id='word_1_83' title='bbox 1306 1714 1493 1780; x_wconf 90' lang='lat' dir='ltr'>maioribus</span> <span class='ocrx_word' id='word_1_84' title='bbox 1530 1736 1576 1782; x_wconf 84' lang='lat' dir='ltr'>ac</span> <span class='ocrx_word' id='word_1_85' title='bbox 1603 1722 1710 1800; x_wconf 78' lang='lat' dir='ltr'>poter</span> 
     </span>
     <span class='ocr_line' id='line_1_11' title="bbox 444 1819 1710 1902; baseline -0.004 -12"><span class='ocrx_word' id='word_1_86' title='bbox 444 1822 582 1890; x_wconf 82' lang='lat' dir='ltr'>tionibus</span> <span class='ocrx_word' id='word_1_87' title='bbox 606 1822 660 1886; x_wconf 83' lang='lat' dir='ltr'>vel</span> <span class='ocrx_word' id='word_1_88' title='bbox 684 1821 771 1886; x_wconf 89' lang='lat' dir='ltr'>ultro</span> <span class='ocrx_word' id='word_1_89' title='bbox 793 1821 920 1886; x_wconf 78' lang='lat' dir='ltr'>tutelae</span> <span class='ocrx_word' id='word_1_90' title='bbox 944 1839 1046 1887; x_wconf 89' lang='lat' dir='ltr'>causa</span> <span class='ocrx_word' id='word_1_91' title='bbox 1067 1821 1262 1897; x_wconf 73' lang='lat' dir='ltr'>inhaereant</span> <span class='ocrx_word' id='word_1_92' title='bbox 1284 1819 1390 1902; x_wconf 90' lang='lat' dir='ltr'>iisque</span> <span class='ocrx_word' id='word_1_93' title='bbox 1413 1841 1453 1885; x_wconf 90' lang='lat' dir='ltr'>se</span> <span class='ocrx_word' id='word_1_94' title='bbox 1476 1821 1710 1887; x_wconf 68' lang='lat' dir='ltr'>subordinans</span> 
     </span>
     <span class='ocr_line' id='line_1_12' title="bbox 444 1925 1710 2011; baseline 0 -19"><span class='ocrx_word' id='word_1_95' title='bbox 444 1929 498 1994; x_wconf 90' lang='lat' dir='ltr'>vel</span> <span class='ocrx_word' id='word_1_96' title='bbox 529 1929 570 1995; x_wconf 90' lang='lat' dir='ltr'>ab</span> <span class='ocrx_word' id='word_1_97' title='bbox 600 1927 715 1993; x_wconf 89' lang='lat' dir='ltr'>iisdem</span> <span class='ocrx_word' id='word_1_98' title='bbox 746 1927 846 1992; x_wconf 89' lang='lat' dir='ltr'>etiam</span> <span class='ocrx_word' id='word_1_99' title='bbox 876 1927 910 1992; x_wconf 91' lang='lat' dir='ltr'>vi</span> <span class='ocrx_word' id='word_1_100' title='bbox 940 1926 1003 1992; x_wconf 91' lang='lat' dir='ltr'>sibi</span> <span class='ocrx_word' id='word_1_101' title='bbox 1033 1927 1256 2010; x_wconf 83' lang='lat' dir='ltr'>adiungantur</span> <span class='ocrx_word' id='word_1_102' title='bbox 1282 1947 1322 1992; x_wconf 90' lang='lat' dir='ltr'>ac</span> <span class='ocrx_word' id='word_1_103' title='bbox 1345 1925 1555 1995; x_wconf 83' lang='lat' dir='ltr'>subdantur.</span> <span class='ocrx_word' id='word_1_104' title='bbox 1609 1931 1710 2011; x_wconf 65' lang='lat' dir='ltr'>Atque</span> 
     </span>
     <span class='ocr_line' id='line_1_13' title="bbox 443 2033 1707 2117; baseline -0.001 -16"><span class='ocrx_word' id='word_1_105' title='bbox 443 2035 661 2114; x_wconf 87' lang='lat' dir='ltr'>haecomnia,</span> <span class='ocrx_word' id='word_1_106' title='bbox 685 2034 764 2100; x_wconf 90' lang='lat' dir='ltr'>licet</span> <span class='ocrx_word' id='word_1_107' title='bbox 779 2033 813 2098; x_wconf 94' lang='lat' dir='ltr'>in</span> <span class='ocrx_word' id='word_1_108' title='bbox 829 2034 1023 2117; x_wconf 81' lang='lat' dir='ltr'>particulari</span> <span class='ocrx_word' id='word_1_109' title='bbox 1039 2055 1104 2098; x_wconf 90' lang='lat' dir='ltr'>non</span> <span class='ocrx_word' id='word_1_110' title='bbox 1119 2034 1306 2100; x_wconf 88' lang='lat' dir='ltr'>necessario</span> <span class='ocrx_word' id='word_1_111' title='bbox 1321 2033 1493 2108; x_wconf 83' lang='lat' dir='ltr'>eveniant,</span> <span class='ocrx_word' id='word_1_112' title='bbox 1522 2036 1707 2117; x_wconf 73' lang='lat' dir='ltr'>generatis</span> 
     </span>
     <span class='ocr_line' id='line_1_14' title="bbox 443 2137 1709 2222; baseline -0.001 -14"><span class='ocrx_word' id='word_1_113' title='bbox 443 2146 555 2208; x_wconf 89' lang='lat' dir='ltr'>tamen</span> <span class='ocrx_word' id='word_1_114' title='bbox 579 2143 613 2207; x_wconf 91' lang='lat' dir='ltr'>et</span> <span class='ocrx_word' id='word_1_115' title='bbox 637 2140 843 2206; x_wconf 88' lang='lat' dir='ltr'>considerato</span> <span class='ocrx_word' id='word_1_116' title='bbox 866 2139 948 2204; x_wconf 88' lang='lat' dir='ltr'>reali</span> <span class='ocrx_word' id='word_1_117' title='bbox 972 2139 1103 2222; x_wconf 77' lang='lat' dir='ltr'>generis</span> <span class='ocrx_word' id='word_1_118' title='bbox 1126 2139 1260 2205; x_wconf 86' lang='lat' dir='ltr'>humani</span> <span class='ocrx_word' id='word_1_119' title='bbox 1282 2141 1385 2215; x_wconf 90' lang='lat' dir='ltr'>statu,</span> <span class='ocrx_word' id='word_1_120' title='bbox 1412 2137 1448 2203; x_wconf 93' lang='lat' dir='ltr'>in</span> <span class='ocrx_word' id='word_1_121' title='bbox 1474 2141 1639 2222; x_wconf 87' lang='lat' dir='ltr'>quadam</span> <span class='ocrx_word' id='word_1_122' title='bbox 1662 2163 1709 2206; x_wconf 84' lang='lat' dir='ltr'>us·</span> 
     </span>
     <span class='ocr_line' id='line_1_15' title="bbox 443 2245 1239 2314; baseline -0.003 0"><span class='ocrx_word' id='word_1_123' title='bbox 443 2252 539 2314; x_wconf 89' lang='lat' dir='ltr'>turae</span> <span class='ocrx_word' id='word_1_124' title='bbox 562 2247 762 2314; x_wconf 88' lang='lat' dir='ltr'>necessitate</span> <span class='ocrx_word' id='word_1_125' title='bbox 785 2245 917 2311; x_wconf 85' lang='lat' dir='ltr'>fundari</span> <span class='ocrx_word' id='word_1_126' title='bbox 940 2245 1152 2312; x_wconf 86' lang='lat' dir='ltr'>manifestum</span> <span class='ocrx_word' id='word_1_127' title='bbox 1177 2248 1239 2312; x_wconf 91' lang='lat' dir='ltr'>est.</span> 
     </span>
    </p>

    <p class='ocr_par' dir='ltr' id='par_1_4' title="bbox 441 2353 1709 3286">
     <span class='ocr_line' id='line_1_16' title="bbox 533 2353 1709 2438; baseline -0.002 -20"><span class='ocrx_word' id='word_1_128' title='bbox 533 2357 563 2420; x_wconf 91' lang='lat'>3.</span> <span class='ocrx_word' id='word_1_129' title='bbox 589 2355 741 2419; x_wconf 80' lang='lat' dir='ltr'>Hominis</span> <span class='ocrx_word' id='word_1_130' title='bbox 766 2360 859 2437; x_wconf 81' lang='lat' dir='ltr'>alque</span> <span class='ocrx_word' id='word_1_131' title='bbox 882 2353 1019 2416; x_wconf 82' lang='lat' dir='ltr'>humani</span> <span class='ocrx_word' id='word_1_132' title='bbox 1044 2353 1117 2416; x_wconf 82' lang='lat' dir='ltr'>boni</span> <span class='ocrx_word' id='word_1_133' title='bbox 1133 2353 1381 2438; x_wconf 82' lang='lat' dir='ltr'>perfectibilitas</span> <span class='ocrx_word' id='word_1_134' title='bbox 1396 2355 1589 2437; x_wconf 81' lang='lat' dir='ltr'>nataralia,</span> <span class='ocrx_word' id='word_1_135' title='bbox 1619 2359 1654 2420; x_wconf 81' lang='lat' dir='ltr'>in</span> <span class='ocrx_word' id='word_1_136' title='bbox 1670 2358 1709 2418; x_wconf 58' lang='lat' dir='ltr'>lar</span> 
     </span>
     <span class='ocr_line' id='line_1_17' title="bbox 443 2457 1707 2544; baseline 0.001 -18"><span class='ocrx_word' id='word_1_137' title='bbox 443 2463 539 2526; x_wconf 82' lang='lat' dir='ltr'>terris</span> <span class='ocrx_word' id='word_1_138' title='bbox 568 2481 627 2544; x_wconf 88' lang='lat' dir='ltr'>per</span> <span class='ocrx_word' id='word_1_139' title='bbox 657 2481 690 2525; x_wconf 84' lang='lat' dir='ltr'>sc</span> <span class='ocrx_word' id='word_1_140' title='bbox 723 2459 904 2540; x_wconf 80' lang='lat' dir='ltr'>indefinita,</span> <span class='ocrx_word' id='word_1_141' title='bbox 936 2457 957 2522; x_wconf 93' lang='lat' dir='ltr'>i.</span> <span class='ocrx_word' id='word_1_142' title='bbox 983 2477 1012 2524; x_wconf 91' lang='lat' dir='ltr'>e.</span> <span class='ocrx_word' id='word_1_143' title='bbox 1036 2457 1068 2521; x_wconf 93' lang='lat' dir='ltr'>in</span> <span class='ocrx_word' id='word_1_144' title='bbox 1100 2462 1306 2524; x_wconf 72' lang='lat' dir='ltr'>antecessum</span> <span class='ocrx_word' id='word_1_145' title='bbox 1337 2458 1436 2522; x_wconf 89' lang='lat' dir='ltr'>nullis</span> <span class='ocrx_word' id='word_1_146' title='bbox 1469 2458 1707 2527; x_wconf 78' lang='lat' dir='ltr'>determinari-</span> 
     </span>
     <span class='ocr_line' id='line_1_18' title="bbox 443 2563 1704 2648; baseline -0.002 -17"><span class='ocrx_word' id='word_1_147' title='bbox 443 2565 600 2631; x_wconf 90' lang='lat' dir='ltr'>limitibus</span> <span class='ocrx_word' id='word_1_148' title='bbox 625 2563 883 2648; x_wconf 88' lang='lat' dir='ltr'>circumscripta.</span> <span class='ocrx_word' id='word_1_149' title='bbox 923 2563 987 2628; x_wconf 81' lang='lat' dir='ltr'>Est</span> <span class='ocrx_word' id='word_1_150' title='bbox 1009 2563 1091 2629; x_wconf 90' lang='lat' dir='ltr'>haec</span> <span class='ocrx_word' id='word_1_151' title='bbox 1113 2563 1282 2630; x_wconf 89' lang='lat' dir='ltr'>individua</span> <span class='ocrx_word' id='word_1_152' title='bbox 1305 2583 1415 2629; x_wconf 89' lang='lat' dir='ltr'>comes</span> <span class='ocrx_word' id='word_1_153' title='bbox 1437 2563 1554 2648; x_wconf 90' lang='lat' dir='ltr'>ipsius</span> <span class='ocrx_word' id='word_1_154' title='bbox 1572 2577 1704 2633; x_wconf 46' lang='lat' dir='ltr'>natura,</span> 
     </span>
     <span class='ocr_line' id='line_1_19' title="bbox 443 2669 1706 2758; baseline 0.002 -22"><span class='ocrx_word' id='word_1_155' title='bbox 443 2674 625 2738; x_wconf 83' lang='lat' dir='ltr'>rationalis.</span> <span class='ocrx_word' id='word_1_156' title='bbox 672 2670 716 2736; x_wconf 91' lang='lat' dir='ltr'>Vi</span> <span class='ocrx_word' id='word_1_157' title='bbox 737 2670 834 2736; x_wconf 87' lang='lat' dir='ltr'>huius</span> <span class='ocrx_word' id='word_1_158' title='bbox 857 2669 943 2736; x_wconf 92' lang='lat' dir='ltr'>enim</span> <span class='ocrx_word' id='word_1_159' title='bbox 967 2669 1074 2748; x_wconf 90' lang='lat' dir='ltr'>bomo,</span> <span class='ocrx_word' id='word_1_160' title='bbox 1102 2671 1189 2736; x_wconf 89' lang='lat' dir='ltr'>sicut</span> <span class='ocrx_word' id='word_1_161' title='bbox 1210 2669 1354 2736; x_wconf 85' lang='lat' dir='ltr'>finaliter</span> <span class='ocrx_word' id='word_1_162' title='bbox 1377 2671 1546 2753; x_wconf 89' lang='lat' dir='ltr'>compleri</span> <span class='ocrx_word' id='word_1_163' title='bbox 1571 2695 1617 2739; x_wconf 91' lang='lat' dir='ltr'>ac</span> <span class='ocrx_word' id='word_1_164' title='bbox 1641 2695 1706 2758; x_wconf 85' lang='lat' dir='ltr'>per·</span> 
     </span>
     <span class='ocr_line' id='line_1_20' title="bbox 442 2776 1703 2862; baseline 0 -19"><span class='ocrx_word' id='word_1_165' title='bbox 442 2779 496 2843; x_wconf 89' lang='lat' dir='ltr'>fici</span> <span class='ocrx_word' id='word_1_166' title='bbox 526 2799 591 2842; x_wconf 92' lang='lat' dir='ltr'>non</span> <span class='ocrx_word' id='word_1_167' title='bbox 620 2780 732 2861; x_wconf 88' lang='lat' dir='ltr'>potest</span> <span class='ocrx_word' id='word_1_168' title='bbox 762 2776 825 2842; x_wconf 91' lang='lat' dir='ltr'>nisi</span> <span class='ocrx_word' id='word_1_169' title='bbox 849 2777 933 2841; x_wconf 92' lang='lat' dir='ltr'>hono</span> <span class='ocrx_word' id='word_1_170' title='bbox 957 2776 1096 2854; x_wconf 85' lang='lat' dir='ltr'>infinito,</span> <span class='ocrx_word' id='word_1_171' title='bbox 1126 2777 1175 2842; x_wconf 87' lang='lat' dir='ltr'>ita</span> <span class='ocrx_word' id='word_1_172' title='bbox 1197 2777 1232 2841; x_wconf 91' lang='lat' dir='ltr'>in</span> <span class='ocrx_word' id='word_1_173' title='bbox 1254 2776 1422 2860; x_wconf 83' lang='lat' dir='ltr'>praesenti</span> <span class='ocrx_word' id='word_1_174' title='bbox 1445 2776 1534 2854; x_wconf 87' lang='lat' dir='ltr'>vita,</span> <span class='ocrx_word' id='word_1_175' title='bbox 1571 2801 1645 2862; x_wconf 89' lang='lat' dir='ltr'>qua</span> <span class='ocrx_word' id='word_1_176' title='bbox 1672 2781 1703 2843; x_wconf 83' lang='lat' dir='ltr'>ad</span> 
     </span>
     <span class='ocr_line' id='line_1_21' title="bbox 441 2883 1704 2960; baseline 0.001 -11"><span class='ocrx_word' id='word_1_177' title='bbox 441 2883 533 2950; x_wconf 93' lang='lat' dir='ltr'>illum</span> <span class='ocrx_word' id='word_1_178' title='bbox 557 2885 690 2948; x_wconf 88' lang='lat' dir='ltr'>beatum</span> <span class='ocrx_word' id='word_1_179' title='bbox 709 2883 806 2947; x_wconf 88' lang='lat' dir='ltr'>finem</span> <span class='ocrx_word' id='word_1_180' title='bbox 823 2883 1023 2948; x_wconf 89' lang='lat' dir='ltr'>contendere</span> <span class='ocrx_word' id='word_1_181' title='bbox 1039 2883 1147 2960; x_wconf 85' lang='lat' dir='ltr'>debet,</span> <span class='ocrx_word' id='word_1_182' title='bbox 1171 2886 1278 2949; x_wconf 85' lang='lat' dir='ltr'>totam</span> <span class='ocrx_word' id='word_1_183' title='bbox 1293 2903 1402 2947; x_wconf 89' lang='lat' dir='ltr'>rernm</span> <span class='ocrx_word' id='word_1_184' title='bbox 1420 2885 1624 2949; x_wconf 89' lang='lat' dir='ltr'>creatarum</span> <span class='ocrx_word' id='word_1_185' title='bbox 1643 2885 1704 2950; x_wconf 88' lang='lat' dir='ltr'>uni·</span> 
     </span>
     <span class='ocr_line' id='line_1_22' title="bbox 442 2988 1702 3074; baseline -0.001 -17"><span class='ocrx_word' id='word_1_186' title='bbox 442 2991 637 3057; x_wconf 86' lang='lat' dir='ltr'>versitatem</span> <span class='ocrx_word' id='word_1_187' title='bbox 662 3010 721 3054; x_wconf 87' lang='lat' dir='ltr'>suo</span> <span class='ocrx_word' id='word_1_188' title='bbox 739 2989 832 3072; x_wconf 86' lang='lat' dir='ltr'>quasi</span> <span class='ocrx_word' id='word_1_189' title='bbox 856 2988 998 3054; x_wconf 91' lang='lat' dir='ltr'>dominio</span> <span class='ocrx_word' id='word_1_190' title='bbox 1014 2989 1173 3054; x_wconf 87' lang='lat' dir='ltr'>subiicere</span> <span class='ocrx_word' id='word_1_191' title='bbox 1189 2988 1315 3068; x_wconf 91' lang='lat' dir='ltr'>nititur,</span> <span class='ocrx_word' id='word_1_192' title='bbox 1339 2993 1505 3066; x_wconf 76' lang='lat' dir='ltr'>nterea,</span> <span class='ocrx_word' id='word_1_193' title='bbox 1530 2995 1702 3074; x_wconf 81' lang='lat' dir='ltr'>tamquau</span> 
     </span>
     <span class='ocr_line' id='line_1_23' title="bbox 444 3095 1701 3178; baseline -0.004 -15"><span class='ocrx_word' id='word_1_194' title='bbox 444 3119 462 3163; x_wconf 90' lang='lat' dir='ltr'>e</span> <span class='ocrx_word' id='word_1_195' title='bbox 493 3097 649 3164; x_wconf 87' lang='lat' dir='ltr'>thesauro</span> <span class='ocrx_word' id='word_1_196' title='bbox 681 3095 879 3161; x_wconf 84' lang='lat' dir='ltr'>naturalium</span> <span class='ocrx_word' id='word_1_197' title='bbox 910 3095 1091 3160; x_wconf 89' lang='lat' dir='ltr'>mediorum</span> <span class='ocrx_word' id='word_1_198' title='bbox 1120 3095 1330 3172; x_wconf 86' lang='lat' dir='ltr'>inexhausto,</span> <span class='ocrx_word' id='word_1_199' title='bbox 1360 3116 1419 3178; x_wconf 91' lang='lat' dir='ltr'>pro</span> <span class='ocrx_word' id='word_1_200' title='bbox 1449 3115 1514 3161; x_wconf 89' lang='lat' dir='ltr'>sua</span> <span class='ocrx_word' id='word_1_201' title='bbox 1547 3097 1701 3164; x_wconf 83' lang='lat' dir='ltr'>ratiomdi</span> 
     </span>
     <span class='ocr_line' id='line_1_24' title="bbox 442 3201 1699 3286; baseline -0.001 -16"><span class='ocrx_word' id='word_1_202' title='bbox 442 3203 604 3270; x_wconf 90' lang='lat' dir='ltr'>industria</span> <span class='ocrx_word' id='word_1_203' title='bbox 634 3202 756 3286; x_wconf 83' lang='lat' dir='ltr'>iugiter</span> <span class='ocrx_word' id='word_1_204' title='bbox 786 3201 932 3268; x_wconf 86' lang='lat' dir='ltr'>subsidia</span> <span class='ocrx_word' id='word_1_205' title='bbox 963 3201 1147 3285; x_wconf 90' lang='lat' dir='ltr'>depromat,</span> <span class='ocrx_word' id='word_1_206' title='bbox 1177 3223 1243 3268; x_wconf 91' lang='lat' dir='ltr'>non</span> <span class='ocrx_word' id='word_1_207' title='bbox 1273 3202 1386 3267; x_wconf 79' lang='lat' dir='ltr'>solum‘</span> <span class='ocrx_word' id='word_1_208' title='bbox 1407 3204 1619 3282; x_wconf 87' lang='lat' dir='ltr'>necessaria,</span> <span class='ocrx_word' id='word_1_209' title='bbox 1650 3203 1699 3268; x_wconf 79' lang='lat' dir='ltr'>sad</span> 
     </span>
    </p>
   </div>
   <div class='ocr_carea' id='block_1_3' title="bbox 442 3434 1699 5110">
    <p class='ocr_par' dir='ltr' id='par_1_5' title="bbox 442 3434 1699 4304">
     <span class='ocr_line' id='line_1_25' title="bbox 442 3434 1699 3507; baseline -0.001 -15"><span class='ocrx_word' id='word_1_210' title='bbox 442 3438 607 3507; x_wconf 85' lang='lat' dir='ltr'>originarius</span> <span class='ocrx_word' id='word_1_211' title='bbox 626 3441 741 3491; x_wconf 87' lang='lat' dir='ltr'>naturae</span> <span class='ocrx_word' id='word_1_212' title='bbox 759 3438 851 3490; x_wconf 87' lang='lat' dir='ltr'>status</span> <span class='ocrx_word' id='word_1_213' title='bbox 869 3434 908 3500; x_wconf 88' lang='lat' dir='ltr'>is,</span> <span class='ocrx_word' id='word_1_214' title='bbox 928 3435 973 3503; x_wconf 92' lang='lat' dir='ltr'>qui</span> <span class='ocrx_word' id='word_1_215' title='bbox 994 3438 1109 3489; x_wconf 84' lang='lat' dir='ltr'>naturae</span> <span class='ocrx_word' id='word_1_216' title='bbox 1128 3435 1255 3488; x_wconf 81' lang='lat' dir='ltr'>rationali</span> <span class='ocrx_word' id='word_1_217' title='bbox 1274 3435 1414 3502; x_wconf 78' lang='lat' dir='ltr'>congruit,</span> <span class='ocrx_word' id='word_1_218' title='bbox 1433 3452 1451 3488; x_wconf 84' lang='lat' dir='ltr'>a</span> <span class='ocrx_word' id='word_1_219' title='bbox 1468 3452 1524 3502; x_wconf 87' lang='lat' dir='ltr'>quo</span> <span class='ocrx_word' id='word_1_220' title='bbox 1544 3435 1699 3491; x_wconf 65' lang='lat' dir='ltr'>desem</span> 
     </span>
     <span class='ocr_line' id='line_1_26' title="bbox 443 3521 1691 3593; baseline -0.004 -13"><span class='ocrx_word' id='word_1_221' title='bbox 443 3527 523 3581; x_wconf 92' lang='lat' dir='ltr'>homo</span> <span class='ocrx_word' id='word_1_222' title='bbox 542 3526 575 3578; x_wconf 87' lang='lat' dir='ltr'>ad</span> <span class='ocrx_word' id='word_1_223' title='bbox 595 3528 698 3579; x_wconf 87' lang='lat' dir='ltr'>statum</span> <span class='ocrx_word' id='word_1_224' title='bbox 718 3542 734 3578; x_wconf 87' lang='lat' dir='ltr'>a</span> <span class='ocrx_word' id='word_1_225' title='bbox 753 3527 852 3577; x_wconf 87' lang='lat' dir='ltr'>natura</span> <span class='ocrx_word' id='word_1_226' title='bbox 870 3523 1033 3590; x_wconf 79' lang='lat' dir='ltr'>degenerem</span> <span class='ocrx_word' id='word_1_227' title='bbox 1053 3523 1131 3592; x_wconf 91' lang='lat' dir='ltr'>eique</span> <span class='ocrx_word' id='word_1_228' title='bbox 1150 3524 1304 3593; x_wconf 89' lang='lat' dir='ltr'>oppositum</span> <span class='ocrx_word' id='word_1_229' title='bbox 1323 3540 1353 3576; x_wconf 88' lang='lat' dir='ltr'>se</span> <span class='ocrx_word' id='word_1_230' title='bbox 1371 3522 1462 3576; x_wconf 84' lang='lat' dir='ltr'>delabi</span> <span class='ocrx_word' id='word_1_231' title='bbox 1481 3521 1592 3592; x_wconf 86' lang='lat' dir='ltr'>optime</span> <span class='ocrx_word' id='word_1_232' title='bbox 1610 3526 1691 3578; x_wconf 79' lang='lat' dir='ltr'>sentit</span> 
     </span>
     <span class='ocr_line' id='line_1_27' title="bbox 443 3611 1696 3684; baseline -0.005 -15"><span class='ocrx_word' id='word_1_233' title='bbox 443 3613 614 3684; x_wconf 84' lang='lat' dir='ltr'>Quapropter</span> <span class='ocrx_word' id='word_1_234' title='bbox 633 3613 740 3681; x_wconf 89' lang='lat' dir='ltr'>quoties</span> <span class='ocrx_word' id='word_1_235' title='bbox 759 3611 882 3665; x_wconf 88' lang='lat' dir='ltr'>homines</span> <span class='ocrx_word' id='word_1_236' title='bbox 901 3629 932 3666; x_wconf 93' lang='lat' dir='ltr'>eo</span> <span class='ocrx_word' id='word_1_237' title='bbox 951 3613 1031 3664; x_wconf 81' lang='lat' dir='ltr'>etiam</span> <span class='ocrx_word' id='word_1_238' title='bbox 1049 3612 1153 3665; x_wconf 85' lang='lat' dir='ltr'>motivo</span> <span class='ocrx_word' id='word_1_239' title='bbox 1174 3611 1256 3680; x_wconf 90' lang='lat' dir='ltr'>(qnod</span> <span class='ocrx_word' id='word_1_240' title='bbox 1275 3614 1366 3664; x_wconf 84' lang='lat' dir='ltr'>temen</span> <span class='ocrx_word' id='word_1_241' title='bbox 1386 3628 1440 3665; x_wconf 90' lang='lat' dir='ltr'>non</span> <span class='ocrx_word' id='word_1_242' title='bbox 1458 3613 1576 3665; x_wconf 88' lang='lat' dir='ltr'>unicum</span> <span class='ocrx_word' id='word_1_243' title='bbox 1596 3618 1655 3670; x_wconf 82' lang='lat' dir='ltr'>est.</span> <span class='ocrx_word' id='word_1_244' title='bbox 1672 3624 1696 3664; x_wconf 84' lang='lat' dir='ltr'>m</span> 
     </span>
     <span class='ocr_line' id='line_1_28' title="bbox 443 3697 1696 3768; baseline -0.002 -13"><span class='ocrx_word' id='word_1_245' title='bbox 443 3707 518 3756; x_wconf 86' lang='lat' dir='ltr'>recte</span> <span class='ocrx_word' id='word_1_246' title='bbox 538 3704 630 3755; x_wconf 88' lang='lat' dir='ltr'>monet</span> <span class='ocrx_word' id='word_1_247' title='bbox 651 3703 744 3768; x_wconf 81' lang='lat' dir='ltr'>Gross,</span> <span class='ocrx_word' id='word_1_248' title='bbox 764 3699 862 3753; x_wconf 90' lang='lat' dir='ltr'>Lehrb.</span> <span class='ocrx_word' id='word_1_249' title='bbox 882 3700 906 3753; x_wconf 90' lang='lat' dir='ltr'>d.</span> <span class='ocrx_word' id='word_1_250' title='bbox 921 3697 1104 3754; x_wconf 88' lang='lat' dir='ltr'>Natnrrechts</span> <span class='ocrx_word' id='word_1_251' title='bbox 1123 3700 1218 3766; x_wconf 60' lang='lat'>5285)</span> <span class='ocrx_word' id='word_1_252' title='bbox 1239 3699 1272 3753; x_wconf 91' lang='lat' dir='ltr'>ad</span> <span class='ocrx_word' id='word_1_253' title='bbox 1292 3702 1399 3753; x_wconf 89' lang='lat' dir='ltr'>coetum</span> <span class='ocrx_word' id='word_1_254' title='bbox 1418 3699 1530 3753; x_wconf 84' lang='lat' dir='ltr'>civilem</span> <span class='ocrx_word' id='word_1_255' title='bbox 1549 3701 1696 3756; x_wconf 84' lang='lat' dir='ltr'>sociantur.</span> 
     </span>
     <span class='ocr_line' id='line_1_29' title="bbox 444 3787 1696 3861; baseline 0 -19"><span class='ocrx_word' id='word_1_256' title='bbox 444 3793 475 3844; x_wconf 90' lang='lat' dir='ltr'>ut</span> <span class='ocrx_word' id='word_1_257' title='bbox 493 3791 625 3842; x_wconf 86' lang='lat' dir='ltr'>adversus</span> <span class='ocrx_word' id='word_1_258' title='bbox 654 3791 783 3841; x_wconf 81' lang='lat' dir='ltr'>externos</span> <span class='ocrx_word' id='word_1_259' title='bbox 808 3787 923 3841; x_wconf 83' lang='lat' dir='ltr'>hostiles</span> <span class='ocrx_word' id='word_1_260' title='bbox 942 3787 1069 3842; x_wconf 88' lang='lat' dir='ltr'>incursus</span> <span class='ocrx_word' id='word_1_261' title='bbox 1088 3787 1229 3842; x_wconf 82' lang='lat' dir='ltr'>efficacius</span> <span class='ocrx_word' id='word_1_262' title='bbox 1247 3805 1278 3842; x_wconf 89' lang='lat' dir='ltr'>se</span> <span class='ocrx_word' id='word_1_263' title='bbox 1296 3803 1400 3858; x_wconf 87' lang='lat' dir='ltr'>suaque</span> <span class='ocrx_word' id='word_1_264' title='bbox 1419 3790 1627 3854; x_wconf 81' lang='lat' dir='ltr'>communiant,</span> <span class='ocrx_word' id='word_1_265' title='bbox 1655 3809 1696 3861; x_wconf 79' lang='lat' dir='ltr'>per</span> 
     </span>
     <span class='ocr_line' id='line_1_30' title="bbox 443 3875 1697 3943; baseline -0.001 -10"><span class='ocrx_word' id='word_1_266' title='bbox 443 3878 495 3933; x_wconf 90' lang='lat' dir='ltr'>hoc</span> <span class='ocrx_word' id='word_1_267' title='bbox 520 3895 572 3932; x_wconf 91' lang='lat' dir='ltr'>non</span> <span class='ocrx_word' id='word_1_268' title='bbox 598 3875 768 3931; x_wconf 85' lang='lat' dir='ltr'>artificialem</span> <span class='ocrx_word' id='word_1_269' title='bbox 795 3876 994 3930; x_wconf 87' lang='lat' dir='ltr'>institutionem</span> <span class='ocrx_word' id='word_1_270' title='bbox 1021 3880 1137 3930; x_wconf 84' lang='lat' dir='ltr'>naturae</span> <span class='ocrx_word' id='word_1_271' title='bbox 1162 3877 1342 3943; x_wconf 86' lang='lat' dir='ltr'>substituunt,</span> <span class='ocrx_word' id='word_1_272' title='bbox 1360 3877 1409 3931; x_wconf 84' lang='lat' dir='ltr'>sed</span> <span class='ocrx_word' id='word_1_273' title='bbox 1429 3893 1494 3930; x_wconf 86' lang='lat' dir='ltr'>rere</span> <span class='ocrx_word' id='word_1_274' title='bbox 1513 3877 1564 3930; x_wconf 87' lang='lat' dir='ltr'>fini</span> <span class='ocrx_word' id='word_1_275' title='bbox 1585 3883 1697 3932; x_wconf 73' lang='lat' dir='ltr'>natum</span> 
     </span>
     <span class='ocr_line' id='line_1_31' title="bbox 443 3965 1696 4036; baseline -0.001 -14"><span class='ocrx_word' id='word_1_276' title='bbox 443 3967 620 4022; x_wconf 86' lang='lat' dir='ltr'>subserviunt</span> <span class='ocrx_word' id='word_1_277' title='bbox 645 3969 813 4036; x_wconf 84' lang='lat' dir='ltr'>naturaeque</span> <span class='ocrx_word' id='word_1_278' title='bbox 839 3965 981 4021; x_wconf 86' lang='lat' dir='ltr'>consilium</span> <span class='ocrx_word' id='word_1_279' title='bbox 1001 3970 1203 4034; x_wconf 83' lang='lat' dir='ltr'>exsequuntur,</span> <span class='ocrx_word' id='word_1_280' title='bbox 1229 3969 1373 4033; x_wconf 78' lang='lat' dir='ltr'>reagentes</span> <span class='ocrx_word' id='word_1_281' title='bbox 1392 3967 1488 4019; x_wconf 89' lang='lat' dir='ltr'>contra</span> <span class='ocrx_word' id='word_1_282' title='bbox 1506 3970 1629 4021; x_wconf 76' lang='lat' dir='ltr'>naturae</span> <span class='ocrx_word' id='word_1_283' title='bbox 1646 3973 1696 4020; x_wconf 84' lang='lat' dir='ltr'>tur·</span> 
     </span>
     <span class='ocr_line' id='line_1_32' title="bbox 444 4053 1696 4124; baseline -0.002 -12"><span class='ocrx_word' id='word_1_284' title='bbox 444 4057 590 4120; x_wconf 79' lang='lat' dir='ltr'>tationem,</span> <span class='ocrx_word' id='word_1_285' title='bbox 609 4071 680 4124; x_wconf 88' lang='lat' dir='ltr'>quae</span> <span class='ocrx_word' id='word_1_286' title='bbox 701 4073 717 4108; x_wconf 88' lang='lat' dir='ltr'>a</span> <span class='ocrx_word' id='word_1_287' title='bbox 736 4055 840 4108; x_wconf 87' lang='lat' dir='ltr'>lascivo</span> <span class='ocrx_word' id='word_1_288' title='bbox 860 4057 888 4108; x_wconf 90' lang='lat' dir='ltr'>et</span> <span class='ocrx_word' id='word_1_289' title='bbox 907 4053 1059 4108; x_wconf 80' lang='lat' dir='ltr'>irrationali</span> <span class='ocrx_word' id='word_1_290' title='bbox 1078 4072 1130 4108; x_wconf 88' lang='lat' dir='ltr'>usn</span> <span class='ocrx_word' id='word_1_291' title='bbox 1148 4053 1286 4108; x_wconf 80' lang='lat' dir='ltr'>libertatis</span> <span class='ocrx_word' id='word_1_292' title='bbox 1304 4054 1435 4124; x_wconf 86' lang='lat' dir='ltr'>procedit,</span> <span class='ocrx_word' id='word_1_293' title='bbox 1454 4055 1482 4108; x_wconf 91' lang='lat' dir='ltr'>in</span> <span class='ocrx_word' id='word_1_294' title='bbox 1501 4055 1631 4110; x_wconf 79' lang='lat' dir='ltr'>favorem</span> <span class='ocrx_word' id='word_1_295' title='bbox 1643 4075 1696 4110; x_wconf 78' lang='lat' dir='ltr'>ven</span> 
     </span>
     <span class='ocr_line' id='line_1_33' title="bbox 443 4143 1696 4214; baseline -0.006 -11"><span class='ocrx_word' id='word_1_296' title='bbox 443 4151 533 4203; x_wconf 86' lang='lat' dir='ltr'>status</span> <span class='ocrx_word' id='word_1_297' title='bbox 552 4145 701 4208; x_wconf 85' lang='lat' dir='ltr'>naturalis,</span> <span class='ocrx_word' id='word_1_298' title='bbox 729 4145 763 4198; x_wconf 87' lang='lat' dir='ltr'>ad</span> <span class='ocrx_word' id='word_1_299' title='bbox 782 4161 863 4212; x_wconf 88' lang='lat' dir='ltr'>quern</span> <span class='ocrx_word' id='word_1_300' title='bbox 882 4147 974 4198; x_wconf 83' lang='lat' dir='ltr'>rectae</span> <span class='ocrx_word' id='word_1_301' title='bbox 993 4143 1107 4198; x_wconf 86' lang='lat' dir='ltr'>rationis</span> <span class='ocrx_word' id='word_1_302' title='bbox 1126 4143 1274 4197; x_wconf 89' lang='lat' dir='ltr'>dominium</span> <span class='ocrx_word' id='word_1_303' title='bbox 1301 4146 1330 4196; x_wconf 92' lang='lat' dir='ltr'>et</span> <span class='ocrx_word' id='word_1_304' title='bbox 1348 4143 1464 4213; x_wconf 84' lang='lat' dir='ltr'>pacifica</span> <span class='ocrx_word' id='word_1_305' title='bbox 1481 4143 1558 4197; x_wconf 81' lang='lat' dir='ltr'>ritae</span> <span class='ocrx_word' id='word_1_306' title='bbox 1577 4145 1696 4214; x_wconf 74' lang='lat' dir='ltr'>iurisque</span> 
     </span>
     <span class='ocr_line' id='line_1_34' title="bbox 443 4234 683 4304; baseline -0.017 -14"><span class='ocrx_word' id='word_1_307' title='bbox 443 4236 537 4290; x_wconf 84' lang='lat' dir='ltr'>fruitio</span> <span class='ocrx_word' id='word_1_308' title='bbox 556 4234 683 4304; x_wconf 87' lang='lat' dir='ltr'>pertinet.</span> 
     </span>
    </p>

    <p class='ocr_par' dir='ltr' id='par_1_6' title="bbox 443 4319 1694 5110">
     <span class='ocr_line' id='line_1_35' title="bbox 534 4319 1694 4391; baseline 0 -15"><span class='ocrx_word' id='word_1_309' title='bbox 534 4321 609 4388; x_wconf 84' lang='lat' dir='ltr'>Quod</span> <span class='ocrx_word' id='word_1_310' title='bbox 629 4324 720 4376; x_wconf 87' lang='lat' dir='ltr'>autem</span> <span class='ocrx_word' id='word_1_311' title='bbox 739 4321 868 4374; x_wconf 85' lang='lat' dir='ltr'>moderna</span> <span class='ocrx_word' id='word_1_312' title='bbox 887 4319 1059 4391; x_wconf 89' lang='lat' dir='ltr'>philosophia</span> <span class='ocrx_word' id='word_1_313' title='bbox 1075 4319 1275 4385; x_wconf 82' lang='lat' dir='ltr'>,Pessimiami“</span> <span class='ocrx_word' id='word_1_314' title='bbox 1296 4339 1350 4374; x_wconf 91' lang='lat' dir='ltr'>nou</span> <span class='ocrx_word' id='word_1_315' title='bbox 1368 4320 1427 4374; x_wconf 88' lang='lat' dir='ltr'>sine</span> <span class='ocrx_word' id='word_1_316' title='bbox 1439 4320 1618 4390; x_wconf 68' lang='lat' dir='ltr'>sympathia</span> <span class='ocrx_word' id='word_1_317' title='bbox 1629 4341 1694 4376; x_wconf 85' lang='lat' dir='ltr'>eom·</span> 
     </span>
     <span class='ocr_line' id='line_1_36' title="bbox 443 4407 1691 4480; baseline 0 -16"><span class='ocrx_word' id='word_1_318' title='bbox 443 4410 580 4480; x_wconf 83' lang='lat' dir='ltr'>placentia</span> <span class='ocrx_word' id='word_1_319' title='bbox 605 4409 639 4464; x_wconf 87' lang='lat' dir='ltr'>ad</span> <span class='ocrx_word' id='word_1_320' title='bbox 659 4409 789 4464; x_wconf 87' lang='lat' dir='ltr'>Hobbesii</span> <span class='ocrx_word' id='word_1_321' title='bbox 815 4409 906 4480; x_wconf 88' lang='lat' dir='ltr'>potius</span> <span class='ocrx_word' id='word_1_322' title='bbox 932 4408 1167 4478; x_wconf 79' lang='lat' dir='ltr'>anthropologiam</span> <span class='ocrx_word' id='word_1_323' title='bbox 1194 4409 1331 4478; x_wconf 87' lang='lat' dir='ltr'>respicere</span> <span class='ocrx_word' id='word_1_324' title='bbox 1355 4407 1442 4472; x_wconf 84' lang='lat' dir='ltr'>solet,</span> <span class='ocrx_word' id='word_1_325' title='bbox 1467 4425 1518 4462; x_wconf 89' lang='lat' dir='ltr'>neo</span> <span class='ocrx_word' id='word_1_326' title='bbox 1543 4409 1691 4464; x_wconf 86' lang='lat' dir='ltr'>mirandum</span> 
     </span>
     <span class='ocr_line' id='line_1_37' title="bbox 443 4497 1689 4567; baseline -0.002 -14"><span class='ocrx_word' id='word_1_327' title='bbox 443 4517 494 4553; x_wconf 89' lang='lat' dir='ltr'>nec</span> <span class='ocrx_word' id='word_1_328' title='bbox 511 4499 687 4554; x_wconf 88' lang='lat' dir='ltr'>invidendum</span> <span class='ocrx_word' id='word_1_329' title='bbox 708 4503 758 4553; x_wconf 87' lang='lat' dir='ltr'>est.</span> <span class='ocrx_word' id='word_1_330' title='bbox 783 4499 826 4552; x_wconf 85' lang='lat' dir='ltr'>lta</span> <span class='ocrx_word' id='word_1_331' title='bbox 845 4501 878 4552; x_wconf 84' lang='grc' dir='ltr'>Ε.</span> <span class='ocrx_word' id='word_1_332' title='bbox 898 4517 920 4552; x_wconf 78' lang='grc' dir='ltr'>υ.</span> <span class='ocrx_word' id='word_1_333' title='bbox 940 4500 1108 4566; x_wconf 63' lang='lat' dir='ltr'>Hammona,</span> <span class='ocrx_word' id='word_1_334' title='bbox 1127 4497 1302 4567; x_wconf 82' lang='lat' dir='ltr'>Philosophia</span> <span class='ocrx_word' id='word_1_335' title='bbox 1321 4497 1369 4552; x_wconf 87' lang='lat' dir='ltr'>des</span> <span class='ocrx_word' id='word_1_336' title='bbox 1381 4497 1584 4551; x_wconf 83' lang='lat' dir='ltr'>Unbewussteu</span> <span class='ocrx_word' id='word_1_337' title='bbox 1599 4499 1652 4564; x_wconf 84' lang='lat' dir='ltr'>(ed.</span> <span class='ocrx_word' id='word_1_338' title='bbox 1665 4501 1689 4553; x_wconf 85' lang='lat' dir='ltr'>o</span> 
     </span>
     <span class='ocr_line' id='line_1_38' title="bbox 444 4583 1690 4656; baseline -0.001 -15"><span class='ocrx_word' id='word_1_339' title='bbox 444 4587 511 4652; x_wconf 79' lang='lat'>334,</span> <span class='ocrx_word' id='word_1_340' title='bbox 537 4587 673 4641; x_wconf 89' lang='lat' dir='ltr'>homiuem</span> <span class='ocrx_word' id='word_1_341' title='bbox 692 4586 785 4640; x_wconf 89' lang='lat' dir='ltr'>eodem</span> <span class='ocrx_word' id='word_1_342' title='bbox 804 4585 906 4656; x_wconf 91' lang='lat' dir='ltr'>triplici</span> <span class='ocrx_word' id='word_1_343' title='bbox 926 4587 1058 4640; x_wconf 87' lang='lat' dir='ltr'>instinctu</span> <span class='ocrx_word' id='word_1_344' title='bbox 1076 4584 1189 4650; x_wconf 86' lang='lat' dir='ltr'>sociari,</span> <span class='ocrx_word' id='word_1_345' title='bbox 1216 4603 1269 4654; x_wconf 88' lang='lat' dir='ltr'>quo</span> <span class='ocrx_word' id='word_1_346' title='bbox 1288 4587 1317 4638; x_wconf 88' lang='lat' dir='ltr'>et</span> <span class='ocrx_word' id='word_1_347' title='bbox 1334 4585 1415 4638; x_wconf 76' lang='lat' dir='ltr'>bruta</span> <span class='ocrx_word' id='word_1_348' title='bbox 1433 4585 1468 4638; x_wconf 90' lang='lat' dir='ltr'>ad</span> <span class='ocrx_word' id='word_1_349' title='bbox 1487 4583 1641 4652; x_wconf 68' lang='lat' dir='ltr'>gregaliter</span> <span class='ocrx_word' id='word_1_350' title='bbox 1656 4591 1690 4640; x_wconf 80' lang='lat' dir='ltr'>vi-</span> 
     </span>
     <span class='ocr_line' id='line_1_39' title="bbox 444 4674 1689 4745; baseline 0.002 -18"><span class='ocrx_word' id='word_1_351' title='bbox 444 4677 562 4729; x_wconf 85' lang='lat' dir='ltr'>vendum</span> <span class='ocrx_word' id='word_1_352' title='bbox 581 4675 765 4745; x_wconf 86' lang='lat' dir='ltr'>impellantur,</span> <span class='ocrx_word' id='word_1_353' title='bbox 784 4675 871 4738; x_wconf 93' lang='lat' dir='ltr'>docet,</span> <span class='ocrx_word' id='word_1_354' title='bbox 890 4674 997 4729; x_wconf 88' lang='lat' dir='ltr'>scilicet</span> <span class='ocrx_word' id='word_1_355' title='bbox 1015 4675 1146 4729; x_wconf 89' lang='lat' dir='ltr'>instinctu</span> <span class='ocrx_word' id='word_1_356' title='bbox 1158 4675 1275 4741; x_wconf 87' lang='lat' dir='ltr'>sexuali,</span> <span class='ocrx_word' id='word_1_357' title='bbox 1293 4675 1388 4730; x_wconf 86' lang='lat' dir='ltr'>sociali</span> <span class='ocrx_word' id='word_1_358' title='bbox 1403 4674 1689 4742; x_wconf 74' lang='lat' dir='ltr'>(Geeelligkeitstrieb)</span> 
     </span>
     <span class='ocr_line' id='line_1_40' title="bbox 445 4762 1687 4831; baseline 0 -15"><span class='ocrx_word' id='word_1_359' title='bbox 445 4767 473 4816; x_wconf 87' lang='lat' dir='ltr'>et</span> <span class='ocrx_word' id='word_1_360' title='bbox 490 4765 650 4817; x_wconf 78' lang='lat' dir='ltr'>inimicitiae</span> <span class='ocrx_word' id='word_1_361' title='bbox 668 4767 787 4817; x_wconf 79' lang='lat' dir='ltr'>omnium</span> <span class='ocrx_word' id='word_1_362' title='bbox 805 4769 901 4817; x_wconf 83' lang='lat' dir='ltr'>contro</span> <span class='ocrx_word' id='word_1_363' title='bbox 920 4780 1010 4817; x_wconf 81' lang='lat' dir='ltr'>omnes</span> <span class='ocrx_word' id='word_1_364' title='bbox 1029 4763 1305 4831; x_wconf 84' lang='lat' dir='ltr'>(Feindschaftstrieb</span> <span class='ocrx_word' id='word_1_365' title='bbox 1330 4762 1399 4816; x_wconf 83' lang='lat' dir='ltr'>aller</span> <span class='ocrx_word' id='word_1_366' title='bbox 1417 4779 1507 4831; x_wconf 75' lang='lat' dir='ltr'>gagen</span> <span class='ocrx_word' id='word_1_367' title='bbox 1525 4763 1610 4830; x_wconf 87' lang='lat' dir='ltr'>alla),</span> <span class='ocrx_word' id='word_1_368' title='bbox 1635 4765 1687 4817; x_wconf 82' lang='lat' dir='ltr'>ideo</span> 
     </span>
     <span class='ocr_line' id='line_1_41' title="bbox 444 4847 1686 4922; baseline 0.001 -19"><span class='ocrx_word' id='word_1_369' title='bbox 444 4853 536 4904; x_wconf 90' lang='lat' dir='ltr'>tamen</span> <span class='ocrx_word' id='word_1_370' title='bbox 561 4870 644 4922; x_wconf 85' lang='lat' dir='ltr'>supra</span> <span class='ocrx_word' id='word_1_371' title='bbox 669 4852 750 4906; x_wconf 89' lang='lat' dir='ltr'>bruta</span> <span class='ocrx_word' id='word_1_372' title='bbox 776 4851 911 4906; x_wconf 82' lang='lat' dir='ltr'>excellere</span> <span class='ocrx_word' id='word_1_373' title='bbox 936 4855 964 4905; x_wconf 88' lang='lat' dir='ltr'>et</span> <span class='ocrx_word' id='word_1_374' title='bbox 982 4855 1057 4906; x_wconf 88' lang='lat' dir='ltr'>recte</span> <span class='ocrx_word' id='word_1_375' title='bbox 1081 4853 1115 4905; x_wconf 86' lang='lat' dir='ltr'>ab</span> <span class='ocrx_word' id='word_1_376' title='bbox 1135 4851 1283 4906; x_wconf 82' lang='lat' dir='ltr'>Aristotele</span> <span class='ocrx_word' id='word_1_377' title='bbox 1301 4852 1355 4906; x_wconf 88' lang='lat' dir='ltr'>dici</span> <span class='ocrx_word' id='word_1_378' title='bbox 1376 4847 1444 4921; x_wconf 74' lang='grc' dir='ltr'>ζῷον</span> <span class='ocrx_word' id='word_1_379' title='bbox 1462 4853 1607 4916; x_wconf 69' lang='grc' dir='ltr'><strong><em>πολιτικόν,</em></strong></span> <span class='ocrx_word' id='word_1_380' title='bbox 1630 4854 1686 4922; x_wconf 81' lang='lat' dir='ltr'>qnia</span> 
     </span>
     <span class='ocr_line' id='line_1_42' title="bbox 444 4939 1684 5010; baseline -0.002 -16"><span class='ocrx_word' id='word_1_381' title='bbox 444 4939 556 4994; x_wconf 84' lang='lat' dir='ltr'>altiores</span> <span class='ocrx_word' id='word_1_382' title='bbox 574 4941 695 5010; x_wconf 85' lang='lat' dir='ltr'>ipsarum</span> <span class='ocrx_word' id='word_1_383' title='bbox 714 4941 880 4994; x_wconf 80' lang='lat' dir='ltr'>familiarum</span> <span class='ocrx_word' id='word_1_384' title='bbox 900 4941 1044 5008; x_wconf 81' lang='lat' dir='ltr'>organicas</span> <span class='ocrx_word' id='word_1_385' title='bbox 1063 4940 1184 4994; x_wconf 88' lang='lat' dir='ltr'>unitates</span> <span class='ocrx_word' id='word_1_386' title='bbox 1202 4939 1339 4994; x_wconf 85' lang='lat' dir='ltr'>stabiliter</span> <span class='ocrx_word' id='word_1_387' title='bbox 1357 4939 1473 4994; x_wconf 83' lang='lat' dir='ltr'>fundare</span> <span class='ocrx_word' id='word_1_388' title='bbox 1493 4939 1595 4994; x_wconf 77' lang='lat' dir='ltr'>valeat.</span> <span class='ocrx_word' id='word_1_389' title='bbox 1620 4940 1684 4992; x_wconf 76' lang='lat' dir='ltr'>Adeo</span> 
     </span>
     <span class='ocr_line' id='line_1_43' title="bbox 444 5027 1390 5110; baseline 0 -28"><span class='ocrx_word' id='word_1_390' title='bbox 444 5027 506 5083; x_wconf 83' lang='lat' dir='ltr'>istis</span> <span class='ocrx_word' id='word_1_391' title='bbox 524 5028 645 5096; x_wconf 72' lang='lat' dir='ltr'>dignitas</span> <span class='ocrx_word' id='word_1_392' title='bbox 663 5028 803 5083; x_wconf 86' lang='lat' dir='ltr'>rationalia</span> <span class='ocrx_word' id='word_1_393' title='bbox 822 5031 936 5084; x_wconf 87' lang='lat' dir='ltr'>naturae</span> <span class='ocrx_word' id='word_1_394' title='bbox 956 5028 1108 5099; x_wconf 89' lang='lat' dir='ltr'>pronihilo</span> <span class='ocrx_word' id='word_1_395' title='bbox 1127 5032 1278 5098; x_wconf 86' lang='lat' dir='ltr'>reputatur.</span> <span class='ocrx_word' id='word_1_396' title='bbox 1384 5101 1390 5110; x_wconf 31' lang='grc' dir='ltr'>Ι</span> 
     </span>
    </p>
   </div>
   <div class='ocr_carea' id='block_1_4' title="bbox 0 0 1960 5842">
    <p class='ocr_par' dir='ltr' id='par_1_7' title="bbox 0 0 1960 5842">
     <span class='ocr_line' id='line_1_44' title="bbox 0 0 1960 5842; baseline 0 3"><span class='ocrx_word' id='word_1_397' title='bbox 0 0 1960 5842; x_wconf 95' lang='lat' dir='ltr'> </span> 
     </span>
    </p>
   </div>
  </div>
 </body>
</html>
