3909 5842
433 691 498 755 334
714 684 804 740 Sectio
823 685 856 740 11.
894 684 974 740 Liber
992 685 1013 740 I.
1052 685 1142 758 Caput
1159 685 1180 739 1.
1218 680 1359 738 Articulns
1379 682 1406 734 3.

433 863 573 930 diversis
605 862 782 929 socialibus
817 863 933 929 mediis
968 867 1116 930 utuntur.
1169 862 1297 946 Nempe
1331 861 1487 927 societas
1528 866 1694 930 domenico

432 990 603 1036 commune
626 973 765 1036 naturae
788 969 952 1036 humanae
974 971 1095 1035 bonum
1119 966 1171 1050 (ut
1193 989 1236 1034 ex
1258 967 1346 1033 infra
1369 967 1532 1035 dicendis
1559 972 1697 1055 patebill

432 1097 492 1160 pro
523 1075 628 1159 primo
659 1078 693 1141 et
723 1075 865 1141 maxime
889 1075 1058 1142 essentiali
1082 1075 1191 1144 stadio
1216 1074 1415 1140 evolationis
1440 1076 1628 1143 humanae
1649 1099 1698 1143 sea
1760 1120 1761 1147 r

432 1203 492 1267 pro
522 1181 627 1264 gradu
658 1181 870 1265 perfectionis
901 1183 1082 1248 individuis
1105 1181 1329 1258 necessariae,
1361 1183 1469 1247 cicilia
1497 1203 1590 1249 vero
1621 1184 1697 1248 iden
1760 1170 1761 1183 ³

433 1309 492 1374 pro
516 1287 624 1355 stadio
648 1289 753 1354 altero
777 1309 842 1353 non
866 1291 935 1354 tam
959 1287 1098 1370 singulis
1121 1287 1308 1366 individuis,
1333 1308 1432 1369 qnam
1449 1295 1579 1374 generi
1595 1311 1699 1356 essen·

434 1395 560 1462 tialiter
589 1394 792 1472 necessario,
822 1414 881 1459 seu
914 1395 1091 1459 secundum
1122 1393 1246 1476 gradrm
1270 1391 1448 1458 ulteriores
1472 1395 1699 1478 perfectibili-

432 1501 514 1568 tatis
537 1503 676 1566 naturae
698 1500 871 1578 humanae,
897 1502 1025 1566 aedesio
1049 1499 1188 1581 deniqne
1212 1499 1401 1564 universum
1424 1499 1560 1565 bonum
1588 1502 1700 1566 huma·

433 1629 509 1672 num
526 1628 584 1691 pro
602 1627 805 1689 quocumque
821 1605 928 1672 stadio
946 1604 1153 1684 evolationis,
1178 1625 1292 1670 verum
1307 1604 1500 1670 formaliter
1518 1610 1559 1672 et
1578 1608 1701 1673 direde

433 1714 607 1779 secundum
636 1721 809 1797 respectum
841 1713 886 1778 ad
915 1735 1075 1778 snramnm
1103 1714 1242 1778 bominis
1269 1713 1365 1796 finem
1392 1719 1699 1797 supernaturalem.

434 1819 496 1885 sibi
520 1823 558 1885 ut
580 1820 678 1885 finem
702 1817 906 1902 propositum
922 1817 1032 1884 habet.
1058 1854 1101 1864 -
1127 1819 1241 1884 Omnes
1258 1821 1342 1884 aliae
1358 1820 1532 1884 societates
1549 1821 1700 1904 particu-

432 1927 519 1992 lares
543 1947 574 1992 v.
599 1946 630 2008 g.
655 1925 814 1990 militares
838 1925 1014 2003 exercitus,
1039 1924 1218 1991 societates
1240 1923 1434 2003 litterariae,
1461 1925 1698 1998 industriores,

433 2035 654 2110 mercaturae,
687 2030 942 2097 assecurationis
966 2035 1029 2096 etc.
1061 2051 1125 2096 non
1155 2032 1294 2114 possunt
1323 2050 1396 2095 esse
1425 2029 1492 2094 nisi
1523 2035 1699 2099 intrinsece

435 2141 653 2224 incompletos,
679 2137 770 2222 quia,
796 2141 943 2221 spectato
968 2139 1133 2215 suetiae,
1157 2137 1191 2202 in
1214 2136 1328 2202 ordine
1351 2136 1393 2202 ad
1413 2137 1545 2203 bonum
1571 2141 1698 2224 simpli·

434 2245 516 2310 citer
539 2244 716 2310 humanum
740 2243 912 2328 multiplici
936 2253 1062 2310 caterno
1086 2243 1325 2329 complemento
1347 2243 1511 2326 indigent.

524 2350 556 2433 b)
581 2352 767 2420 Extrinsace
791 2352 941 2437 completo
965 2349 1084 2416 dicitur
1099 2350 1252 2428 societas,
1276 2354 1439 2432 qnatenus
1455 2359 1607 2418 esterna
1623 2377 1698 2419 saar

431 2460 594 2546 potestatis
623 2459 872 2544 independentia
903 2458 1043 2539 gaudet,
1077 2479 1161 2541 quae
1193 2461 1370 2542 propterea
1399 2459 1503 2540 vulgo
1539 2467 1697 2544 potestas

434 2588 584 2652 suprema
614 2564 846 2648 (suprematia,
879 2562 1123 2646 souverainete')
1146 2565 1259 2630 vocari
1282 2564 1376 2632 solet.
1423 2564 1540 2642 Quare
1566 2569 1697 2634 extrin-

433 2691 508 2737 sece
538 2674 721 2754 incompleta
754 2671 858 2736 omnis
882 2671 1025 2737 societas
1048 2671 1211 2736 censenda
1234 2674 1302 2748 est,
1333 2670 1424 2735 ouius
1447 2673 1596 2755 propria
1620 2695 1696 2740 auc

433 2777 552 2843 toritas
582 2780 628 2843 vel
652 2777 756 2842 solum
787 2782 825 2844 ut
855 2799 932 2861 pars
963 2778 1005 2843 ab
1037 2777 1155 2844 altiore
1185 2775 1329 2842 eiusdem
1360 2775 1485 2841 ordinis
1515 2785 1697 2860 potestate

434 2883 587 2965 delegata
610 2887 678 2961 est,
709 2884 758 2950 uti
781 2905 809 2951 e.
834 2904 866 2965 g.
895 2883 1042 2967 regimen
1065 2883 1307 2967 provinciarum
1332 2882 1471 2948 alicuius
1496 2888 1619 2968 regni,
1653 2888 1696 2950 ael

434 2989 560 3072 origine
590 2987 719 3072 quidem
743 3009 802 3073 per
825 3009 860 3054 se
884 2988 1122 3073 independens,
1154 2992 1190 3054 at
1219 3007 1374 3054 successu
1401 2989 1569 3071 temporis
1595 2989 1696 3056 alteri

434 3095 593 3180 potestati
617 3095 665 3162 ita
688 3095 823 3161 inridice
847 3095 1005 3174 subiecta,
1030 3094 1123 3162 utin
1147 3093 1378 3160 essentialibus
1394 3093 1571 3176 regiminis
1587 3097 1695 3181 parti·

433 3201 503 3280 bus,
528 3201 670 3267 maxime
686 3201 833 3280 internis,
851 3203 892 3268 ab
908 3201 996 3267 illius
1012 3206 1093 3268 nutu
1110 3204 1143 3266 et
1160 3221 1321 3266 consensu
1337 3199 1532 3283 dependeat,
1555 3203 1694 3268 etiamsi

373 3357 374 3360 ,
433 3309 519 3374 forte
543 3308 695 3375 formalia
718 3329 890 3393 supremae
913 3308 1092 3392 potestatis
1115 3306 1257 3390 insignia
1279 3307 1341 3390 ipsi
1358 3312 1594 3391 permaneant.
1627 3311 1693 3374 At·

432 3419 544 3481 tamen
573 3415 616 3480 ad
647 3415 808 3480 rationem
839 3414 1015 3498 potestatis
1046 3435 1213 3498 supremae
1236 3433 1301 3477 non
1324 3411 1501 3493 requiritur
1525 3411 1692 3498 indepen-

434 3521 545 3586 dentia
570 3521 725 3604 absoluta,
751 3541 823 3584 cum
847 3519 937 3584 nulla
960 3518 1126 3584 hominum
1151 3517 1367 3584 communitas
1390 3517 1432 3581 ab
1448 3516 1639 3582 officiorum
1657 3528 1691 3586 et

433 3625 556 3690 ordinis
581 3624 739 3690 divinitus
762 3625 928 3708 praefiniti
952 3624 1092 3689 vinculis
1122 3645 1203 3707 erga
1226 3625 1309 3690 alias
1333 3623 1589 3689 communitates
1613 3647 1690 3690 urn-

433 3751 530 3814 quam
555 3729 654 3794 eximi
677 3729 797 3813 possit,
822 3730 879 3794 ssd
904 3730 1027 3796 sufficit
1049 3732 1179 3795 relative
1201 3729 1368 3813 perfecta3
1399 3729 1485 3793 unde
1508 3734 1544 3794 et
1567 3749 1690 3814 supre-

432 3835 535 3900 malia
559 3834 686 3916 aliquos
716 3836 839 3918 gradus
871 3836 1019 3902 admittit
1049 3841 1083 3902 et
1107 3835 1346 3918 quodammodo
1369 3833 1466 3918 primi
1489 3839 1524 3900 et
1547 3837 1688 3901 secundi

434 3941 556 4008 ordinis
581 3940 737 4024 distingui
762 3947 881 4025 potest.
928 3942 1046 4024 ltaque
1069 3962 1134 4006 non
1158 3941 1264 4007 omnis
1288 3939 1535 4022 qualiscumque
1558 3941 1688 4024 depen-

433 4048 545 4116 dentia
574 4045 648 4112 ilico
679 4046 874 4129 dignitatem
899 4053 933 4114 et
955 4068 1074 4112 nomen
1097 4067 1271 4131 supremae
1294 4044 1471 4129 potestatis
1494 4049 1554 4110 ant
1575 4047 1685 4113 socie·

432 4155 513 4223 tatis
537 4153 719 4238 completae
748 4174 807 4236 per
837 4174 873 4218 se
904 4153 1057 4219 dirimere
1086 4153 1233 4237 putanda
1263 4155 1323 4217 est.
1370 4151 1448 4214 Cum
1477 4151 1685 4234 suprematis
1765 4142 1766 4153 ’

432 4284 512 4329 sane
536 4259 702 4327 conciliari
726 4263 837 4343 potest
861 4283 891 4327 v,
916 4281 948 4343 g.
974 4259 1127 4342 specialis
1151 4258 1309 4341 obligatio
1333 4277 1414 4339 erga
1435 4277 1551 4340 parem
1566 4263 1684 4323 extra-

432 4389 528 4434 neam
552 4369 752 4451 potestatem
777 4368 879 4432 libera
903 4365 1121 4431 conventione
1143 4364 1177 4428 in
1201 4363 1315 4428 ordine
1338 4361 1380 4426 ad
1396 4366 1508 4428 certos
1523 4369 1684 4429 externos

431 4477 513 4539 fines
544 4476 731 4548 contracta;
762 4473 860 4538 immo
891 4493 998 4556 neque
1027 4493 1087 4556 per
1116 4493 1152 4536 se
1182 4470 1230 4535 illi
1260 4468 1437 4553 opponitur
1459 4469 1680 4552 dependentia

432 4579 560 4646 stabilis
584 4583 618 4644 et
641 4579 878 4661 quodammodo
901 4579 1057 4660 organica
1072 4580 1169 4644 libere
1184 4597 1243 4660 per
1259 4574 1580 4641 confoederationem
1595 4581 1680 4642 inter

429 4707 526 4772 pares
549 4685 693 4762 inducta,
717 4685 751 4750 in
775 4685 888 4750 ordine
912 4684 1039 4751 scilicet
1062 4684 1104 4751 ad
1127 4705 1181 4748 res
1204 4687 1239 4748 et
1262 4681 1442 4747 relationes
1465 4687 1595 4748 tantum
1619 4704 1677 4749 ex·

431 4799 544 4860 ternas
568 4793 717 4857 omnibns
741 4813 938 4870 communes,
963 4792 1091 4857 intacta
1114 4795 1260 4856 ceterum
1283 4787 1537 4872 independentia
1557 4789 1676 4854 interni

431 4897 598 4981 regiminis
622 4897 841 4982 singulorum,
866 4898 914 4963 uti
938 4898 1101 4980 contingit
1123 4897 1156 4962 in
1181 4899 1363 4980 systemate
1386 4895 1572 4978 syntectioo
1594 4896 1674 4980 poli·

430 5005 517 5072 ticae
548 5005 841 5070 confoederationis
865 5004 1175 5086 („Staatenbnnd“).
1222 5003 1291 5080 Quo
1321 5001 1426 5084 magis
1456 5005 1568 5067 autem
1591 5001 1673 5066 eius·
