3909 5842
553 610 692 664 asseritur
709 609 772 664 finis
790 609 907 663 hominis
925 609 1038 663 ultimus
1059 610 1087 663 iu
1106 609 1250 663 communi.
1484 613 1525 677 39

269 792 307 854 et
331 793 465 864 tamem
489 789 592 855 salvis
614 792 705 855 certe
728 788 847 854 divinis
869 788 1142 873 perfectionibus¹
1167 790 1254 854 omni
1278 810 1337 855 suo
1360 790 1444 856 bono
1468 812 1527 874 pro

269 894 419 959 hominis
442 895 578 963 arbitrio
601 896 724 979 privari
747 916 862 979 posse;
892 895 991 961 immo
1016 901 1049 963 et
1073 896 1115 961 ab
1137 896 1267 961 homine
1290 896 1461 974 nonnulla,
1490 904 1527 963 ut

270 1002 442 1079 videatur,
466 1002 670 1069 naturaliter
698 1002 894 1080 desiderari,
919 1022 1004 1085 quae
1034 1006 1146 1069 temen
1176 1002 1337 1067 communi
1368 1003 1441 1085 lege
1468 1023 1526 1067 suo

269 1107 357 1172 reali
390 1108 509 1172 effectu
539 1113 671 1184 carent3
701 1108 750 1174 ita
779 1129 808 1175 e.
832 1130 864 1191 g.
893 1109 1039 1175 naturali
1069 1108 1201 1174 stimulo
1231 1108 1321 1173 vitae
1352 1129 1527 1174 conserva·

271 1214 403 1279 tionem
436 1215 549 1297 appeti
581 1219 616 1280 ot
646 1214 798 1281 similiter
828 1214 954 1279 horrori
989 1218 1139 1281 mortem.
1191 1212 1312 1290 Quibus
1347 1214 1527 1281 rationibus

270 1321 472 1404 opponitur:

369 1431 400 1493 1.
425 1427 555 1492 Nullam
578 1430 615 1490 in
638 1427 699 1491 baa
721 1448 757 1491 re
779 1429 950 1512 paritatem
972 1448 1039 1491 esse
1062 1430 1145 1492 inter
1167 1428 1323 1491 bominem
1339 1430 1526 1493 rationalem

271 1537 460 1601 sidrutem
483 1536 616 1599 animal.
663 1531 750 1599 Nam

366 1643 402 1721 a)
425 1644 499 1706 tota
521 1640 617 1704 huius
639 1644 760 1705 natura
783 1661 857 1705 eum
881 1639 1029 1705 omnibus
1053 1638 1122 1705 eius
1146 1638 1302 1723 potentiis
1323 1644 1358 1705 ct
1373 1638 1527 1723 appetiti·

271 1748 334 1812 bus
358 1748 404 1811 ab
427 1747 499 1831 ipso
522 1750 657 1811 auctore
680 1749 821 1812 naturae
842 1746 877 1810 in
900 1744 1040 1811 bominis
1064 1744 1234 1813 servitium
1257 1746 1382 1811 tradita
1405 1750 1473 1823 est3

365 1853 402 1934 b)
427 1874 465 1917 eo
488 1852 569 1936 ipso,
595 1852 680 1935 quod
704 1852 825 1917 animal
847 1852 1075 1934 intellegentia
1095 1856 1129 1917 et
1144 1851 1219 1916 hinc
1235 1851 1322 1916 omni
1346 1852 1527 1935 personali-

274 1963 347 2025 tate
372 1964 482 2036 caret,
513 1981 578 2023 uon
609 1964 719 2043 potest
742 1980 815 2025 esse
837 1960 997 2025 terminus
1021 1960 1117 2024 ullius
1141 1958 1364 2043 promissionis
1388 1959 1527 2037 divinae,

273 2064 367 2129 euius
391 2064 513 2132 intuitu
537 2065 649 2131 divina
670 2065 814 2133 fidelitas
833 2066 972 2150 sibiipsi
990 2065 1164 2149 quidquam
1183 2066 1309 2133 debeat.
1339 2066 1527 2142 Praeterea,

367 2172 399 2252 c)
424 2192 496 2235 cum
520 2171 639 2236 animal
663 2171 769 2255 impar
783 2171 947 2237 formandi
964 2176 1157 2256 conceptum
1181 2172 1410 2247 universalem,
1434 2193 1527 2236 num·

275 2298 375 2359 quam
407 2283 484 2344 actu
514 2281 671 2362 appetere
700 2279 806 2362 possit
835 2279 898 2343 uisi
922 2278 1085 2345 obiectum
1113 2278 1265 2345 sensibile
1289 2278 1525 2362 apprehensum

275 2387 313 2449 ut
342 2390 421 2450 actu
452 2406 608 2467 praesens
638 2406 742 2468 neque
773 2385 910 2449 alicuius
944 2384 1134 2450 tendentiae
1164 2384 1197 2448 in
1228 2384 1419 2450 felicitatem
1451 2404 1527 2447 con·

275 2490 378 2555 scium
409 2512 564 2573 umquam
593 2493 670 2569 fiat,
702 2492 802 2557 etiam
825 2492 980 2556 miserum
1005 2496 1063 2557 aut
1085 2490 1202 2555 infelix
1225 2510 1430 2573 nequaquam
1454 2489 1529 2585 red·

277 2598 376 2673 ditur,
402 2598 480 2663 dum
503 2600 651 2663 servieus
674 2598 796 2663 homini
819 2620 913 2663 suum
937 2600 1034 2663 finem
1058 2598 1218 2681 adimplet
1228 2600 1248 2663 ¹.

367 2707 398 2770 2.
425 2705 464 2770 In
484 2712 748 2790 armamentarium
765 2708 873 2791 amiur
888 2707 955 2769 nisi
970 2706 1010 2769 de
1024 2705 1161 2769 bominis
1177 2705 1334 2769 desideria
1348 2703 1530 2787 sensualiter

277 2814 436 2894 iecturali,
459 2810 480 2877 i.
501 2832 528 2877 e.
553 2810 638 2893 quod
662 2810 767 2893 ipsam
791 2813 957 2877 essentiam
982 2810 1149 2894 appetitus
1172 2808 1333 2874 naturalis
1357 2808 1528 2876 constituit

279 2920 312 2980 et
333 2916 409 2981 ideo
433 2918 531 3000 plane
554 2916 776 2982 necessarium
800 2921 834 2982 et
856 2916 1044 2981 invincibile
1069 2920 1129 2982 ost.
1177 2915 1257 2979 Tale
1285 2919 1395 2981 autem
1423 2917 1528 2981 solum

279 3024 328 3085 est
361 3022 559 3087 desiderium
591 3022 805 3088 beatitudinis
836 3022 870 3087 in
903 3024 1093 3089 communii.
1142 3020 1302 3104 Quidquid
1334 3020 1436 3103 igitur
1468 3020 1528 3086 sub

279 3126 373 3193 buius
396 3128 539 3211 impulsu
561 3128 658 3193 homo
681 3129 715 3193 in
735 3131 933 3215 particulari
954 3128 1131 3207 desiderat,
1155 3128 1216 3193 hoe
1232 3150 1297 3193 non
1317 3148 1376 3212 per
1390 3132 1529 3193 naturae

280 3235 522 3313 necessitatem,
543 3236 601 3300 sed
617 3235 727 3319 potius
743 3236 920 3301 secundum
936 3240 1089 3301 naturam
1106 3256 1165 3319 per
1180 3234 1319 3299 hominis
1336 3234 1527 3299 electionem

281 3340 495 3420 desideratur,
526 3364 631 3425 neque
660 3363 796 3407 necesso
826 3347 879 3408 est
908 3342 941 3407 id
971 3364 1066 3408 omne
1095 3362 1213 3407 revera
1236 3340 1371 3425 expleri.
1418 3340 1471 3406 Ita
1495 3344 1529 3404 et

282 3446 475 3513 desiderium
492 3450 582 3514 vitae
599 3450 854 3528 conservandae,
877 3471 1072 3531 quamquam
1091 3448 1160 3514 eius
1176 3450 1284 3513 motus
1300 3446 1528 3531 primo-primi,

282 3573 360 3632 quos
380 3554 483 3638 vulgo
505 3561 636 3634 vocant,
660 3578 720 3639 per
742 3555 932 3621 instinctum
956 3558 1140 3621 sensitivam
1167 3553 1293 3621 cunctis
1309 3554 1528 3619 animantibus

283 3678 483 3725 communem
508 3682 572 3725 non
596 3683 672 3728 raro
689 3661 874 3727 necessario
891 3662 1087 3739 excitentur,
1112 3661 1233 3727 intuitu
1249 3660 1415 3744 appetitus
1432 3662 1528 3725 ratio·

283 3767 365 3831 nelis
380 3771 493 3833 tamen
514 3789 620 3850 neque
643 3770 864 3834 necessarium
888 3790 993 3851 neque
1016 3768 1202 3834 invincibile
1225 3773 1285 3845 est,
1311 3788 1383 3833 cum
1400 3770 1530 3831 constet

284 3871 379 3936 etiam
404 3872 508 3956 ipsam
532 3879 670 3940 moutam
694 3896 754 3958 per
776 3875 912 3941 liberam
937 3876 1118 3942 voluntatis
1142 3874 1334 3941 electionem
1360 3877 1527 3954 tamquam

286 3978 398 4043 bonum
425 3980 535 4063 appeti
559 4001 666 4064 posse.

286 4113 330 4184 57.
419 4119 462 4187 Π.
485 4121 728 4187 Naturalismus
747 4124 985 4206 pantheisiims,
1006 4122 1241 4187 materialismo
1261 4124 1431 4203 cognatus,
1454 4140 1529 4184 nee·

287 4239 347 4286 uon
369 4230 505 4307 apertus
521 4228 693 4292 adiciemus
707 4228 881 4293 modernus
895 4248 953 4292 seu
975 4228 1248 4305 „materialismus
1264 4224 1525 4310 philosophicus“

288 4323 377 4404 (duce
392 4333 545 4412 Haecleel)
569 4332 769 4396 adecenniis
793 4338 826 4398 et
849 4332 1030 4398 theoretice
1054 4335 1089 4397 et
1111 4332 1257 4417 practice
1276 4332 1343 4397 late
1360 4330 1529 4395 dominans

289 4434 539 4519 societatemque
555 4437 765 4503 christianam
783 4439 903 4522 partim
921 4438 1109 4516 damiana,
1135 4438 1222 4504 inter
1242 4437 1434 4521 praecipuos
1450 4456 1530 4500 sanc

289 4536 378 4605 huius
402 4546 535 4608 nostrae
551 4543 720 4609 doctrinae
736 4544 943 4609 adversarios
959 4545 1175 4610 nominandus
1192 4550 1252 4610 est.
1286 4540 1530 4608 Naturalismus

296 4680 390 4691 κῃ...
399 4686 500 4692 -.-..
513 4687 556 4691 -.

374 4751 444 4805 ¹cf.
468 4769 538 4819 quas
564 4754 593 4805 S.
617 4753 731 4805 mamas
757 4751 790 4805 de
815 4752 948 4806 relatione
973 4751 1141 4806 irrationalis
1167 4754 1309 4805 creaturas
1335 4749 1367 4803 ad
1394 4746 1530 4802 homiuem

293 4836 380 4893 tradit:
400 4839 500 4893 Contra
519 4838 623 4893 Gentes
641 4838 658 4893 1.
679 4840 703 4904 3,
722 4856 745 4892 o.
767 4839 827 4893 112.

373 4928 384 4959 ¹
405 4926 447 4981 Cf.
467 4926 493 4980 S.
513 4926 595 4981 theol.
616 4929 639 4990 1,
659 4945 685 4995 q.
707 4928 748 4991 19,
768 4944 793 4980 a.
814 4928 846 4981 10
866 4930 883 4981 i.
902 4946 925 4982 c.
