<?xml version="1.0" encoding="UTF-8"?>
<!DOCTYPE html PUBLIC "-//W3C//DTD XHTML 1.0 Transitional//EN"
    "http://www.w3.org/TR/xhtml1/DTD/xhtml1-transitional.dtd">
<html xmlns="http://www.w3.org/1999/xhtml" xml:lang="en" lang="en">
 <head>
  <title>
</title>
<meta http-equiv="Content-Type" content="text/html;charset=utf-8" />
  <meta name='ocr-system' content='tesseract 3.04.00' />
  <meta name='ocr-capabilities' content='ocr_page ocr_carea ocr_par ocr_line ocrx_word'/>
</head>
<body>
  <div class='ocr_page' id='page_1' title='image "./institutionesiu00meyegoog_0140.png"; bbox 0 0 3909 5842; ppageno 0'>
   <div class='ocr_carea' id='block_1_1' title="bbox 433 582 1455 657">
    <p class='ocr_par' dir='ltr' id='par_1_1' title="bbox 433 582 1455 657">
     <span class='ocr_line' id='line_1_1' title="bbox 433 582 1455 657; baseline 0.001 -20"><span class='ocrx_word' id='word_1_1' title='bbox 433 587 475 651; x_wconf 82' lang='lat'><strong>88</strong></span> <span class='ocrx_word' id='word_1_2' title='bbox 654 582 784 639; x_wconf 84' lang='lat' dir='ltr'><strong>SecticI.</strong></span> <span class='ocrx_word' id='word_1_3' title='bbox 819 583 901 638; x_wconf 89' lang='lat' dir='ltr'><strong>Liber</strong></span> <span class='ocrx_word' id='word_1_4' title='bbox 918 584 939 638; x_wconf 92' lang='lat'><strong>1.</strong></span> <span class='ocrx_word' id='word_1_5' title='bbox 977 584 1067 657; x_wconf 76' lang='lat' dir='ltr'><strong>Caput</strong></span> <span class='ocrx_word' id='word_1_6' title='bbox 1085 585 1132 639; x_wconf 90' lang='grc' dir='ltr'><strong>ΠΙ.</strong></span> <span class='ocrx_word' id='word_1_7' title='bbox 1171 583 1310 639; x_wconf 73' lang='lat' dir='ltr'><strong>Atticulae</strong></span> <span class='ocrx_word' id='word_1_8' title='bbox 1329 584 1354 638; x_wconf 78' lang='lat'><strong>2.</strong></span> <span class='ocrx_word' id='word_1_9' title='bbox 1392 583 1455 651; x_wconf 66' lang='lat'><strong>53.</strong></span> 
     </span>
    </p>
   </div>
   <div class='ocr_carea' id='block_1_2' title="bbox 432 752 1680 2959">
    <p class='ocr_par' dir='ltr' id='par_1_2' title="bbox 432 752 1680 2535">
     <span class='ocr_line' id='line_1_2' title="bbox 432 752 1676 836; baseline 0.002 -17"><span class='ocrx_word' id='word_1_10' title='bbox 432 752 625 831; x_wconf 87' lang='lat' dir='ltr'><strong>anerkennt‚</strong></span> <span class='ocrx_word' id='word_1_11' title='bbox 650 752 710 817; x_wconf 89' lang='lat' dir='ltr'><strong>das</strong></span> <span class='ocrx_word' id='word_1_12' title='bbox 727 772 855 818; x_wconf 90' lang='lat' dir='ltr'><strong>nennen</strong></span> <span class='ocrx_word' id='word_1_13' title='bbox 871 752 931 817; x_wconf 90' lang='lat' dir='ltr'><strong>wir</strong></span> <span class='ocrx_word' id='word_1_14' title='bbox 946 753 1095 836; x_wconf 85' lang='lat' dir='ltr'><strong>gewiss.“</strong></span> <span class='ocrx_word' id='word_1_15' title='bbox 1116 790 1161 801; x_wconf 94' lang='lat'><em>-</em></span> <span class='ocrx_word' id='word_1_16' title='bbox 1176 753 1279 819; x_wconf 91' lang='lat' dir='ltr'><strong>Immo</strong></span> <span class='ocrx_word' id='word_1_17' title='bbox 1302 754 1368 819; x_wconf 90' lang='lat' dir='ltr'><strong>iam</strong></span> <span class='ocrx_word' id='word_1_18' title='bbox 1392 754 1602 821; x_wconf 76' lang='lat' dir='ltr'><strong>Aristotelea¹</strong></span> <span class='ocrx_word' id='word_1_19' title='bbox 1625 756 1676 821; x_wconf 89' lang='lat' dir='ltr'><strong>ad-</strong></span> 
     </span>
     <span class='ocr_line' id='line_1_3' title="bbox 432 858 1678 943; baseline 0.003 -20"><span class='ocrx_word' id='word_1_20' title='bbox 432 862 528 925; x_wconf 90' lang='lat' dir='ltr'><strong>notat</strong></span> <span class='ocrx_word' id='word_1_21' title='bbox 556 860 591 924; x_wconf 93' lang='lat' dir='ltr'><strong>in</strong></span> <span class='ocrx_word' id='word_1_22' title='bbox 617 858 716 923; x_wconf 90' lang='lat' dir='ltr'><strong>rebus</strong></span> <span class='ocrx_word' id='word_1_23' title='bbox 738 858 917 925; x_wconf 74' lang='lat' dir='ltr'><strong>moralibus</strong></span> <span class='ocrx_word' id='word_1_24' title='bbox 939 858 1156 926; x_wconf 86' lang='lat' dir='ltr'><strong>fortissimum</strong></span> <span class='ocrx_word' id='word_1_25' title='bbox 1179 858 1332 926; x_wconf 85' lang='lat' dir='ltr'><strong>veritatis</strong></span> <span class='ocrx_word' id='word_1_26' title='bbox 1355 863 1589 943; x_wconf 78' lang='lat' dir='ltr'><strong>argumentum</strong></span> <span class='ocrx_word' id='word_1_27' title='bbox 1613 882 1678 927; x_wconf 67' lang='lat' dir='ltr'><strong>eme</strong></span> 
     </span>
     <span class='ocr_line' id='line_1_4' title="bbox 433 966 1678 1057; baseline 0.004 -28"><span class='ocrx_word' id='word_1_28' title='bbox 433 986 619 1031; x_wconf 75' lang='lat' dir='ltr'><strong>consensum</strong></span> <span class='ocrx_word' id='word_1_29' title='bbox 641 967 781 1031; x_wconf 76' lang='lat' dir='ltr'><strong>omnium</strong></span> <span class='ocrx_word' id='word_1_30' title='bbox 804 966 976 1032; x_wconf 78' lang='lat' dir='ltr'><strong>bominum.</strong></span> <span class='ocrx_word' id='word_1_31' title='bbox 1009 966 1071 1031; x_wconf 83' lang='lat' dir='ltr'><strong>Est</strong></span> <span class='ocrx_word' id='word_1_32' title='bbox 1094 970 1203 1032; x_wconf 89' lang='lat' dir='ltr'><strong>autem</strong></span> <span class='ocrx_word' id='word_1_33' title='bbox 1228 969 1403 1057; x_wconf 68' lang='lat' dir='ltr'><strong>communic</strong></span> <span class='ocrx_word' id='word_1_34' title='bbox 1425 968 1592 1033; x_wconf 81' lang='lat' dir='ltr'><strong>bominum</strong></span> <span class='ocrx_word' id='word_1_35' title='bbox 1611 990 1678 1053; x_wconf 77' lang='lat' dir='ltr'><strong>per·</strong></span> 
     </span>
     <span class='ocr_line' id='line_1_5' title="bbox 433 1070 1678 1156; baseline 0.002 -20"><span class='ocrx_word' id='word_1_36' title='bbox 433 1073 542 1136; x_wconf 80' lang='lat' dir='ltr'><strong>occeio</strong></span> <span class='ocrx_word' id='word_1_37' title='bbox 565 1072 731 1155; x_wconf 74' lang='lat' dir='ltr'><strong>libertatis,</strong></span> <span class='ocrx_word' id='word_1_38' title='bbox 755 1070 804 1136; x_wconf 87' lang='lat' dir='ltr'><strong>uti</strong></span> <span class='ocrx_word' id='word_1_39' title='bbox 827 1070 914 1155; x_wconf 92' lang='lat' dir='ltr'><strong>apud</strong></span> <span class='ocrx_word' id='word_1_40' title='bbox 937 1070 1091 1154; x_wconf 88' lang='lat' dir='ltr'><strong>antiquos</strong></span> <span class='ocrx_word' id='word_1_41' title='bbox 1112 1072 1160 1138; x_wconf 91' lang='lat' dir='ltr'><strong>ita</strong></span> <span class='ocrx_word' id='word_1_42' title='bbox 1177 1076 1211 1138; x_wconf 89' lang='lat' dir='ltr'><strong>et</strong></span> <span class='ocrx_word' id='word_1_43' title='bbox 1228 1071 1334 1151; x_wconf 90' lang='lat' dir='ltr'><strong>hodie,</strong></span> <span class='ocrx_word' id='word_1_44' title='bbox 1350 1094 1416 1139; x_wconf 90' lang='lat' dir='ltr'><strong>non</strong></span> <span class='ocrx_word' id='word_1_45' title='bbox 1432 1073 1590 1139; x_wconf 85' lang='lat' dir='ltr'><strong>obstante</strong></span> <span class='ocrx_word' id='word_1_46' title='bbox 1606 1095 1678 1156; x_wconf 79' lang='lat' dir='ltr'><strong>quo</strong></span> 
     </span>
     <span class='ocr_line' id='line_1_6' title="bbox 434 1174 1678 1255; baseline 0.001 -12"><span class='ocrx_word' id='word_1_47' title='bbox 434 1174 573 1243; x_wconf 75' lang='lat' dir='ltr'><strong>tundam</strong></span> <span class='ocrx_word' id='word_1_48' title='bbox 597 1177 763 1243; x_wconf 79' lang='lat' dir='ltr'><strong>theoretico</strong></span> <span class='ocrx_word' id='word_1_49' title='bbox 783 1176 1038 1255; x_wconf 87' lang='lat' dir='ltr'><strong>determinismo‚</strong></span> <span class='ocrx_word' id='word_1_50' title='bbox 1063 1177 1188 1245; x_wconf 88' lang='lat' dir='ltr'><strong>iactum</strong></span> <span class='ocrx_word' id='word_1_51' title='bbox 1204 1178 1396 1245; x_wconf 88' lang='lat' dir='ltr'><strong>historicum</strong></span> <span class='ocrx_word' id='word_1_52' title='bbox 1413 1184 1447 1245; x_wconf 88' lang='lat' dir='ltr'><strong>et</strong></span> <span class='ocrx_word' id='word_1_53' title='bbox 1462 1178 1588 1245; x_wconf 85' lang='lat' dir='ltr'><strong>sociale</strong></span> <span class='ocrx_word' id='word_1_54' title='bbox 1603 1180 1678 1245; x_wconf 87' lang='lat' dir='ltr'><strong>adeo</strong></span> 
     </span>
     <span class='ocr_line' id='line_1_7' title="bbox 433 1279 1678 1368; baseline 0.006 -24"><span class='ocrx_word' id='word_1_55' title='bbox 433 1279 563 1346; x_wconf 90' lang='lat' dir='ltr'><strong>illustre</strong></span> <span class='ocrx_word' id='word_1_56' title='bbox 586 1286 620 1348; x_wconf 87' lang='lat' dir='ltr'><strong>et</strong></span> <span class='ocrx_word' id='word_1_57' title='bbox 636 1285 781 1366; x_wconf 79' lang='lat' dir='ltr'><strong>practice</strong></span> <span class='ocrx_word' id='word_1_58' title='bbox 810 1292 968 1363; x_wconf 81' lang='lat' dir='ltr'><strong>conctcnc,</strong></span> <span class='ocrx_word' id='word_1_59' title='bbox 1000 1288 1038 1350; x_wconf 86' lang='lat' dir='ltr'><strong>ut</strong></span> <span class='ocrx_word' id='word_1_60' title='bbox 1068 1284 1122 1349; x_wconf 91' lang='lat' dir='ltr'><strong>vel</strong></span> <span class='ocrx_word' id='word_1_61' title='bbox 1149 1282 1212 1368; x_wconf 86' lang='lat' dir='ltr'><strong>ipsi</strong></span> <span class='ocrx_word' id='word_1_62' title='bbox 1236 1283 1483 1351; x_wconf 80' lang='lat' dir='ltr'><strong>determiniatae</strong></span> <span class='ocrx_word' id='word_1_63' title='bbox 1505 1286 1630 1352; x_wconf 85' lang='lat' dir='ltr'><strong>saltem</strong></span> <span class='ocrx_word' id='word_1_64' title='bbox 1651 1286 1678 1351; x_wconf 91' lang='lat' dir='ltr'><strong>in</strong></span> 
     </span>
     <span class='ocr_line' id='line_1_8' title="bbox 434 1384 1680 1474; baseline 0.005 -23"><span class='ocrx_word' id='word_1_65' title='bbox 434 1384 505 1453; x_wconf 88' lang='lat' dir='ltr'><strong>vita</strong></span> <span class='ocrx_word' id='word_1_66' title='bbox 527 1388 676 1471; x_wconf 88' lang='lat' dir='ltr'><strong>practica</strong></span> <span class='ocrx_word' id='word_1_67' title='bbox 698 1389 740 1454; x_wconf 92' lang='lat' dir='ltr'><strong>ab</strong></span> <span class='ocrx_word' id='word_1_68' title='bbox 762 1388 819 1454; x_wconf 94' lang='lat' dir='ltr'><strong>illo</strong></span> <span class='ocrx_word' id='word_1_69' title='bbox 835 1410 872 1454; x_wconf 91' lang='lat' dir='ltr'><strong>se</strong></span> <span class='ocrx_word' id='word_1_70' title='bbox 887 1388 1095 1474; x_wconf 75' lang='lat' dir='ltr'><strong>emancipare</strong></span> <span class='ocrx_word' id='word_1_71' title='bbox 1110 1410 1317 1473; x_wconf 75' lang='lat' dir='ltr'><strong>nequaquam</strong></span> <span class='ocrx_word' id='word_1_72' title='bbox 1333 1390 1471 1474; x_wconf 78' lang='lat' dir='ltr'>possint.</span> <span class='ocrx_word' id='word_1_73' title='bbox 1503 1391 1583 1471; x_wconf 82' lang='lat' dir='ltr'><strong>Alii,</strong></span> <span class='ocrx_word' id='word_1_74' title='bbox 1608 1392 1680 1458; x_wconf 86' lang='lat' dir='ltr'><strong>licet</strong></span> 
     </span>
     <span class='ocr_line' id='line_1_9' title="bbox 434 1493 1679 1581; baseline 0.004 -23"><span class='ocrx_word' id='word_1_75' title='bbox 434 1493 702 1578; x_wconf 79' lang='lat' dir='ltr'><strong>qualemcumque</strong></span> <span class='ocrx_word' id='word_1_76' title='bbox 737 1495 1016 1563; x_wconf 89' lang='lat' dir='ltr'><strong>determinismum</strong></span> <span class='ocrx_word' id='word_1_77' title='bbox 1054 1497 1288 1581; x_wconf 86' lang='lat' dir='ltr'><strong>profiteantur,</strong></span> <span class='ocrx_word' id='word_1_78' title='bbox 1328 1497 1378 1563; x_wconf 88' lang='lat' dir='ltr'><strong>ita</strong></span> <span class='ocrx_word' id='word_1_79' title='bbox 1406 1501 1520 1563; x_wconf 77' lang='lat' dir='ltr'><strong>nmen</strong></span> <span class='ocrx_word' id='word_1_80' title='bbox 1550 1498 1585 1562; x_wconf 93' lang='lat' dir='ltr'><strong>in</strong></span> <span class='ocrx_word' id='word_1_81' title='bbox 1618 1498 1679 1564; x_wconf 84' lang='lat' dir='ltr'><strong>suis</strong></span> 
     </span>
     <span class='ocr_line' id='line_1_10' title="bbox 434 1599 1679 1686; baseline 0.005 -21"><span class='ocrx_word' id='word_1_82' title='bbox 434 1599 566 1684; x_wconf 86' lang='lat' dir='ltr'><strong>scriptis</strong></span> <span class='ocrx_word' id='word_1_83' title='bbox 580 1600 671 1667; x_wconf 89' lang='lat' dir='ltr'><strong>illam</strong></span> <span class='ocrx_word' id='word_1_84' title='bbox 687 1622 890 1667; x_wconf 89' lang='lat' dir='ltr'><strong>communem</strong></span> <span class='ocrx_word' id='word_1_85' title='bbox 906 1601 1071 1669; x_wconf 69' lang='lat' dir='ltr'><strong>libertatis</strong></span> <span class='ocrx_word' id='word_1_86' title='bbox 1089 1602 1347 1686; x_wconf 78' lang='lat' dir='ltr'><strong>persuasionem</strong></span> <span class='ocrx_word' id='word_1_87' title='bbox 1357 1602 1503 1669; x_wconf 84' lang='lat' dir='ltr'><strong>revereri</strong></span> <span class='ocrx_word' id='word_1_88' title='bbox 1519 1604 1679 1682; x_wconf 74' lang='lat' dir='ltr'><strong>videntur,</strong></span> 
     </span>
     <span class='ocr_line' id='line_1_11' title="bbox 435 1705 1679 1791; baseline 0.005 -20"><span class='ocrx_word' id='word_1_89' title='bbox 435 1710 473 1773; x_wconf 88' lang='lat' dir='ltr'><strong>ut</strong></span> <span class='ocrx_word' id='word_1_90' title='bbox 501 1705 570 1771; x_wconf 90' lang='lat' dir='ltr'><strong>suis</strong></span> <span class='ocrx_word' id='word_1_91' title='bbox 599 1707 710 1773; x_wconf 89' lang='lat' dir='ltr'><strong>verbis</strong></span> <span class='ocrx_word' id='word_1_92' title='bbox 737 1706 813 1774; x_wconf 90' lang='lat' dir='ltr'><strong>huic</strong></span> <span class='ocrx_word' id='word_1_93' title='bbox 842 1708 901 1773; x_wconf 83' lang='lat' dir='ltr'><strong>vix</strong></span> <span class='ocrx_word' id='word_1_94' title='bbox 929 1708 1105 1791; x_wconf 82' lang='lat' dir='ltr'><strong>quidquam</strong></span> <span class='ocrx_word' id='word_1_95' title='bbox 1130 1708 1314 1776; x_wconf 83' lang='lat' dir='ltr'><strong>detraxisse</strong></span> <span class='ocrx_word' id='word_1_96' title='bbox 1337 1709 1586 1791; x_wconf 83' lang='lat' dir='ltr'><strong>intellegantur.</strong></span> <span class='ocrx_word' id='word_1_97' title='bbox 1633 1710 1679 1777; x_wconf 84' lang='lat' dir='ltr'><strong>Ita</strong></span> 
     </span>
     <span class='ocr_line' id='line_1_12' title="bbox 435 1813 1679 1895; baseline 0.004 -19"><span class='ocrx_word' id='word_1_98' title='bbox 435 1833 468 1878; x_wconf 89' lang='lat' dir='ltr'><strong>v.</strong></span> <span class='ocrx_word' id='word_1_99' title='bbox 484 1834 516 1895; x_wconf 85' lang='lat' dir='ltr'><strong>g.</strong></span> <span class='ocrx_word' id='word_1_100' title='bbox 533 1813 706 1894; x_wconf 57' lang='lat' dir='ltr'><strong>Paulam,</strong></span> <span class='ocrx_word' id='word_1_101' title='bbox 731 1835 804 1879; x_wconf 87' lang='lat' dir='ltr'><strong>cum</strong></span> <span class='ocrx_word' id='word_1_102' title='bbox 827 1814 959 1881; x_wconf 80' lang='lat' dir='ltr'><strong>scribit:</strong></span> <span class='ocrx_word' id='word_1_103' title='bbox 990 1814 1074 1893; x_wconf 83' lang='lat' dir='ltr'><strong>„Der</strong></span> <span class='ocrx_word' id='word_1_104' title='bbox 1089 1815 1224 1881; x_wconf 87' lang='lat' dir='ltr'><strong>Mensch</strong></span> <span class='ocrx_word' id='word_1_105' title='bbox 1245 1816 1327 1881; x_wconf 89' lang='lat' dir='ltr'><strong>wird</strong></span> <span class='ocrx_word' id='word_1_106' title='bbox 1343 1814 1435 1881; x_wconf 86' lang='lat' dir='ltr'><strong>nicht</strong></span> <span class='ocrx_word' id='word_1_107' title='bbox 1450 1816 1555 1881; x_wconf 83' lang='lat' dir='ltr'><strong>durch</strong></span> <span class='ocrx_word' id='word_1_108' title='bbox 1570 1816 1679 1881; x_wconf 78' lang='lat' dir='ltr'><strong>Trich-</strong></span> 
     </span>
     <span class='ocr_line' id='line_1_13' title="bbox 436 1918 1679 2001; baseline 0.002 -16"><span class='ocrx_word' id='word_1_109' title='bbox 436 1918 569 2001; x_wconf 83' lang='lat' dir='ltr'><strong>gcfuhle</strong></span> <span class='ocrx_word' id='word_1_110' title='bbox 600 1919 777 2000; x_wconf 87' lang='lat' dir='ltr'><strong>bestimmt‚</strong></span> <span class='ocrx_word' id='word_1_111' title='bbox 808 1921 950 1987; x_wconf 85' lang='lat' dir='ltr'><strong>sondern</strong></span> <span class='ocrx_word' id='word_1_112' title='bbox 980 1944 1014 1988; x_wconf 83' lang='lat' dir='ltr'><strong>er</strong></span> <span class='ocrx_word' id='word_1_113' title='bbox 1037 1921 1191 1988; x_wconf 81' lang='lat' dir='ltr'><strong>beatimml</strong></span> <span class='ocrx_word' id='word_1_114' title='bbox 1213 1923 1281 1989; x_wconf 79' lang='lat' dir='ltr'><strong>sich</strong></span> <span class='ocrx_word' id='word_1_115' title='bbox 1304 1920 1398 1989; x_wconf 81' lang='lat' dir='ltr'><strong>eelbct</strong></span> <span class='ocrx_word' id='word_1_116' title='bbox 1420 1921 1524 1987; x_wconf 90' lang='lat' dir='ltr'><strong>durch</strong></span> <span class='ocrx_word' id='word_1_117' title='bbox 1548 1922 1679 1988; x_wconf 84' lang='lat' dir='ltr'><strong>Zwech·</strong></span> 
     </span>
     <span class='ocr_line' id='line_1_14' title="bbox 435 2026 1678 2108; baseline 0.004 -18"><span class='ocrx_word' id='word_1_118' title='bbox 435 2026 638 2108; x_wconf 82' lang='lat' dir='ltr'><strong>gedanken.“</strong></span> <span class='ocrx_word' id='word_1_119' title='bbox 665 2063 709 2072; x_wconf 94' lang='lat'><em>-</em></span> <span class='ocrx_word' id='word_1_120' title='bbox 736 2027 867 2106; x_wconf 81' lang='lat' dir='ltr'><strong>„Daran</strong></span> <span class='ocrx_word' id='word_1_121' title='bbox 896 2028 941 2094; x_wconf 85' lang='lat' dir='ltr'><strong>ist</strong></span> <span class='ocrx_word' id='word_1_122' title='bbox 970 2028 1062 2095; x_wconf 88' lang='lat' dir='ltr'><strong>nicht</strong></span> <span class='ocrx_word' id='word_1_123' title='bbox 1091 2050 1131 2093; x_wconf 90' lang='lat' dir='ltr'><strong>zu</strong></span> <span class='ocrx_word' id='word_1_124' title='bbox 1166 2027 1332 2106; x_wconf 85' lang='lat' dir='ltr'><strong>zweifeln‚</strong></span> <span class='ocrx_word' id='word_1_125' title='bbox 1365 2028 1430 2095; x_wconf 79' lang='lat' dir='ltr'><strong>deli</strong></span> <span class='ocrx_word' id='word_1_126' title='bbox 1460 2028 1519 2095; x_wconf 92' lang='lat' dir='ltr'><strong>der</strong></span> <span class='ocrx_word' id='word_1_127' title='bbox 1550 2029 1678 2095; x_wconf 85' lang='lat' dir='ltr'><strong>Mensch</strong></span> 
     </span>
     <span class='ocr_line' id='line_1_15' title="bbox 436 2132 1678 2217; baseline 0.003 -20"><span class='ocrx_word' id='word_1_128' title='bbox 436 2132 538 2199; x_wconf 87' lang='lat' dir='ltr'><strong>durch</strong></span> <span class='ocrx_word' id='word_1_129' title='bbox 561 2132 625 2199; x_wconf 88' lang='lat' dir='ltr'><strong>den</strong></span> <span class='ocrx_word' id='word_1_130' title='bbox 647 2133 769 2199; x_wconf 90' lang='lat' dir='ltr'><strong>Willen</strong></span> <span class='ocrx_word' id='word_1_131' title='bbox 792 2134 862 2199; x_wconf 88' lang='lat' dir='ltr'><strong>sein</strong></span> <span class='ocrx_word' id='word_1_132' title='bbox 877 2134 999 2200; x_wconf 88' lang='lat' dir='ltr'><strong>Wesen</strong></span> <span class='ocrx_word' id='word_1_133' title='bbox 1024 2135 1245 2217; x_wconf 83' lang='lat' dir='ltr'><strong>umgestalten</strong></span> <span class='ocrx_word' id='word_1_134' title='bbox 1269 2136 1367 2201; x_wconf 80' lang='lat' dir='ltr'><strong>lacn.</strong></span> <span class='ocrx_word' id='word_1_135' title='bbox 1400 2135 1448 2199; x_wconf 83' lang='lat' dir='ltr'><strong>Er</strong></span> <span class='ocrx_word' id='word_1_136' title='bbox 1469 2134 1560 2201; x_wconf 86' lang='lat' dir='ltr'><strong>kann</strong></span> <span class='ocrx_word' id='word_1_137' title='bbox 1583 2134 1678 2201; x_wconf 81' lang='lat' dir='ltr'><strong>durch</strong></span> 
     </span>
     <span class='ocr_line' id='line_1_16' title="bbox 436 2238 1678 2323; baseline 0.003 -20"><span class='ocrx_word' id='word_1_138' title='bbox 436 2238 634 2323; x_wconf 80' lang='lat' dir='ltr'><strong>Versagung</strong></span> <span class='ocrx_word' id='word_1_139' title='bbox 671 2239 731 2305; x_wconf 91' lang='lat' dir='ltr'><strong>der</strong></span> <span class='ocrx_word' id='word_1_140' title='bbox 762 2239 946 2323; x_wconf 80' lang='lat' dir='ltr'><strong>Aushbung</strong></span> <span class='ocrx_word' id='word_1_141' title='bbox 984 2240 1195 2307; x_wconf 86' lang='lat' dir='ltr'><strong>verbandene</strong></span> <span class='ocrx_word' id='word_1_142' title='bbox 1229 2240 1347 2307; x_wconf 87' lang='lat' dir='ltr'><strong>Triebe</strong></span> <span class='ocrx_word' id='word_1_143' title='bbox 1385 2262 1459 2307; x_wconf 89' lang='lat' dir='ltr'><strong>zum</strong></span> <span class='ocrx_word' id='word_1_144' title='bbox 1498 2240 1678 2308; x_wconf 79' lang='lat' dir='ltr'><strong>Absterben</strong></span> 
     </span>
     <span class='ocr_line' id='line_1_17' title="bbox 435 2345 1678 2431; baseline 0.002 -21"><span class='ocrx_word' id='word_1_145' title='bbox 435 2345 573 2428; x_wconf 73' lang='lat' dir='ltr'><strong>bnngen</strong></span> <span class='ocrx_word' id='word_1_146' title='bbox 596 2345 662 2411; x_wconf 91' lang='lat' dir='ltr'><strong>und</strong></span> <span class='ocrx_word' id='word_1_147' title='bbox 685 2346 787 2411; x_wconf 90' lang='lat' dir='ltr'><strong>durch</strong></span> <span class='ocrx_word' id='word_1_148' title='bbox 799 2346 1014 2431; x_wconf 78' lang='lat' dir='ltr'><strong>Gewdhnung</strong></span> <span class='ocrx_word' id='word_1_149' title='bbox 1037 2346 1187 2415; x_wconf 86' lang='lat' dir='ltr'><strong>schwach</strong></span> <span class='ocrx_word' id='word_1_150' title='bbox 1212 2348 1387 2431; x_wconf 77' lang='lat' dir='ltr'><strong>angelegte</strong></span> <span class='ocrx_word' id='word_1_151' title='bbox 1403 2348 1603 2415; x_wconf 84' lang='lat' dir='ltr'><strong>entwickeln</strong></span> <span class='ocrx_word' id='word_1_152' title='bbox 1619 2348 1678 2413; x_wconf 92' lang='lat' dir='ltr'><strong>und</strong></span> 
     </span>
     <span class='ocr_line' id='line_1_18' title="bbox 437 2446 634 2535; baseline -0.005 -17"><span class='ocrx_word' id='word_1_153' title='bbox 437 2446 634 2535; x_wconf 55' lang='lat' dir='ltr'><strong>asingen!</strong></span> 
     </span>
    </p>

    <p class='ocr_par' dir='ltr' id='par_1_3' title="bbox 438 2556 1678 2959">
     <span class='ocr_line' id='line_1_19' title="bbox 526 2556 1678 2641; baseline 0.003 -19"><span class='ocrx_word' id='word_1_154' title='bbox 526 2560 557 2623; x_wconf 82' lang='lat'><strong>4.</strong></span> <span class='ocrx_word' id='word_1_155' title='bbox 581 2556 700 2624; x_wconf 86' lang='lat' dir='ltr'><strong>Miram</strong></span> <span class='ocrx_word' id='word_1_156' title='bbox 722 2558 816 2638; x_wconf 91' lang='lat' dir='ltr'><strong>hauc,</strong></span> <span class='ocrx_word' id='word_1_157' title='bbox 841 2580 939 2641; x_wconf 90' lang='lat' dir='ltr'><strong>quam</strong></span> <span class='ocrx_word' id='word_1_158' title='bbox 962 2560 1058 2625; x_wconf 90' lang='lat' dir='ltr'><strong>modo</strong></span> <span class='ocrx_word' id='word_1_159' title='bbox 1082 2559 1278 2639; x_wconf 87' lang='lat' dir='ltr'><strong>notavimus,</strong></span> <span class='ocrx_word' id='word_1_160' title='bbox 1311 2558 1555 2627; x_wconf 86' lang='lat' dir='ltr'><strong>concessionem</strong></span> <span class='ocrx_word' id='word_1_161' title='bbox 1578 2561 1678 2627; x_wconf 87' lang='lat' dir='ltr'><strong>deter-</strong></span> 
     </span>
     <span class='ocr_line' id='line_1_20' title="bbox 438 2662 1678 2751; baseline 0.001 -21"><span class='ocrx_word' id='word_1_162' title='bbox 438 2662 581 2730; x_wconf 86' lang='lat' dir='ltr'><strong>minismi</strong></span> <span class='ocrx_word' id='word_1_163' title='bbox 610 2664 782 2732; x_wconf 89' lang='lat' dir='ltr'><strong>theoretici</strong></span> <span class='ocrx_word' id='word_1_164' title='bbox 809 2666 833 2731; x_wconf 89' lang='lat' dir='ltr'><strong>ii</strong></span> <span class='ocrx_word' id='word_1_165' title='bbox 861 2687 990 2749; x_wconf 91' lang='lat' dir='ltr'><strong>quoque</strong></span> <span class='ocrx_word' id='word_1_166' title='bbox 1021 2665 1229 2749; x_wconf 86' lang='lat' dir='ltr'><strong>aliquatenus</strong></span> <span class='ocrx_word' id='word_1_167' title='bbox 1252 2666 1462 2751; x_wconf 82' lang='lat' dir='ltr'><strong>participant,</strong></span> <span class='ocrx_word' id='word_1_168' title='bbox 1494 2666 1551 2748; x_wconf 89' lang='lat' dir='ltr'><strong>qui</strong></span> <span class='ocrx_word' id='word_1_169' title='bbox 1573 2687 1678 2732; x_wconf 87' lang='lat' dir='ltr'><strong>omnes</strong></span> 
     </span>
     <span class='ocr_line' id='line_1_21' title="bbox 439 2770 1678 2855; baseline -0.001 -19"><span class='ocrx_word' id='word_1_170' title='bbox 439 2770 570 2853; x_wconf 91' lang='lat' dir='ltr'><strong>quidem</strong></span> <span class='ocrx_word' id='word_1_171' title='bbox 600 2777 731 2839; x_wconf 80' lang='lat' dir='ltr'><strong>nostms</strong></span> <span class='ocrx_word' id='word_1_172' title='bbox 763 2773 911 2840; x_wconf 86' lang='lat' dir='ltr'><strong>actiones</strong></span> <span class='ocrx_word' id='word_1_173' title='bbox 942 2776 1121 2839; x_wconf 79' lang='lat' dir='ltr'><strong>necessario</strong></span> <span class='ocrx_word' id='word_1_174' title='bbox 1158 2772 1312 2854; x_wconf 88' lang='lat' dir='ltr'><strong>consequi</strong></span> <span class='ocrx_word' id='word_1_175' title='bbox 1348 2772 1602 2855; x_wconf 89' lang='lat' dir='ltr'><strong>uniuscuiusque</strong></span> <span class='ocrx_word' id='word_1_176' title='bbox 1634 2771 1678 2836; x_wconf 92' lang='lat' dir='ltr'><strong>in·</strong></span> 
     </span>
     <span class='ocr_line' id='line_1_22' title="bbox 438 2875 1677 2959; baseline 0.002 -18"><span class='ocrx_word' id='word_1_177' title='bbox 438 2875 606 2942; x_wconf 92' lang='lat' dir='ltr'><strong>dividuum</strong></span> <span class='ocrx_word' id='word_1_178' title='bbox 624 2878 847 2946; x_wconf 86' lang='lat' dir='ltr'><strong>characterem</strong></span> <span class='ocrx_word' id='word_1_179' title='bbox 864 2881 985 2959; x_wconf 75' lang='lat' dir='ltr'><strong>dicuat,</strong></span> <span class='ocrx_word' id='word_1_180' title='bbox 1002 2878 1133 2945; x_wconf 84' lang='lat' dir='ltr'><strong>interim</strong></span> <span class='ocrx_word' id='word_1_181' title='bbox 1145 2882 1257 2945; x_wconf 89' lang='lat' dir='ltr'><strong>tamen</strong></span> <span class='ocrx_word' id='word_1_182' title='bbox 1268 2878 1407 2943; x_wconf 87' lang='lat' dir='ltr'><strong>hominis</strong></span> <span class='ocrx_word' id='word_1_183' title='bbox 1422 2880 1611 2946; x_wconf 86' lang='lat' dir='ltr'><strong>libertatem</strong></span> <span class='ocrx_word' id='word_1_184' title='bbox 1626 2879 1677 2944; x_wconf 87' lang='lat' dir='ltr'><strong>ad·</strong></span> 
     </span>
    </p>
   </div>
   <div class='ocr_carea' id='block_1_3' title="bbox 437 2982 1677 3494">
    <p class='ocr_par' dir='ltr' id='par_1_4' title="bbox 437 2982 1677 3389">
     <span class='ocr_line' id='line_1_23' title="bbox 438 2982 1677 3071; baseline 0.001 -22"><span class='ocrx_word' id='word_1_185' title='bbox 438 2982 576 3050; x_wconf 91' lang='lat' dir='ltr'><strong>mittunt</strong></span> <span class='ocrx_word' id='word_1_186' title='bbox 587 2984 725 3049; x_wconf 89' lang='lat' dir='ltr'><strong>eundem</strong></span> <span class='ocrx_word' id='word_1_187' title='bbox 737 2987 952 3053; x_wconf 75' lang='lat' dir='ltr'><strong>characterem</strong></span> <span class='ocrx_word' id='word_1_188' title='bbox 962 2985 1141 3067; x_wconf 81' lang='lat' dir='ltr'><strong>formandi.</strong></span> <span class='ocrx_word' id='word_1_189' title='bbox 1163 2984 1217 3051; x_wconf 89' lang='lat' dir='ltr'><strong>Ita</strong></span> <span class='ocrx_word' id='word_1_190' title='bbox 1228 2983 1298 3049; x_wconf 88' lang='lat' dir='ltr'><strong>fere</strong></span> <span class='ocrx_word' id='word_1_191' title='bbox 1309 2985 1497 3071; x_wconf 61' lang='lat' dir='ltr'><strong>Scleuinpq</strong></span> <span class='ocrx_word' id='word_1_192' title='bbox 1512 2986 1551 3051; x_wconf 83' lang='lat' dir='ltr'><strong>E.</strong></span> <span class='ocrx_word' id='word_1_193' title='bbox 1566 2985 1677 3061; x_wconf 82' lang='lat' dir='ltr'><strong>Lcce⁴,</strong></span> 
     </span>
     <span class='ocr_line' id='line_1_24' title="bbox 439 3090 1677 3176; baseline 0.002 -21"><span class='ocrx_word' id='word_1_194' title='bbox 439 3090 631 3176; x_wconf 57' lang='lat' dir='ltr'><strong>Maecrylff,</strong></span> <span class='ocrx_word' id='word_1_195' title='bbox 656 3091 755 3157; x_wconf 84' lang='lat' dir='ltr'><strong>chc</strong></span> <span class='ocrx_word' id='word_1_196' title='bbox 770 3092 934 3174; x_wconf 53' lang='lat' dir='ltr'><strong>Faeni-⁶,</strong></span> <span class='ocrx_word' id='word_1_197' title='bbox 952 3090 1006 3173; x_wconf 91' lang='lat' dir='ltr'><strong>qui</strong></span> <span class='ocrx_word' id='word_1_198' title='bbox 1023 3090 1125 3173; x_wconf 88' lang='lat' dir='ltr'><strong>igitur</strong></span> <span class='ocrx_word' id='word_1_199' title='bbox 1141 3111 1215 3155; x_wconf 90' lang='lat' dir='ltr'><strong>cum</strong></span> <span class='ocrx_word' id='word_1_200' title='bbox 1231 3090 1340 3173; x_wconf 91' lang='lat' dir='ltr'><strong>alique</strong></span> <span class='ocrx_word' id='word_1_201' title='bbox 1356 3091 1581 3158; x_wconf 89' lang='lat' dir='ltr'><strong>moderamine</strong></span> <span class='ocrx_word' id='word_1_202' title='bbox 1595 3092 1677 3157; x_wconf 89' lang='lat' dir='ltr'><strong>theo·</strong></span> 
     </span>
     <span class='ocr_line' id='line_1_25' title="bbox 437 3196 1676 3281; baseline -0.002 -18"><span class='ocrx_word' id='word_1_203' title='bbox 437 3196 540 3265; x_wconf 87' lang='lat' dir='ltr'><strong>retico</strong></span> <span class='ocrx_word' id='word_1_204' title='bbox 565 3196 772 3264; x_wconf 89' lang='lat' dir='ltr'><strong>nihilominus</strong></span> <span class='ocrx_word' id='word_1_205' title='bbox 786 3198 968 3281; x_wconf 85' lang='lat' dir='ltr'><strong>practicam</strong></span> <span class='ocrx_word' id='word_1_206' title='bbox 985 3198 1264 3265; x_wconf 89' lang='lat' dir='ltr'><strong>determinismum</strong></span> <span class='ocrx_word' id='word_1_207' title='bbox 1281 3197 1470 3276; x_wconf 87' lang='lat' dir='ltr'><strong>admittunt,</strong></span> <span class='ocrx_word' id='word_1_208' title='bbox 1495 3198 1583 3262; x_wconf 91' lang='lat' dir='ltr'><strong>hunc</strong></span> <span class='ocrx_word' id='word_1_209' title='bbox 1597 3217 1676 3271; x_wconf 82' lang='lat' dir='ltr'><strong>vero,</strong></span> 
     </span>
     <span class='ocr_line' id='line_1_26' title="bbox 439 3304 1675 3389; baseline -0.002 -20"><span class='ocrx_word' id='word_1_210' title='bbox 439 3308 476 3371; x_wconf 91' lang='lat' dir='ltr'><strong>ut</strong></span> <span class='ocrx_word' id='word_1_211' title='bbox 498 3304 639 3381; x_wconf 87' lang='lat' dir='ltr'><strong>videtur,</strong></span> <span class='ocrx_word' id='word_1_212' title='bbox 663 3325 729 3369; x_wconf 89' lang='lat' dir='ltr'><strong>non</strong></span> <span class='ocrx_word' id='word_1_213' title='bbox 745 3304 786 3369; x_wconf 91' lang='lat' dir='ltr'><strong>ab</strong></span> <span class='ocrx_word' id='word_1_214' title='bbox 803 3304 891 3369; x_wconf 88' lang='lat' dir='ltr'><strong>omni</strong></span> <span class='ocrx_word' id='word_1_215' title='bbox 906 3304 1105 3371; x_wconf 89' lang='lat' dir='ltr'><strong>detrimento</strong></span> <span class='ocrx_word' id='word_1_216' title='bbox 1121 3304 1250 3389; x_wconf 82' lang='lat' dir='ltr'><strong>logicae</strong></span> <span class='ocrx_word' id='word_1_217' title='bbox 1266 3304 1522 3387; x_wconf 83' lang='lat' dir='ltr'><strong>consequentiae</strong></span> <span class='ocrx_word' id='word_1_218' title='bbox 1538 3304 1675 3369; x_wconf 89' lang='lat' dir='ltr'><strong>liberum.</strong></span> 
     </span>
    </p>

    <p class='ocr_par' dir='ltr' id='par_1_5' title="bbox 529 3409 1675 3494">
     <span class='ocr_line' id='line_1_27' title="bbox 529 3409 1675 3494; baseline -0.002 -19"><span class='ocrx_word' id='word_1_219' title='bbox 529 3413 559 3477; x_wconf 87' lang='lat'><strong>5.</strong></span> <span class='ocrx_word' id='word_1_220' title='bbox 584 3409 645 3486; x_wconf 81' lang='lat' dir='ltr'><strong>Qui</strong></span> <span class='ocrx_word' id='word_1_221' title='bbox 668 3413 778 3476; x_wconf 88' lang='lat' dir='ltr'><strong>autem</strong></span> <span class='ocrx_word' id='word_1_222' title='bbox 802 3414 917 3476; x_wconf 90' lang='lat' dir='ltr'><strong>contra</strong></span> <span class='ocrx_word' id='word_1_223' title='bbox 939 3411 1192 3494; x_wconf 89' lang='lat' dir='ltr'><strong>possibilitatem</strong></span> <span class='ocrx_word' id='word_1_224' title='bbox 1215 3411 1377 3477; x_wconf 90' lang='lat' dir='ltr'><strong>humanae</strong></span> <span class='ocrx_word' id='word_1_225' title='bbox 1399 3410 1567 3478; x_wconf 80' lang='lat' dir='ltr'><strong>libertatis</strong></span> <span class='ocrx_word' id='word_1_226' title='bbox 1581 3410 1675 3493; x_wconf 87' lang='lat' dir='ltr'><strong>ipsun</strong></span> 
     </span>
    </p>
   </div>
   <div class='ocr_carea' id='block_1_4' title="bbox 439 3516 1674 4241">
    <p class='ocr_par' dir='ltr' id='par_1_6' title="bbox 439 3516 1674 4241">
     <span class='ocr_line' id='line_1_28' title="bbox 439 3516 1674 3603; baseline -0.002 -20"><span class='ocrx_word' id='word_1_227' title='bbox 439 3516 700 3603; x_wconf 84' lang='lat' dir='ltr'><strong>metaphysicum</strong></span> <span class='ocrx_word' id='word_1_228' title='bbox 725 3520 940 3602; x_wconf 77' lang='lat' dir='ltr'><strong>„principium</strong></span> <span class='ocrx_word' id='word_1_229' title='bbox 963 3518 1182 3585; x_wconf 80' lang='lat' dir='ltr'><strong>ccusalitctis‘⁴&#39;</strong></span> <span class='ocrx_word' id='word_1_230' title='bbox 1208 3518 1362 3585; x_wconf 90' lang='lat' dir='ltr'><strong>invocare</strong></span> <span class='ocrx_word' id='word_1_231' title='bbox 1386 3518 1505 3597; x_wconf 84' lang='lat' dir='ltr'><strong>solent,</strong></span> <span class='ocrx_word' id='word_1_232' title='bbox 1531 3520 1569 3583; x_wconf 91' lang='lat' dir='ltr'><strong>ut</strong></span> <span class='ocrx_word' id='word_1_233' title='bbox 1585 3540 1610 3582; x_wconf 85' lang='lat' dir='ltr'><strong>c.</strong></span> <span class='ocrx_word' id='word_1_234' title='bbox 1626 3516 1674 3581; x_wconf 82' lang='lat' dir='ltr'><strong>Gi-</strong></span> 
     </span>
     <span class='ocr_line' id='line_1_29' title="bbox 439 3620 1674 3711; baseline -0.005 -21"><span class='ocrx_word' id='word_1_235' title='bbox 439 3626 530 3711; x_wconf 75' lang='lat' dir='ltr'><strong>cycli</strong></span> <span class='ocrx_word' id='word_1_236' title='bbox 539 3624 561 3707; x_wconf 85' lang='lat'><strong>⁷,</strong></span> <span class='ocrx_word' id='word_1_237' title='bbox 593 3624 828 3708; x_wconf 82' lang='lat' dir='ltr'><strong>Kirctmcnc⁸‚</strong></span> <span class='ocrx_word' id='word_1_238' title='bbox 859 3624 915 3691; x_wconf 85' lang='lat' dir='ltr'><strong>Fr.</strong></span> <span class='ocrx_word' id='word_1_239' title='bbox 941 3647 968 3691; x_wconf 79' lang='lat' dir='ltr'><strong>c.</strong></span> <span class='ocrx_word' id='word_1_240' title='bbox 993 3626 1105 3691; x_wconf 70' lang='lat' dir='ltr'><strong>Licatl</strong></span> <span class='ocrx_word' id='word_1_241' title='bbox 1128 3624 1248 3708; x_wconf 92' lang='lat' dir='ltr'><strong>aliique</strong></span> <span class='ocrx_word' id='word_1_242' title='bbox 1275 3624 1379 3705; x_wconf 88' lang='lat' dir='ltr'><strong>multi,</strong></span> <span class='ocrx_word' id='word_1_243' title='bbox 1404 3625 1452 3690; x_wconf 85' lang='lat' dir='ltr'><strong>eis</strong></span> <span class='ocrx_word' id='word_1_244' title='bbox 1476 3628 1556 3691; x_wconf 90' lang='lat' dir='ltr'><strong>ante</strong></span> <span class='ocrx_word' id='word_1_245' title='bbox 1577 3620 1674 3689; x_wconf 87' lang='lat' dir='ltr'><strong>omnia</strong></span> 
     </span>
     <span class='ocr_line' id='line_1_30' title="bbox 439 3730 1672 3815; baseline -0.005 -18"><span class='ocrx_word' id='word_1_246' title='bbox 439 3730 656 3798; x_wconf 86' lang='lat' dir='ltr'><strong>intimandum</strong></span> <span class='ocrx_word' id='word_1_247' title='bbox 679 3733 740 3808; x_wconf 90' lang='lat' dir='ltr'><strong>est,</strong></span> <span class='ocrx_word' id='word_1_248' title='bbox 764 3734 802 3795; x_wconf 90' lang='lat' dir='ltr'><strong>ut</strong></span> <span class='ocrx_word' id='word_1_249' title='bbox 824 3753 933 3797; x_wconf 75' lang='lat' dir='ltr'><strong>ceram</strong></span> <span class='ocrx_word' id='word_1_250' title='bbox 956 3752 1084 3797; x_wconf 81' lang='lat' dir='ltr'><strong>censam</strong></span> <span class='ocrx_word' id='word_1_251' title='bbox 1099 3730 1195 3797; x_wconf 87' lang='lat' dir='ltr'><strong>huius</strong></span> <span class='ocrx_word' id='word_1_252' title='bbox 1210 3730 1359 3815; x_wconf 91' lang='lat' dir='ltr'><strong>principii</strong></span> <span class='ocrx_word' id='word_1_253' title='bbox 1377 3734 1587 3813; x_wconf 87' lang='lat' dir='ltr'><strong>cognoscant,</strong></span> <span class='ocrx_word' id='word_1_254' title='bbox 1609 3746 1672 3794; x_wconf 89' lang='lat' dir='ltr'><strong>eum</strong></span> 
     </span>
     <span class='ocr_line' id='line_1_31' title="bbox 439 3818 1671 3922; baseline -0.002 -21"><span class='ocrx_word' id='word_1_255' title='bbox 439 3835 577 3915; x_wconf 89' lang='lat' dir='ltr'><strong>scilicet,</strong></span> <span class='ocrx_word' id='word_1_256' title='bbox 608 3857 671 3919; x_wconf 94' lang='lat' dir='ltr'><strong>quo</strong></span> <span class='ocrx_word' id='word_1_257' title='bbox 702 3837 790 3901; x_wconf 91' lang='lat' dir='ltr'><strong>omni</strong></span> <span class='ocrx_word' id='word_1_258' title='bbox 819 3840 967 3922; x_wconf 83' lang='lat' dir='ltr'><strong>tempore</strong></span> <span class='ocrx_word' id='word_1_259' title='bbox 997 3836 1077 3903; x_wconf 90' lang='lat' dir='ltr'><strong>illud</strong></span> <span class='ocrx_word' id='word_1_260' title='bbox 1108 3858 1233 3903; x_wconf 88' lang='lat' dir='ltr'><strong>asana</strong></span> <span class='ocrx_word' id='word_1_261' title='bbox 1256 3818 1460 3921; x_wconf 79' lang='lat' dir='ltr'><strong>philosbphia</strong></span> <span class='ocrx_word' id='word_1_262' title='bbox 1483 3836 1671 3903; x_wconf 87' lang='lat' dir='ltr'><strong>intellectum</strong></span> 
     </span>
     <span class='ocr_line' id='line_1_32' title="bbox 440 3942 1671 4030; baseline -0.005 -21"><span class='ocrx_word' id='word_1_263' title='bbox 440 3948 475 4012; x_wconf 90' lang='lat' dir='ltr'><strong>et</strong></span> <span class='ocrx_word' id='word_1_264' title='bbox 490 3943 537 4009; x_wconf 88' lang='lat' dir='ltr'><strong>sic</strong></span> <span class='ocrx_word' id='word_1_265' title='bbox 551 3964 672 4010; x_wconf 89' lang='lat' dir='ltr'><strong>revera</strong></span> <span class='ocrx_word' id='word_1_266' title='bbox 685 3947 855 4025; x_wconf 87' lang='lat' dir='ltr'><strong>tamquam</strong></span> <span class='ocrx_word' id='word_1_267' title='bbox 869 3946 1066 4030; x_wconf 56' lang='lat' dir='ltr'><strong>canapium</strong></span> <span class='ocrx_word' id='word_1_268' title='bbox 1082 3945 1329 4029; x_wconf 72' lang='lat' dir='ltr'><strong>cretcpbpaiccm</strong></span> <span class='ocrx_word' id='word_1_269' title='bbox 1353 3945 1495 4009; x_wconf 79' lang='lat' dir='ltr'><strong>obsolute</strong></span> <span class='ocrx_word' id='word_1_270' title='bbox 1518 3952 1547 4009; x_wconf 84' lang='lat' dir='ltr'><strong>ct</strong></span> <span class='ocrx_word' id='word_1_271' title='bbox 1569 3942 1671 4025; x_wconf 78' lang='lat' dir='ltr'><strong>chaque</strong></span> 
     </span>
     <span class='ocr_line' id='line_1_33' title="bbox 440 4045 1669 4137; baseline -0.005 -21"><span class='ocrx_word' id='word_1_272' title='bbox 440 4054 616 4137; x_wconf 72' lang='lat' dir='ltr'><strong>exceptione</strong></span> <span class='ocrx_word' id='word_1_273' title='bbox 638 4054 767 4117; x_wconf 79' lang='lat' dir='ltr'><strong>ccrtcm&#39;</strong></span> <span class='ocrx_word' id='word_1_274' title='bbox 780 4052 879 4118; x_wconf 91' lang='lat' dir='ltr'><strong>etiam</strong></span> <span class='ocrx_word' id='word_1_275' title='bbox 902 4072 988 4117; x_wconf 92' lang='lat' dir='ltr'><strong>nunc</strong></span> <span class='ocrx_word' id='word_1_276' title='bbox 1013 4050 1161 4134; x_wconf 85' lang='lat' dir='ltr'><strong>agnitum</strong></span> <span class='ocrx_word' id='word_1_277' title='bbox 1185 4054 1246 4129; x_wconf 88' lang='lat' dir='ltr'><strong>est,</strong></span> <span class='ocrx_word' id='word_1_278' title='bbox 1277 4050 1390 4116; x_wconf 91' lang='lat' dir='ltr'><strong>abeis</strong></span> <span class='ocrx_word' id='word_1_279' title='bbox 1420 4050 1532 4128; x_wconf 88' lang='lat' dir='ltr'><strong>etiam,</strong></span> <span class='ocrx_word' id='word_1_280' title='bbox 1561 4048 1611 4131; x_wconf 93' lang='lat' dir='ltr'><strong>qui</strong></span> <span class='ocrx_word' id='word_1_281' title='bbox 1637 4045 1669 4110; x_wconf 86' lang='lat' dir='ltr'><strong>h&#39;-</strong></span> 
     </span>
     <span class='ocr_line' id='line_1_34' title="bbox 440 4154 1666 4241; baseline -0.004 -20"><span class='ocrx_word' id='word_1_282' title='bbox 440 4156 551 4224; x_wconf 91' lang='lat' dir='ltr'><strong>berum</strong></span> <span class='ocrx_word' id='word_1_283' title='bbox 576 4157 716 4223; x_wconf 90' lang='lat' dir='ltr'><strong>hominis</strong></span> <span class='ocrx_word' id='word_1_284' title='bbox 740 4158 911 4224; x_wconf 85' lang='lat' dir='ltr'><strong>arbitrium</strong></span> <span class='ocrx_word' id='word_1_285' title='bbox 934 4158 1123 4225; x_wconf 87' lang='lat' dir='ltr'><strong>defendunt.</strong></span> <span class='ocrx_word' id='word_1_286' title='bbox 1155 4156 1245 4223; x_wconf 89' lang='lat' dir='ltr'><strong>Idem</strong></span> <span class='ocrx_word' id='word_1_287' title='bbox 1269 4156 1355 4222; x_wconf 91' lang='lat' dir='ltr'><strong>enim</strong></span> <span class='ocrx_word' id='word_1_288' title='bbox 1378 4156 1569 4241; x_wconf 87' lang='lat' dir='ltr'><strong>principium</strong></span> <span class='ocrx_word' id='word_1_289' title='bbox 1591 4154 1666 4219; x_wconf 88' lang='lat' dir='ltr'><strong>recte</strong></span> 
     </span>
    </p>
   </div>
   <div class='ocr_carea' id='block_1_5' title="bbox 444 4304 1664 4980">
    <p class='ocr_par' dir='ltr' id='par_1_7' title="bbox 532 4304 1400 4377">
     <span class='ocr_line' id='line_1_35' title="bbox 532 4304 1400 4377; baseline 0 -17"><span class='ocrx_word' id='word_1_290' title='bbox 532 4308 540 4340; x_wconf 89' lang='lat'>¹</span> <span class='ocrx_word' id='word_1_291' title='bbox 561 4306 622 4361; x_wconf 81' lang='lat' dir='ltr'><strong>Eth.</strong></span> <span class='ocrx_word' id='word_1_292' title='bbox 642 4306 675 4359; x_wconf 87' lang='lat' dir='ltr'><strong>cd</strong></span> <span class='ocrx_word' id='word_1_293' title='bbox 695 4304 762 4360; x_wconf 82' lang='lat' dir='ltr'><strong>Eud.</strong></span> <span class='ocrx_word' id='word_1_294' title='bbox 785 4306 807 4369; x_wconf 91' lang='lat'><strong>1,</strong></span> <span class='ocrx_word' id='word_1_295' title='bbox 827 4306 851 4359; x_wconf 89' lang='lat'><strong>6.</strong></span> <span class='ocrx_word' id='word_1_296' title='bbox 960 4305 971 4338; x_wconf 75' lang='lat'>⁸</span> <span class='ocrx_word' id='word_1_297' title='bbox 991 4304 1099 4377; x_wconf 84' lang='lat' dir='ltr'><strong>System</strong></span> <span class='ocrx_word' id='word_1_298' title='bbox 1119 4304 1167 4359; x_wconf 86' lang='lat' dir='ltr'><strong>der</strong></span> <span class='ocrx_word' id='word_1_299' title='bbox 1186 4304 1269 4359; x_wconf 80' lang='lat' dir='ltr'><strong>Ethilr</strong></span> <span class='ocrx_word' id='word_1_300' title='bbox 1289 4304 1321 4359; x_wconf 69' lang='grc' dir='ltr'><strong>1ι</strong></span> <span class='ocrx_word' id='word_1_301' title='bbox 1338 4306 1400 4360; x_wconf 85' lang='grc'>439.</span> 
     </span>
    </p>

    <p class='ocr_par' dir='ltr' id='par_1_8' title="bbox 531 4382 1664 4464">
     <span class='ocr_line' id='line_1_36' title="bbox 531 4382 1664 4464; baseline -0.004 -15"><span class='ocrx_word' id='word_1_302' title='bbox 531 4397 542 4429; x_wconf 85' lang='lat'>⁸</span> <span class='ocrx_word' id='word_1_303' title='bbox 560 4382 635 4449; x_wconf 78' lang='lat' dir='ltr'><strong>liber</strong></span> <span class='ocrx_word' id='word_1_304' title='bbox 653 4394 703 4449; x_wconf 85' lang='lat' dir='ltr'><strong>das</strong></span> <span class='ocrx_word' id='word_1_305' title='bbox 722 4392 824 4448; x_wconf 82' lang='lat' dir='ltr'><strong>Wesen</strong></span> <span class='ocrx_word' id='word_1_306' title='bbox 844 4394 892 4447; x_wconf 90' lang='lat' dir='ltr'><strong>der</strong></span> <span class='ocrx_word' id='word_1_307' title='bbox 910 4392 1112 4447; x_wconf 87' lang='lat' dir='ltr'><strong>menschlichan</strong></span> <span class='ocrx_word' id='word_1_308' title='bbox 1132 4392 1259 4447; x_wconf 78' lang='lat' dir='ltr'><strong>Froiheit.</strong></span> <span class='ocrx_word' id='word_1_309' title='bbox 1299 4392 1368 4464; x_wconf 92' lang='lat' dir='ltr'><strong>Opp.</strong></span> <span class='ocrx_word' id='word_1_310' title='bbox 1388 4409 1453 4463; x_wconf 86' lang='lat' dir='ltr'><strong>pars</strong></span> <span class='ocrx_word' id='word_1_311' title='bbox 1473 4394 1500 4457; x_wconf 89' lang='grc'><strong>1,</strong></span> <span class='ocrx_word' id='word_1_312' title='bbox 1521 4386 1664 4445; x_wconf 71' lang='grc'>11118831-</span> 
     </span>
    </p>

    <p class='ocr_par' dir='ltr' id='par_1_9' title="bbox 531 4480 1296 4554">
     <span class='ocr_line' id='line_1_37' title="bbox 531 4480 1296 4554; baseline -0.001 -17"><span class='ocrx_word' id='word_1_313' title='bbox 531 4486 542 4517; x_wconf 89' lang='lat'><strong>⁴</strong></span> <span class='ocrx_word' id='word_1_314' title='bbox 560 4482 843 4554; x_wconf 80' lang='lat' dir='ltr'><strong>Vierteljahraachrift</strong></span> <span class='ocrx_word' id='word_1_315' title='bbox 860 4482 905 4537; x_wconf 78' lang='lat' dir='ltr'><strong>ihr</strong></span> <span class='ocrx_word' id='word_1_316' title='bbox 924 4480 1098 4552; x_wconf 84' lang='lat' dir='ltr'><strong>Philosophia</strong></span> <span class='ocrx_word' id='word_1_317' title='bbox 1119 4481 1213 4549; x_wconf 86' lang='grc'>(1880)</span> <span class='ocrx_word' id='word_1_318' title='bbox 1235 4482 1296 4536; x_wconf 84' lang='grc'>861.</span> 
     </span>
    </p>

    <p class='ocr_par' dir='ltr' id='par_1_10' title="bbox 444 4563 1660 4729">
     <span class='ocr_line' id='line_1_38' title="bbox 531 4563 1660 4637; baseline -0.01 -12"><span class='ocrx_word' id='word_1_319' title='bbox 531 4574 542 4605; x_wconf 77' lang='lat'><strong>⁵</strong></span> <span class='ocrx_word' id='word_1_320' title='bbox 561 4570 615 4626; x_wconf 83' lang='lat' dir='ltr'><strong>Der</strong></span> <span class='ocrx_word' id='word_1_321' title='bbox 628 4570 795 4627; x_wconf 85' lang='lat' dir='ltr'><strong>Selbstmord</strong></span> <span class='ocrx_word' id='word_1_322' title='bbox 815 4570 857 4624; x_wconf 86' lang='lat' dir='ltr'><strong>als</strong></span> <span class='ocrx_word' id='word_1_323' title='bbox 874 4569 975 4625; x_wconf 86' lang='lat' dir='ltr'><strong>sociale</strong></span> <span class='ocrx_word' id='word_1_324' title='bbox 988 4569 1282 4637; x_wconf 78' lang='lat' dir='ltr'><strong>Messenerscheinung</strong></span> <span class='ocrx_word' id='word_1_325' title='bbox 1299 4569 1347 4623; x_wconf 88' lang='lat' dir='ltr'><strong>der</strong></span> <span class='ocrx_word' id='word_1_326' title='bbox 1359 4569 1505 4625; x_wconf 75' lang='lat' dir='ltr'><strong>moder-nen</strong></span> <span class='ocrx_word' id='word_1_327' title='bbox 1518 4563 1660 4623; x_wconf 76' lang='lat' dir='ltr'><strong>Zivilisaticn</strong></span> 
     </span>
     <span class='ocr_line' id='line_1_39' title="bbox 444 4660 619 4729; baseline 0 -15"><span class='ocrx_word' id='word_1_328' title='bbox 444 4660 538 4729; x_wconf 80' lang='grc'>(1881)</span> <span class='ocrx_word' id='word_1_329' title='bbox 558 4660 619 4714; x_wconf 81' lang='lat'>235.</span> 
     </span>
    </p>

    <p class='ocr_par' dir='ltr' id='par_1_11' title="bbox 532 4736 1406 4818">
     <span class='ocr_line' id='line_1_40' title="bbox 532 4736 1406 4818; baseline -0.001 -16"><span class='ocrx_word' id='word_1_330' title='bbox 532 4750 543 4780; x_wconf 82' lang='lat'><strong>⁶</strong></span> <span class='ocrx_word' id='word_1_331' title='bbox 562 4736 635 4802; x_wconf 84' lang='lat' dir='ltr'><strong>llber</strong></span> <span class='ocrx_word' id='word_1_332' title='bbox 653 4747 696 4801; x_wconf 89' lang='lat' dir='ltr'><strong>die</strong></span> <span class='ocrx_word' id='word_1_333' title='bbox 714 4746 836 4801; x_wconf 84' lang='lat' dir='ltr'><strong>Freiheit</strong></span> <span class='ocrx_word' id='word_1_334' title='bbox 853 4748 888 4801; x_wconf 80' lang='lat'><strong>42</strong></span> <span class='ocrx_word' id='word_1_335' title='bbox 901 4748 928 4802; x_wconf 80' lang='lat' dir='ltr'><strong>ff.</strong></span> <span class='ocrx_word' id='word_1_336' title='bbox 1038 4748 1047 4779; x_wconf 82' lang='lat'>⁷</span> <span class='ocrx_word' id='word_1_337' title='bbox 1066 4746 1324 4818; x_wconf 84' lang='lat' dir='ltr'><strong>Morelphilosophie</strong></span> <span class='ocrx_word' id='word_1_338' title='bbox 1345 4748 1406 4801; x_wconf 90' lang='grc'>191.</span> 
     </span>
    </p>

    <p class='ocr_par' dir='ltr' id='par_1_12' title="bbox 532 4834 1092 4906">
     <span class='ocr_line' id='line_1_41' title="bbox 532 4834 1092 4906; baseline 0 -15"><span class='ocrx_word' id='word_1_339' title='bbox 532 4835 752 4891; x_wconf 83' lang='lat' dir='ltr'><strong>⁸Katechia1nus</strong></span> <span class='ocrx_word' id='word_1_340' title='bbox 771 4836 820 4890; x_wconf 90' lang='lat' dir='ltr'><strong>der</strong></span> <span class='ocrx_word' id='word_1_341' title='bbox 837 4834 1010 4906; x_wconf 85' lang='lat' dir='ltr'><strong>Philosophia</strong></span> <span class='ocrx_word' id='word_1_342' title='bbox 1032 4836 1092 4891; x_wconf 83' lang='lat'>170.</span> 
     </span>
    </p>

    <p class='ocr_par' dir='ltr' id='par_1_13' title="bbox 531 4920 1260 4980">
     <span class='ocr_line' id='line_1_42' title="bbox 531 4920 1260 4980; baseline -0.003 -1"><span class='ocrx_word' id='word_1_343' title='bbox 531 4927 542 4958; x_wconf 80' lang='lat'><strong>⁹</strong></span> <span class='ocrx_word' id='word_1_344' title='bbox 561 4924 702 4979; x_wconf 88' lang='lat' dir='ltr'><strong>Lehrbuch</strong></span> <span class='ocrx_word' id='word_1_345' title='bbox 721 4926 770 4979; x_wconf 85' lang='lat' dir='ltr'><strong>dee</strong></span> <span class='ocrx_word' id='word_1_346' title='bbox 788 4924 937 4979; x_wconf 85' lang='lat' dir='ltr'><strong>deutschen</strong></span> <span class='ocrx_word' id='word_1_347' title='bbox 956 4920 1197 4979; x_wconf 76' lang='lat' dir='ltr'><strong>Strairechts¹²·¹³</strong></span> <span class='ocrx_word' id='word_1_348' title='bbox 1217 4926 1260 4980; x_wconf 83' lang='lat'><strong>84.</strong></span> 
     </span>
    </p>
   </div>
   <div class='ocr_carea' id='block_1_6' title="bbox 0 0 1960 5842">
    <p class='ocr_par' dir='ltr' id='par_1_14' title="bbox 0 0 1960 5842">
     <span class='ocr_line' id='line_1_43' title="bbox 0 0 1960 5842; baseline 0 1"><span class='ocrx_word' id='word_1_349' title='bbox 0 0 1960 5842; x_wconf 95' lang='lat' dir='ltr'><strong> </strong></span> 
     </span>
    </p>
   </div>
  </div>
 </body>
</html>
