3909 5842
414 665 478 729 252
687 658 778 713 Sectio
795 659 817 713 1.
854 658 935 714 Liber
952 659 999 712 111.
1038 658 1127 730 Caput
1145 659 1178 713 ΙΙ.
1216 655 1355 712 Articulus
1374 657 1398 712 6.

414 837 489 922 cipii
513 837 686 904 formulam
710 839 979 922 simplicissimam
1004 845 1031 903 et
1045 840 1186 924 practice
1202 837 1407 921 perspicuam
1427 835 1538 918 potius
1561 858 1660 919 quam

414 942 570 1029 explicite
594 942 680 1009 omni
704 945 866 1026 exparte
890 942 1057 1009 definitam
1082 942 1162 1008 dare
1184 939 1340 1007 maluisse
1364 939 1495 1007 videtur
1507 944 1530 1009 ¹.

415 1082 482 1154 281.
573 1083 730 1150 Similiter
752 1103 836 1164 quas
859 1085 996 1149 secuudo
1019 1083 1091 1149 loco
1107 1085 1296 1149 recensetur
1311 1081 1486 1160 sententia,
1510 1104 1575 1148 nou
1591 1089 1661 1150 tam

415 1189 600 1255 alormula
623 1189 655 1254 S.
680 1189 825 1254 Thomae
854 1188 1019 1254 diversam
1043 1193 1077 1255 et
1099 1209 1229 1266 novam,
1260 1208 1358 1269 quam
1388 1189 1523 1254 eandem
1551 1190 1662 1274 potius

416 1296 522 1380 magis
552 1295 803 1363 determinatam
833 1315 1015 1380 proponere
1045 1295 1203 1368 intendit;
1231 1299 1368 1360 eatenus
1391 1299 1512 1374 tamen,
1544 1301 1581 1363 ut
1611 1297 1662 1361 vi·

416 1404 521 1482 detur,
545 1402 651 1468 minus
674 1401 825 1478 feliciter,
857 1401 952 1483 quod,
978 1401 1114 1468 tametsi
1135 1401 1169 1466 in
1193 1400 1320 1467 ratione
1344 1399 1584 1469 conformitatis
1607 1403 1662 1468 vel

416 1509 636 1576 difformitatis
666 1530 738 1574 cum
768 1509 912 1573 humana
941 1515 1061 1574 natura
1092 1508 1251 1592 complete
1275 1510 1407 1590 sumpta
1429 1509 1572 1575 fortusse
1596 1531 1661 1574 non

415 1618 524 1700 inepte
547 1615 678 1681 fundari
701 1613 806 1698 possit
829 1612 1023 1698 principium
1045 1635 1205 1680 summum
1229 1634 1294 1696 qua
1316 1614 1525 1680 deductivum
1541 1619 1575 1681 et
1590 1637 1661 1682 ma·
1784 1703 1785 1706 Ἴ

415 1722 541 1799 tonale,
566 1721 623 1787 vix
646 1725 757 1787 tamen
774 1742 838 1803 qua
853 1719 1049 1804 principium
1066 1723 1262 1786 reductivum
1279 1729 1307 1786 et
1320 1719 1466 1804 formale,
1490 1721 1511 1788 i.
1529 1743 1557 1788 e.
1574 1723 1661 1788 sius·

416 1828 513 1903 modi,
543 1827 630 1910 quod
659 1827 755 1892 simul
785 1828 833 1893 ita
862 1831 1008 1894 adimam
1035 1830 1190 1893 rationem
1212 1835 1341 1912 propter
1364 1849 1459 1913 quam
1483 1829 1659 1904 contineat,
1785 1827 1786 1866 ³

416 1940 454 2002 ut
477 1934 547 2000 eius
569 1932 706 1998 ulterior
728 1934 814 1999 ratio
837 1934 928 2000 reddi
952 1954 1013 1999 nsc
1037 1933 1142 2018 possit
1165 1953 1225 1998 nec
1250 1933 1378 2000 debeat.

417 2064 486 2136 282.
581 2067 685 2132 Tertia
715 2069 778 2131 loca
808 2066 997 2150 propositae
1028 2066 1112 2130 dues
1141 2065 1313 2142 formulae,
1344 2085 1428 2147 quae
1458 2065 1491 2132 in
1521 2088 1560 2133 eo
1583 2087 1660 2133 con·

416 2173 563 2250 veniunt,
587 2172 673 2254 quod
696 2172 730 2236 in
752 2175 929 2256 praecepto
953 2171 1076 2238 amoris
1091 2171 1153 2236 Dei
1168 2170 1379 2250 (naturaliter
1402 2171 1539 2255 cogniti)
1563 2179 1661 2258 caput

417 2281 452 2344 et
475 2277 701 2362 compendium
723 2277 827 2344 totius
849 2278 934 2361 legis
956 2278 1118 2345 naturalis
1142 2281 1335 2358 agnoscunt,
1365 2280 1435 2342 tum
1464 2279 1662 2346 auctoritate
1786 2287 1787 2302 ¹

418 2385 450 2451 S.
474 2383 652 2466 Augustini
683 2389 753 2450 tum
785 2385 856 2468 ipso
889 2385 989 2450 effato
1013 2383 1133 2450 Christi
1166 2383 1230 2466 (Mt
1254 2386 1306 2460 22,
1332 2383 1478 2466 37-40)
1508 2405 1568 2450 neo
1598 2407 1660 2451 non

418 2490 559 2574 apostoli
575 2490 671 2572 (Rom
691 2493 741 2567 13,
761 2493 801 2556 10
818 2495 852 2556 et
871 2490 973 2556 lTim
993 2494 1021 2568 1,
1039 2489 1073 2572 5)
1087 2489 1306 2555 commendari
1318 2489 1479 2556 videntur.
1512 2491 1661 2564 Etenna,

417 2597 446 2662 si
469 2617 508 2662 eo
531 2597 602 2662 loco
618 2595 777 2662 Dominus
800 2601 859 2662 aut
882 2617 925 2661 ex
942 2596 1045 2680 ipsius
1061 2599 1170 2662 mente
1187 2595 1355 2680 apostolus
1371 2595 1563 2680 principium
1580 2597 1663 2679 legis

418 2703 579 2768 naturalis
609 2703 643 2767 in
672 2702 801 2767 ratione
831 2705 980 2768 scientiae
1009 2722 1194 2786 supremum
1226 2701 1320 2766 nobis
1347 2701 1426 2768 dare
1458 2701 1662 2776 intendisset,

418 2807 524 2873 omnis
547 2808 634 2873 inter
664 2808 859 2875 christianos
883 2809 1108 2874 controversia
1132 2808 1293 2892 dirempta
1317 2811 1414 2875 esset.
1462 2808 1595 2886 Verum,
1626 2813 1664 2874 ut

420 2913 516 2979 docet
539 2913 571 2979 S.
596 2912 738 2979 Thomas
750 2915 773 2989 ²,
805 2912 953 2980 Christus
976 2915 1040 2978 illis
1069 2913 1177 2980 verbis
1206 2913 1363 2998 imprimis
1394 2915 1583 2998 complexus
1613 2919 1665 2982 est

420 3020 525 3101 legem
552 3018 710 3096 caritatis,
735 3040 819 3101 quae
841 3019 974 3104 propria
997 3025 1049 3086 est
1064 3020 1148 3102 legis
1165 3023 1360 3105 aucupeticae
1375 3023 1410 3084 et
1425 3019 1533 3084 lumen
1550 3041 1664 3103 super-

419 3126 569 3192 naturale
599 3126 763 3210 supponit.
811 3125 967 3192 Similiter
998 3125 1166 3209 apostolus
1198 3126 1238 3191 de
1273 3125 1481 3203 „dilectione‘
1514 3125 1665 3192 caritatis

418 3232 571 3315 loquitur.
603 3232 726 3316 Utique
750 3237 784 3298 et
806 3231 881 3314 loge
905 3231 1049 3298 naturali
1072 3236 1204 3299 tenetur
1226 3233 1323 3297 homo
1339 3231 1443 3298 Deum
1467 3233 1665 3298 naturaliter
1788 3237 1789 3270 l

419 3339 584 3422 cognitum
608 3360 707 3421 super
730 3337 840 3404 omnia
863 3358 984 3404 amare.
1032 3339 1078 3404 At
1100 3338 1134 3402 in
1157 3342 1296 3420 utraque
1320 3337 1403 3420 loge,
1427 3343 1496 3403 tam
1520 3340 1664 3404 naturali
1788 3407 1789 3416 χ

419 3465 516 3527 quam
541 3445 741 3528 evangelica,
765 3449 976 3530 praeceptum
1001 3444 1132 3510 amandi
1148 3445 1251 3510 Deum
1276 3465 1374 3528 super
1398 3443 1505 3509 omnia
1523 3443 1663 3528 primum
1788 3533 1789 3536 Ἴ

420 3557 471 3618 est
500 3555 628 3618 tantum
659 3554 774 3616 ardiae
797 3552 964 3635 dipuitatis
988 3555 1022 3616 et
1044 3554 1191 3633 uirtutis;
1222 3549 1392 3633 dignitatis
1416 3549 1556 3632 quidem,
1587 3551 1665 3633 quia

419 3660 507 3724 Deus
537 3661 589 3724 est
617 3656 752 3722 ultimus
782 3657 866 3733 finis,
897 3657 1032 3723 virtutis
1061 3677 1153 3736 vero,
1185 3657 1261 3739 quie
1291 3655 1579 3741 perdilectionem
1603 3659 1666 3724 Dei

418 3763 515 3828 homo
544 3761 733 3847 perducitur
755 3764 797 3827 ad
820 3765 916 3827 finem
940 3763 1091 3827 ultimum
1115 3762 1208 3844 eique
1232 3761 1406 3838 adhaeret;
1438 3762 1496 3828 sed
1524 3784 1588 3829 non
1613 3769 1666 3830 est

416 3871 558 3954 primum
587 3869 699 3934 ardiae
729 3872 924 3953 capmitiouis,
954 3868 1041 3935 sicut
1071 3867 1169 3934 etiam
1194 3867 1282 3933 Deus
1312 3867 1499 3934 immediate
1529 3869 1665 3936 evidens

419 3995 483 4039 non
514 3979 573 4040 est.
621 3973 798 4040 Praeterea
829 3975 891 4041 hoc
922 3974 1117 4058 principium
1147 3973 1254 4040 nullos
1284 3973 1404 4040 limites
1433 3973 1514 4057 figit,
1549 3975 1667 4056 quibus

418 4079 536 4146 stricta
558 4079 641 4162 legis
665 4081 774 4147 officia
797 4103 818 4147 a
840 4081 938 4147 meris
962 4079 1104 4148 consiliis
1128 4081 1320 4164 distinguas,

418 4208 487 4284 283.
580 4211 642 4277 Per
665 4222 814 4300 quartam
836 4213 1034 4280 sententiam
1059 4215 1196 4278 imitatio
1220 4216 1282 4279 Dei
1306 4221 1340 4278 ut
1364 4216 1467 4279 sancti
1488 4234 1548 4298 pro
1576 4235 1667 4279 oom-

418 4317 609 4384 munissima
631 4319 714 4401 legis
736 4319 897 4384 naturalis
920 4319 1049 4384 rationo
1072 4319 1259 4386 assumitur.
1302 4318 1355 4384 Ita
1378 4319 1448 4386 fere
1470 4319 1667 4404 principium

418 4423 615 4489 moralitatis
644 4424 698 4489 vel
728 4423 928 4508 platonicum
960 4424 1013 4488 vel
1043 4423 1313 4506 schellingianum
1342 4423 1399 4508 (cf.
1427 4447 1459 4493 n.
1487 4427 1546 4491 171
1576 4427 1664 4508 174),

419 4533 583 4612 expuncto
616 4549 727 4596 errore
757 4529 988 4613 pantheistico‚
1019 4529 1061 4594 ad
1091 4550 1185 4594 usum
1216 4511 1439 4615 philosophiae
1467 4529 1666 4598 christianae

418 4634 481 4699 viri
510 4634 662 4701 catholici
689 4635 900 4703 laudabiliter
926 4657 987 4701 uec
1014 4635 1085 4701 sine
1108 4635 1218 4702 fructu
1242 4642 1434 4703 convertere
1457 4635 1664 4703 studuerunt.

419 4741 540 4806 Verum
557 4740 640 4807 haec
655 4763 783 4826 quoque
798 4743 972 4819 sententia,
996 4742 1147 4824 quamvis
1163 4742 1204 4808 ad
1221 4741 1391 4808 formalem
1410 4747 1444 4808 et
1459 4743 1665 4808 materialem

509 4901 517 4931 ¹
531 4899 573 4952 cf.
582 4900 690 4966 Raselii,
703 4861 814 4954 Summa
823 4897 921 4969 philos.
932 4898 1006 4953 llln.
1017 4898 1068 4953 291
1079 4919 1085 4961 ;
1099 4901 1244 4968 amouere,
1263 4900 1353 4954 instit.
1364 4900 1461 4971 philos.
1475 4897 1569 4952 moral.
1583 4915 1609 4952 n.
1621 4898 1665 4954 62.

508 4989 519 5022 ²
532 4991 560 5042 S.
574 4990 674 5055 Ttom,
687 4987 788 5041 Contra
798 4986 921 5042 Gentiles
930 4987 948 5041 l.
961 4991 985 5053 l,
995 5005 1017 5042 o.
1030 4989 1123 5056 3sqq;
1134 4987 1234 5058 Opusc.
1245 4989 1297 5052 lV;
1309 4989 1335 5044 S.
1346 4989 1428 5044 theol.
1439 4989 1463 5052 2,
1474 4989 1499 5054 2,
1510 5005 1536 5056 q.
1545 4988 1588 5052 44,
1602 5004 1628 5042 a.
1642 4989 1665 5042 1.
