3909 5842
671 707 886 776 Distinguendae
905 706 1087 762 conscientiae
1106 706 1209 760 modus.
1496 707 1559 774 277

313 910 379 955 nou
409 892 461 954 est
490 907 589 970 quam
618 886 787 952 cuiusdam
817 887 991 972 syltoqiami
1013 889 1178 970 conclusio,
1209 905 1305 968 quem
1337 883 1423 950 ratio
1451 905 1559 950 secum

314 994 417 1062 tacite
431 993 586 1070 instituit,
610 996 644 1058 et
660 991 752 1058 cuius
768 996 873 1058 molor
887 991 1035 1058 continet
1049 991 1243 1076 principium
1260 989 1391 1073 aliquod
1407 991 1562 1073 generale

314 1122 373 1167 seu
401 1101 485 1184 legis
514 1103 726 1184 praeceptum
754 1098 806 1163 vel
835 1097 1087 1183 prohibitionem
1112 1097 1287 1180 cognitam,
1318 1100 1423 1163 minor
1452 1101 1562 1164 autem

315 1211 367 1273 est
390 1205 501 1289 aliqua
523 1203 705 1272 enuntiatio
721 1204 813 1282 facti,
837 1225 903 1288 qua
919 1205 1000 1270 haec
1016 1205 1070 1269 vel
1086 1203 1145 1269 illa
1167 1203 1254 1270 actio
1278 1204 1332 1268 vel
1356 1203 1487 1269 omissio
1510 1201 1563 1267 hic

315 1317 350 1395 et
379 1333 466 1378 nunc
496 1311 661 1377 voluntati
690 1311 863 1396 proposita
891 1310 1057 1377 iudicatur
1086 1310 1147 1376 sub
1177 1310 1289 1376 eadem
1318 1309 1376 1376 illa
1406 1310 1479 1392 lege
1502 1309 1563 1374 im-

314 1419 428 1503 plicite
450 1423 509 1485 aut
531 1417 720 1485 virtualiter
743 1417 974 1502 comprehendi
996 1417 1050 1482 vel
1073 1438 1177 1483 secus.
1379 1405 1382 1412 ’

405 1525 485 1590 lnde
509 1545 587 1589 vero
610 1523 708 1589 facile
730 1523 945 1606 intellegitur,
970 1525 1194 1590 conscientium
1210 1545 1315 1590 omnes
1335 1525 1564 1610 intellegentiae

314 1636 430 1701 limites
444 1641 473 1699 ct
488 1633 698 1698 accidentales
714 1632 966 1715 defectibilitotoo
980 1634 1189 1718 participare,
1211 1634 1246 1696 et
1260 1651 1326 1696 non
1342 1629 1449 1695 minus
1465 1649 1562 1710 quam

314 1741 373 1806 illa
404 1744 476 1806 tum
508 1739 550 1804 ad
582 1738 780 1804 obiectivam
812 1738 988 1806 veritatem
1019 1742 1089 1804 tum
1120 1738 1162 1804 ad
1186 1737 1414 1805 certitudinem
1438 1737 1563 1802 variam

315 1847 538 1914 habitudinem
561 1844 696 1910 iuduere
719 1866 825 1929 posse.

455 2019 528 2102 52.
575 2020 916 2102 Distinguendae
946 2020 1241 2086 conscientiae
1271 2019 1423 2086 modus.

317 2159 388 2232 306.
480 2160 687 2227 Conscientia
710 2182 769 2245 pro
793 2160 886 2226 vario
909 2163 1062 2244 respectu
1085 2159 1179 2224 varic
1202 2157 1431 2241 distinguitur:

409 2271 438 2336 1.
463 2270 601 2335 Ratione
622 2269 858 2352 conformitatis
889 2289 960 2332 cnon
991 2269 1055 2354 lege
1088 2267 1286 2352 applicando
1315 2269 1367 2332 est
1395 2265 1449 2328 vel
1479 2271 1565 2329 recto

318 2373 426 2458 (vera)
457 2376 510 2441 vel
542 2397 674 2442 moneo
705 2373 837 2458 (falsa),
868 2379 903 2441 et
932 2374 1014 2440 haec
1043 2373 1162 2439 iterum
1192 2376 1238 2439 uel
1264 2370 1497 2437 invincibiliter
1519 2373 1565 2437 ool

317 2480 515 2547 vincibiliter
529 2502 677 2548 erronea.
710 2480 771 2563 (cf.
789 2502 873 2564 quae
888 2479 1038 2566 superius
1061 2500 1092 2546 n.
1113 2481 1176 2544 116
1200 2477 1289 2546 dicta
1312 2481 1390 2544 sunt
1410 2477 1450 2543 de
1471 2477 1564 2560 iguo·

318 2587 427 2654 rantia
450 2588 595 2654 vincibili
618 2592 652 2654 et
674 2587 879 2670 invincibili.)

408 2697 438 2762 2.
462 2696 600 2761 Ratione
626 2697 792 2781 firmitatis
824 2697 943 2761 interni
975 2715 1126 2760 assensus
1155 2695 1208 2759 est
1237 2689 1271 2774 a)
1301 2699 1404 2776 corto,
1435 2690 1565 2773 quando

317 2821 419 2879 mens,
450 2800 632 2868 rationibus
659 2806 827 2883 tamquam
851 2799 1090 2866 sufficientibus
1119 2798 1300 2882 perceptis,
1334 2797 1405 2862 sine
1435 2795 1566 2862 errandi

318 2907 491 2973 formidine
515 2898 713 2974 conclusioni
736 2907 903 2991 practicae
925 2906 1001 2972 inde
1025 2906 1186 2972 deductae
1202 2904 1377 2980 adhaeret;
1402 2901 1437 2986 b)
1454 2904 1565 2986 dubio,

317 3034 391 3079 cum
421 3013 550 3080 animus
579 3013 667 3080 inter
697 3013 779 3079 duas
809 3017 923 3099 partes
953 3011 1222 3080 contradictionis
1253 3009 1419 3096 practicae
1445 3031 1566 3094 auceps

317 3121 458 3188 fluctuat
479 3121 589 3186 neutri
612 3120 814 3197 assentiens3
839 3120 952 3186 eadem
977 3118 1251 3201 subdistinguitur
1273 3117 1328 3182 vel
1351 3119 1493 3203 nepotioc
1512 3115 1567 3180 vel

316 3230 446 3312 positive
470 3227 577 3306 dubia,
600 3233 699 3312 prout
720 3230 768 3293 ool
790 3228 882 3293 nulla
903 3230 1084 3311 suppetunt
1107 3225 1232 3291 motiva
1254 3223 1389 3308 positivi
1412 3243 1567 3288 assensus

317 3332 389 3398 sive
417 3355 478 3418 pro
507 3338 604 3418 parte
633 3333 836 3400 affirmativa
863 3334 935 3399 sive
957 3355 1017 3417 pro
1040 3332 1207 3414 negativa,
1238 3333 1284 3396 ool
1313 3332 1493 3414 suppetunt
1524 3347 1567 3392 ex

318 3444 459 3522 utraque
487 3443 585 3524 parte
611 3462 671 3524 pro
695 3440 879 3507 subiectiva
902 3438 1143 3524 appretiatione
1167 3436 1328 3520 aequalia,
1360 3439 1419 3502 aut
1447 3435 1565 3501 saltem

318 3544 486 3625 eiusmodi,
518 3567 603 3628 quae
631 3568 691 3631 pro
720 3547 883 3614 alterutra
904 3549 1002 3631 parte
1026 3549 1151 3612 certum
1176 3563 1345 3610 assensum
1369 3541 1565 3618 excluduut;

318 3651 350 3734 c)
372 3653 558 3737 probabilis,
591 3652 619 3717 si
649 3673 741 3718 meus
774 3674 816 3719 ex
848 3652 1007 3736 gravibus
1039 3650 1223 3729 momentis,
1256 3649 1314 3716 sed
1346 3669 1410 3714 non
1444 3647 1567 3730 absque

318 3757 407 3822 omni
429 3759 582 3842 prudenti
604 3759 778 3824 formidine
802 3759 842 3826 de
865 3759 1008 3826 veritate
1032 3758 1183 3842 oppositi,
1208 3756 1339 3841 aliquod
1359 3754 1567 3821 nihilominus

317 3863 471 3930 iudicium
495 3865 714 3948 amplectitur.
745 3865 862 3948 Itaque
885 3863 1063 3948 probabilis
1085 3863 1295 3940 conscientia,
1320 3861 1473 3944 quamdiu
1490 3860 1568 3927 talis

317 3973 441 4047 manet,
465 3989 486 4034 a
508 3969 709 4036 conscientia
731 3971 830 4036 dubia
852 3973 916 4037 tote
937 3974 1071 4055 sumpta
1093 3969 1222 4036 nonnisi
1237 3970 1342 4052 gradu
1358 3969 1468 4034 differt
1483 3965 1567 4032 eius·

318 4096 383 4158 que
415 4075 622 4142 condiciones
654 4097 767 4142 omnes
798 4077 988 4162 participat.
1034 4076 1138 4144 Recte
1169 4081 1282 4143 tamen
1315 4095 1335 4141 a
1368 4072 1568 4140 couscientia

319 4182 418 4249 dubia
437 4187 570 4270 proprie
593 4186 680 4250 (licto
706 4183 930 4267 distinguitur,
960 4205 1034 4250 cum
1063 4183 1145 4248 haec
1174 4182 1284 4248 iudicii
1314 4182 1348 4248 iu
1378 4177 1568 4246 deducenda

318 4289 527 4355 conclusione
549 4290 796 4374 suspensionem
820 4295 920 4372 atque
942 4291 992 4356 ita
1017 4288 1199 4355 absentiam
1223 4287 1443 4354 conscientiae
1459 4284 1568 4369 potius

319 4417 418 4478 quam
448 4397 518 4462 veri
548 4397 688 4463 nominis
718 4397 953 4462 conscientiam
985 4395 1144 4478 designet,
1173 4397 1350 4482 probabilis
1381 4413 1459 4459 vero
1490 4411 1568 4456 cou-

319 4503 460 4570 scientia
472 4504 604 4587 aliquod
616 4503 770 4569 iudicium
782 4504 974 4588 practicum‚
992 4502 1143 4586 quamvis
1159 4524 1223 4568 non
1241 4507 1376 4578 certum,
1393 4502 1567 4584 supponat.

410 4613 440 4677 3.
464 4612 601 4676 Ratione
623 4619 725 4676 stetim
747 4612 922 4676 habitualis
945 4609 1101 4692 distingui
1126 4609 1211 4676 solet
1233 4607 1433 4675 conscientia
1448 4616 1567 4688 tenero,

317 4719 396 4781 loro
420 4721 455 4783 et
477 4720 674 4804 scrupuloso,
699 4717 750 4782 cui
775 4716 875 4783 etiam
896 4719 1048 4802 perplexo
1068 4715 1277 4782 adnumerari
1298 4718 1418 4799 potest.
1457 4712 1489 4778 Is
1514 4711 1569 4794 qui

319 4822 421 4888 etiam
444 4823 476 4888 in
500 4823 599 4889 rebus
622 4823 756 4890 minoris
779 4825 936 4890 momenti
960 4822 1200 4890 dehonestate
1223 4825 1258 4888 et
1280 4820 1489 4887 inhonestate
1513 4839 1568 4884 ac-

318 4935 412 4995 tuum
442 4930 583 4997 sollicite
613 4940 647 4997 et
677 4936 832 4998 accurate
861 4930 1008 4997 iudicare
1039 4934 1073 4996 et
1100 4929 1174 4995 huic
1197 4928 1316 4994 iudicio
1340 4929 1568 5012 obtemperare

319 5035 415 5113 solet,
445 5043 588 5101 teneram
611 5037 732 5119 -qui
762 5057 805 5102 ex
833 5035 1013 5103 levioribus
1042 5035 1217 5102 momentis
1248 5035 1481 5118 obligationem
1498 5021 1569 5097 'aut
