3909 5842
707 717 747 772 De
770 719 916 790 ‚principio
935 717 1125 774 moralitatis‘.
1474 723 1537 786 145

282 899 321 961 et
346 897 497 962 absolute
521 896 682 978 obligans,
706 896 865 962 aKantio
882 897 944 962 hac
959 897 1127 963 sententia
1143 895 1349 963 enuntiatur:
1377 899 1447 978 ,Ito
1471 921 1538 984 oye,

284 1011 320 1066 nt
336 1001 541 1083 (subiectiora)
556 1011 630 1068 tuoe
646 1005 817 1070 voluntatis
832 1025 945 1069 norma
962 1025 1140 1090 numquam
1155 1025 1218 1069 non
1235 1005 1330 1068 simul
1339 1007 1537 1090 principiam

283 1108 503 1190 (abiectiorem)
526 1112 734 1194 lepislolionis
756 1112 951 1176 universalia
969 1131 1034 1176 case
1049 1117 1077 1175 ct
1092 1131 1157 1194 quo
1172 1113 1235 1176 tole
1250 1113 1378 1196 oqoosci
1393 1113 1539 1176 reticem·

285 1215 397 1280 belilee·
415 1215 569 1300 poesil.“1

379 1321 501 1399 Quodsi
529 1321 594 1387 iam
626 1327 805 1404 quaeratur
833 1323 873 1387 de
894 1326 1056 1408 principio
1078 1326 1272 1388 moralitatis
1290 1325 1423 1409 proprie
1447 1325 1538 1405 dicto,

285 1416 354 1509 quo
385 1429 563 1494 secundum
593 1429 774 1495 doctrinam
807 1429 920 1495 Kantii
949 1430 984 1494 in
1013 1429 1197 1495 actionibus
1226 1430 1377 1495 humanis
1406 1429 1540 1494 moralia

286 1534 421 1600 bonitas
448 1555 469 1600 a
496 1535 624 1601 malitia
654 1535 816 1602 obiective
847 1536 1063 1613 discernatur,
1093 1535 1188 1613 illud,
1218 1536 1354 1602 tametsi
1382 1535 1540 1619 implicite

285 1645 419 1707 tantum
444 1643 477 1706 in
500 1641 658 1726 principio
682 1645 758 1728 lepis
781 1643 914 1708 moralis
930 1642 1143 1727 propositum,
1168 1662 1302 1726 esupra
1318 1642 1414 1709 dictis
1427 1647 1539 1708 tamen

287 1751 325 1813 et
355 1749 567 1830 sequentibus
597 1749 730 1833 insuper
758 1749 926 1815 doctrinae
950 1749 1112 1832 capitibus
1134 1748 1233 1814 facile
1256 1748 1428 1830 colligitur.
1460 1747 1539 1812 Inde

286 1853 377 1918 enim
415 1855 589 1921 manifeste
627 1857 838 1938 consequitur
881 1875 945 1922 non
983 1855 1114 1920 aliunde
1148 1855 1182 1920 in
1220 1855 1369 1921 actiones
1407 1859 1539 1920 nostras

287 1963 449 2028 moralem
473 1963 656 2030 bonitatem
679 1963 823 2029 derivari
847 1983 943 2047 posse
967 1983 1066 2046 qnam
1090 1983 1133 2028 ex
1156 1963 1376 2045 conformitate
1390 1963 1539 2027 obiective

289 2077 319 2134 et
350 2071 521 2134 :obiective
554 2091 624 2134 curn
647 2073 711 2154 leqe
734 2071 880 2152 rollonis,
905 2105 950 2114 -
973 2070 1132 2153 obiective,
1164 2089 1228 2150 qua
1251 2087 1354 2150 agens
1376 2067 1409 2131 id
1432 2066 1538 2150 ipsum

288 2175 375 2252 vult,
400 2175 486 2256 quod
509 2177 565 2241 lex
588 2175 758 2260 praecipit,
784 2175 965 2254 subiectioo,
990 2197 1055 2258 qna
1078 2176 1111 2240 id
1134 2176 1206 2241 vult
1228 2175 1324 2240 unice
1346 2173 1423 2256 quia
1442 2194 1540 2257 prae-

289 2285 435 2364 ceptum,
467 2303 510 2346 ex
539 2303 623 2366 pura
657 2281 863 2360 ,reverentia
893 2281 1015 2364 legis“;
1046 2281 1095 2348 ita
1118 2285 1165 2360 ut,
1189 2279 1461 2362 quemadmodum
1484 2280 1540 2344 lex

287 2387 427 2453 moralis
456 2409 536 2471 pure
570 2387 754 2466 ,formalis“
789 2389 850 2464 est,
884 2387 933 2452 sui
964 2387 1126 2453 rationem
1149 2387 1182 2451 in
1205 2385 1383 2470 semetipsa
1403 2387 1538 2464 habens,

286 2495 442 2562 similiter
453 2500 487 2562 et
500 2497 652 2562 voluntas
662 2516 727 2578 qua
737 2495 870 2560 moralis
880 2495 969 2560 nullo
981 2498 1153 2562 moveatur
1162 2497 1315 2577 respectu
1329 2491 1537 2572 „materiae“,

288 2603 309 2668 i.
341 2625 369 2668 e.
400 2601 518 2668 obiecti
549 2602 730 2668 subiective
761 2601 947 2686 appetibilis
976 2600 1032 2666 vel
1060 2599 1135 2666 finis
1164 2598 1448 2676 eudaemonistici,
1481 2598 1539 2664 sed

289 2710 394 2776 solius
416 2708 576 2786 ,formae“
603 2707 697 2791 legis.
729 2707 909 2774 Deficiente
931 2707 994 2774 hac
1017 2729 1100 2792 pura
1122 2707 1303 2773 intentione
1318 2705 1465 2772 actiones
1487 2726 1540 2770 se·

289 2815 433 2888 cundum
457 2815 614 2880 Kantium
644 2815 805 2880 obiective
836 2814 965 2896 quidem
996 2817 1134 2898 possunt
1164 2835 1237 2880 esse
1268 2812 1443 2896 ,legales“,
1474 2833 1539 2877 non

290 2942 373 2987 vero
402 2922 580 2998 ,morales“
608 2921 771 3004 (sittlicb).
811 2921 914 2988 Immo
938 2943 979 2986 ne
1002 2921 1105 3004 ipsius
1128 2921 1257 3003 quidem
1282 2921 1411 2986 divinoe
1433 2922 1539 2985 nolun-

288 3032 367 3094 totis
398 3027 519 3093 intuitu
550 3029 671 3112 aliquid
703 3049 802 3112 agere
832 3027 914 3093 haec
947 3027 1155 3106 ,moralitas‘
1188 3025 1366 3110 permitt't;
1397 3025 1431 3090 id
1453 3025 1538 3090 enirn

288 3138 380 3200 esset
393 3133 561 3200 essentiali
579 3135 803 3212 ,autonomiae
816 3133 1015 3200 voluntatis“
1031 3133 1230 3200 substituere
1244 3134 1538 3214 ,laterononiiam“.

288 3279 332 3288 —
351 3241 427 3306 Non
451 3261 531 3307 sane
551 3245 652 3323 negat
668 3240 809 3306 Kantius
833 3239 1025 3306 felicitatem
1048 3260 1176 3322 qnoque
1197 3261 1268 3304 cum
1286 3238 1409 3304 virtute
1424 3237 1540 3304 morali

289 3348 421 3412 interno
445 3347 697 3430 consequentiae
720 3369 808 3412 nexu
832 3369 904 3412 esse
928 3346 1144 3424 coniunctam,
1168 3345 1266 3410 immo
1290 3345 1322 3408 in
1344 3344 1417 3426 ipsa
1436 3345 1539 3421 ,bona

291 3453 497 3531 voluntate‘,
528 3453 548 3518 i.
575 3474 602 3518 e.
627 3453 693 3536 legi
717 3453 854 3518 rationis
878 3473 936 3536 per
960 3452 1069 3516 omnin
1092 3449 1260 3527 conformi,
1292 3471 1540 3516 nonsummum

290 3561 434 3635 tantum,
465 3559 522 3624 sed
551 3563 586 3624 et
609 3559 738 3624 unicum
762 3557 901 3624 hominis
925 3579 990 3640 qua
1012 3557 1183 3623 rationalis
1207 3558 1326 3622 bonum
1348 3555 1448 3622 situm
1468 3577 1540 3622 esse

291 3665 475 3748 profitetur.
524 3665 645 3730 Verum
673 3664 877 3742 felicitatem,
909 3685 1106 3746 quamquam
1129 3667 1167 3728 ut
1188 3662 1385 3748 pedissequa
1408 3662 1540 3728 virtutis

292 3771 480 3854 exspectari
502 3771 619 3837 merito
643 3770 756 3856 possit,
783 3791 846 3836 non
870 3773 982 3836 tamen
1004 3773 1041 3835 ut
1056 3772 1163 3846 finem,
1188 3769 1243 3851 qui
1258 3769 1457 3846 intendatur,
1482 3791 1540 3834 vo·

292 3877 415 3942 luntati
445 3875 599 3942 rationali
630 3897 702 3942 ease
726 3876 937 3961 propositam.
985 3876 1080 3942 Unde
1104 3875 1283 3942 concludit:
1314 3875 1541 3957 Quaecumque

290 3985 375 4048 fiunt
399 4003 441 4048 ex
464 3981 733 4067 propensionibus
758 3981 857 4046 animi
881 3985 938 4047 aut
962 4003 1005 4046 ex
1027 3981 1146 4046 timore
1169 4001 1294 4065 poenae
1317 3981 1371 4047 vel
1394 4003 1452 4065 spe
1467 3981 1540 4047 feli-

290 4089 404 4156 citatis
420 4087 626 4164 obtinendae,
651 4108 714 4152 non
732 4090 808 4152 sunt
823 4089 994 4154 moraliter
1009 4089 1094 4154 bona
1110 4109 1170 4153 nec
1186 4087 1413 4153 aestimatione
1429 4089 1538 4170 digna,

290 4195 370 4280 quia
400 4193 508 4260 studio
541 4191 664 4277 proprii
698 4195 856 4259 commodi
891 4193 1034 4260 animum
1068 4193 1226 4259 moralem
1262 4197 1472 4278 corrumpunt
1506 4199 1541 4260 et

291 4301 451 4366 virtutem
481 4320 540 4365 suo
570 4299 701 4365 interno
730 4299 880 4364 absoluto
904 4301 1012 4383 pretio
1036 4300 1232 4384 exspoliant.
1256 4299 1439 4364 -Eidem
1463 4321 1540 4364 con·

290 4406 440 4473 sentiunt
470 4405 623 4487 vulgaria
654 4405 687 4470 in
719 4426 775 4470 ore
812 4405 1046 4472 kantianorum
1078 4406 1263 4471 axiomata:
1301 4405 1416 4488 ,Legis
1444 4428 1540 4472 reve·

290 4513 401 4579 rentia
424 4515 476 4577 est
504 4511 618 4577 unicus
646 4512 780 4578 moralis
806 4513 939 4599 ἐλατῆρ’*
972 4511 1180 4592 (moralische
1205 4511 1424 4594 Triebfeder);
1461 4513 1540 4591 „nisi

292 4641 335 4686 ex
369 4619 454 4701 legis
481 4617 646 4700 (rationis)
678 4619 865 4684 reverentia
899 4619 1022 4701 aliquid
1054 4621 1126 4695 fiat,
1161 4617 1294 4683 virtutis
1326 4640 1443 4684 nomen
1475 4642 1540 4686 non

385 4873 394 4906 ¹
423 4871 545 4937 ,Handle
570 4888 615 4935 so,
642 4871 705 4924 dass
731 4871 773 4926 die
796 4873 916 4927 Maxime
941 4873 1035 4926 doinus
1055 4872 1172 4927 Willens
1194 4871 1326 4942 jederneit
1350 4872 1473 4939 augleich
1499 4873 1541 4927 als

294 4959 404 5030 Prinaip
414 4961 489 5014 einer
499 4959 679 5027 allgemeinen
689 4960 900 5029 Gesetzgebung
910 4961 1003 5029 gellen
1011 4961 1122 5022 konnte,
1132 4961 1187 5014 und
1198 4961 1234 5014 du
1243 4959 1331 5014 dieses
1341 4961 1541 5029 vernflnftigor·

295 5049 376 5103 weiss
395 5047 466 5102 auch
484 5065 518 5101 zu
537 5047 634 5102 wellen
654 5047 863 5104 vermdcbtest.“
903 5049 997 5104 Kritik
1016 5050 1064 5104 der
1082 5049 1171 5119 prakt.
1190 5048 1328 5102 Vernunft
1346 5049 1363 5116 5
1382 5049 1406 5101 7.

346 5143 454 5196 llayer,
468 5143 507 5185 lus
521 5143 634 5186 naturale.
652 5143 669 5186 1.
687 5143 728 5187 lid.
742 5145 761 5186 2.
1300 5137 1332 5190 10
