3909 5842
532 658 566 711 Π.
585 657 626 711 Da
644 661 707 712 ortu
725 662 753 712 et
771 676 917 729 progressu
935 660 1066 715 scientiae
1085 660 1152 714 iuris
1171 659 1312 715 naturalis.
1478 676 1550 714 xum

294 833 334 899 S.
365 833 398 901 S.
429 833 675 901 Praelectiones
706 835 952 920 philosophicae
988 836 1030 902 ad
1062 840 1206 903 mentem
1238 837 1269 903 S.
1302 837 1447 903 Thomas
1477 840 1550 920 Aq.,

294 937 366 1019 (ed.
384 942 415 1016 2,
432 939 568 1005 Parisiis
587 942 703 1023 leem:
730 943 785 1008 Ch.
802 943 911 1025 Perire,
935 942 1000 1008 Les
1023 943 1085 1009 lois
1110 942 1150 1008 de
1173 943 1206 1009 ls
1222 942 1344 1010 sociate
1361 942 1551 1009 chretienne

294 1044 433 1125 (1875);
459 1048 612 1127 Moralem,
637 1047 779 1130 L'eglise
802 1052 837 1113 et
860 1049 956 1115 l'e'tat
979 1049 1107 1131 (1879).
1139 1049 1319 1115 Praeterea
1342 1048 1552 1131 aliquatenus

293 1152 363 1217 huc
386 1151 581 1219 referendae
604 1157 683 1219 sunt
704 1153 866 1237 plurimae
889 1154 975 1221 alise
999 1154 1192 1221 utilissimae
1222 1154 1483 1233 lucubrationes,
1515 1160 1552 1222 ut

292 1258 337 1324 Ρ.
354 1259 459 1343 Folia,
483 1259 700 1325 Conferences
724 1259 765 1325 de
780 1260 822 1327 N.
840 1262 880 1327 D.
904 1260 1167 1343 (laco-1861),
1194 1262 1334 1344 Chconel,
1359 1260 1423 1327 Les
1447 1260 1551 1328 droits

293 1364 339 1429 de
362 1365 448 1431 Dieu
471 1370 507 1432 et
528 1367 578 1432 les
600 1366 691 1433 idees
714 1368 904 1443 modernam
929 1366 1074 1450 choret,
1099 1368 1145 1432 Le
1161 1368 1310 1450 syllabus
1333 1370 1367 1433 et
1382 1368 1431 1433 les
1447 1368 1552 1452 pleies

293 1470 339 1535 de
362 1471 398 1537 la
420 1470 543 1539 sociate
565 1474 737 1549 moderne;
770 1474 897 1558 Keller,
926 1474 1157 1558 L'encyclique
1186 1479 1221 1541 et
1250 1475 1299 1540 les
1324 1474 1487 1559 principes
1511 1476 1551 1541 de

296 1578 406 1650 1789:
437 1578 554 1661 quibus
584 1582 746 1645 accedunt
774 1580 942 1664 praecipui
971 1584 1177 1664 promotores
1207 1581 1307 1647 studii
1331 1580 1362 1648 S.
1389 1581 1550 1647 Thomas:

291 1706 361 1750 vcra
385 1686 593 1772 Weddinpen,
618 1686 860 1770 L'Elncyclique
883 1688 924 1753 dc
947 1688 979 1753 S.
1005 1687 1036 1754 S.
1062 1688 1150 1753 Leon
1167 1688 1246 1753 XllI
1269 1692 1304 1753 et
1326 1688 1361 1753 la
1383 1692 1551 1753 restaura·

293 1790 369 1856 tion
394 1791 435 1857 de
457 1792 491 1857 la
513 1792 718 1877 philosophie
734 1794 925 1860 chritienne
941 1793 1072 1877 (1880);
1097 1796 1288 1880 Burpuard,
1312 1793 1552 1877 L'Encycliqus

297 1897 459 1974 ,Aeterni
489 1899 617 1966 Patris‘
652 1900 779 1984 (1884).
827 1900 990 1984 Deinceps
1020 1900 1212 1984 plerumque
1243 1922 1317 1966 oum
1346 1900 1553 1985 philosophia

294 2004 387 2070 ratio
411 2006 620 2088 apologetica
643 2012 828 2091 opportune
851 2006 1078 2089 coniungitur,
1103 2012 1140 2073 ut
1163 2007 1196 2071 in
1220 2028 1320 2090 opere
1342 2008 1376 2075 J.
1402 2008 1441 2073 de
1464 2009 1552 2074 Bon-

293 2114 367 2177 m'ot
382 2110 415 2177 S.
431 2112 475 2191 J.‚
499 2113 546 2177 Le
562 2112 698 2179 miracle
716 2118 752 2180 ot
773 2135 828 2180 ses
843 2114 1074 2199 controfacons
1090 2114 1135 2197 (5.
1153 2114 1214 2185 ed..
1234 2114 1350 2194 1895];
1376 2114 1412 2181 P.
1431 2116 1486 2181 Ch.
1509 2116 1550 2181 M.

296 2216 436 2282 docteur
452 2239 491 2283 en
509 2219 605 2298 droit,
621 2220 669 2284 Le
685 2218 774 2286 droit
792 2219 893 2285 social
908 2219 948 2284 de
964 2218 1092 2302 l'eglise
1105 2218 1237 2303 (1892);
1257 2221 1375 2285 a’aooe
1392 2222 1430 2285 de
1444 2221 1549 2300 Baete,

294 2322 363 2387 Les
379 2323 475 2390 bases
491 2324 532 2390 de
547 2325 581 2391 la
596 2326 722 2391 morale
737 2330 772 2392 et
788 2326 831 2392 du
847 2325 936 2391 droit
951 2325 1083 2409 (1892):
1100 2328 1157 2392 Fr.
1175 2326 1259 2391 Xou.
1277 2328 1441 2411 Schorcppe
1458 2326 1489 2394 S.
1505 2327 1548 2403 J.‚

293 2426 345 2493 Le
373 2430 452 2513 plan
483 2430 572 2495 divin
599 2432 641 2496 de
667 2431 835 2498 l'univers.
881 2435 1007 2515 Aspeot
1037 2429 1284 2515 philosophique
1308 2431 1350 2496 du
1373 2432 1491 2497 monde
1515 2436 1549 2497 et

294 2535 339 2600 de
369 2558 428 2601 son
459 2537 607 2605 histoire.
654 2538 846 2605 Eutretiens
876 2542 969 2604 entre
1001 2560 1042 2603 un
1075 2542 1196 2604 savant
1225 2538 1423 2605 naturaliate
1447 2543 1481 2605 et
1505 2560 1547 2603 un

293 2641 487 2726 theologico
503 2642 630 2728 (1900).
653 2682 698 2689 —
720 2644 789 2709 Iuri
811 2649 951 2711 naturae
974 2666 1040 2711 non
1065 2644 1171 2710 minus
1194 2666 1293 2727 quam
1313 2645 1374 2709 iuri
1392 2644 1547 2711 canonico

293 2749 438 2815 inservit
460 2754 501 2817 A.
518 2752 718 2817 Vermecrach
743 2752 774 2818 S.
791 2752 834 2829 J.‚
859 2751 1070 2833 quaestiones
1094 2751 1135 2816 de
1154 2750 1282 2817 iustitia
1305 2752 1347 2816 ad
1371 2772 1465 2817 usum
1489 2752 1548 2817 ho·

297 2853 449 2921 diernum
472 2856 669 2923 scholastice
693 2857 883 2940 disputatae
906 2858 1033 2939 (1901).

388 2962 522 3029 Interim
547 2968 582 3029 et
597 2963 719 3046 Anglia
743 2965 907 3048 catholica,
931 2985 952 3029 a
975 2965 1106 3029 saeculo
1130 2984 1190 3047 pro
1215 2963 1339 3029 viribus
1362 2963 1411 3029 rei
1434 2964 1548 3030 catho-

295 3068 382 3135 licae
404 3070 515 3136 latiori
537 3070 773 3136 restaurationi
796 3070 942 3147 intenta,
966 3069 1083 3152 dignos
1106 3070 1288 3135 studiorum
1313 3070 1546 3135 catholicorum

297 3178 429 3244 fructus
452 3178 597 3245 exhibet.
644 3181 745 3245 Suom
774 3178 809 3242 in
838 3177 901 3243 hac
924 3197 961 3242 re
990 3176 1157 3260 propriam
1182 3197 1221 3241 ac
1244 3175 1419 3259 specialem
1443 3176 1548 3241 histo·

295 3284 383 3349 rism
412 3284 529 3364 habet,
561 3284 653 3350 cuius
680 3284 876 3351 memoriam
906 3282 1056 3366 suggerit
1079 3282 1115 3348 P.
1145 3283 1294 3349 lhureon
1318 3284 1468 3367 Dorzpin,
1500 3283 1548 3347 La

295 3389 522 3456 Renaissanoe
545 3391 732 3474 catholique
755 3412 796 3457 en
815 3391 1014 3472 Angleterre
1037 3410 1079 3454 au
1095 3389 1182 3454 XlX⁶
1205 3389 1304 3455 siecle
1328 3386 1456 3472 (1903).
1488 3388 1547 3454 Ce-

295 3498 408 3561 terum
433 3500 548 3562 notum
565 3502 627 3575 est,
653 3518 750 3580 quarn
767 3496 900 3562 assidue
924 3499 958 3561 et
973 3498 1097 3577 quanto
1114 3514 1267 3560 successu
1282 3496 1435 3561 doctores
1459 3496 1547 3577 angli

295 3602 454 3669 catholici
477 3625 498 3669 a
513 3603 682 3670 decenniis
705 3602 777 3669 sive
792 3602 926 3687 scriptis
941 3602 1034 3667 libris
1050 3602 1121 3667 sive
1138 3602 1271 3684 organis
1286 3602 1425 3685 publicis
1441 3602 1548 3685 perio·

296 3709 392 3788 dicis,
416 3714 455 3775 ut
477 3710 594 3777 Month
618 3715 653 3777 et
668 3710 789 3775 Dublin
807 3710 941 3775 Revicw
965 3712 1040 3787 etc,
1065 3708 1285 3775 adtuendam
1310 3707 1549 3791 philosophiam

295 3837 379 3881 vere
402 3816 615 3882 christianam
647 3820 681 3883 et
711 3817 753 3882 ad
784 3836 913 3881 omnem
943 3815 1103 3883 scientiae
1134 3814 1316 3880 catholicae
1339 3834 1548 3897 progressum

295 3943 373 3987 cum
396 3921 536 3987 aliarum
559 3923 729 3987 nationum
754 3922 889 3987 ducibus
914 3920 1082 4005 cooperati
1107 3920 1183 3986 sint.

389 4029 426 4092 ln
452 4031 631 4094 Gerrnonia
655 4032 690 4094 et
711 4030 849 4094 Austris
872 4029 914 4093 ad
938 4028 1129 4111 diligentius
1152 4026 1354 4092 revolvenda
1376 4024 1550 4091 scholasti-

296 4154 413 4199 corum
422 4132 589 4199 volumina
599 4133 803 4199 occasionem
815 4133 913 4199 simul
925 4138 959 4198 et
971 4132 1147 4217 impulsum
1160 4130 1250 4197 dedit
1259 4132 1291 4197 J.
1299 4132 1456 4217 Κῐειιέρεη7
1465 4130 1496 4195 S.
1506 4130 1527 4195 J
1530 4179 1548 4207 .,

295 4238 478 4322 Theologie
502 4240 561 4305 der
575 4240 712 4307 Vorzeit
727 4240 843 4323 (1853)
868 4244 902 4306 et
917 4238 1127 4323 Philosophia
1148 4238 1207 4303 der
1222 4237 1357 4303 Vorzeit
1373 4237 1474 4319 (1860
1499 4234 1549 4301 bis

298 4346 412 4427 1863).
448 4346 556 4424 Quare
572 4347 656 4414 etin
678 4369 804 4413 morum
828 4369 867 4413 ac
890 4348 970 4412 iuris
994 4346 1200 4431 philosophia
1224 4345 1433 4428 antiquorum
1457 4344 1547 4427 prin·

296 4452 385 4536 cipia
399 4452 434 4517 in
450 4452 519 4518 dies
542 4452 649 4535 magis
673 4452 843 4519 aestimari
866 4458 965 4534 atque
990 4450 1209 4532 redintegrari
1233 4454 1421 4535 coeperunt.
1461 4449 1547 4515 Hinc

295 4560 424 4627 factum
448 4564 510 4639 cst,
534 4564 572 4626 ut
594 4560 746 4627 doctores
770 4560 924 4625 catholici
948 4559 1003 4624 vel
1026 4558 1060 4623 in
1083 4558 1163 4623 iuris
1187 4556 1425 4641 philosophiam
1449 4556 1549 4638 vulgo

295 4674 466 4752 receptam
497 4669 644 4735 salutare
674 4667 871 4735 catholicum
902 4666 1113 4732 moderamen
1141 4664 1318 4743 inferrent,
1350 4668 1387 4729 ut
1411 4665 1487 4749 Moy
1510 4666 1550 4729 de

296 4778 390 4857 Sans,
415 4779 451 4840 et
466 4776 504 4840 F.
522 4775 650 4857 Walter,
675 4775 729 4839 vel
745 4774 846 4839 etiam
862 4773 1011 4839 funditus
1027 4772 1181 4838 socialem
1199 4772 1345 4837 ordinem
1362 4768 1549 4837 christianis

295 4881 531 4960 fundamentis,
549 4901 592 4945 ex
608 4880 720 4946 divina
735 4878 941 4945 revelatione
956 4878 1080 4962 petitis,
1098 4882 1326 4961 superstruere
1339 4881 1547 4951 conarentur,

296 4992 333 5054 ut
348 4988 467 5053 (lomes
483 4990 523 5053 de
538 4988 697 5070 Brendis,
720 4988 790 5052 Der
806 4984 903 5052 Staat
918 4986 978 5051 suf
993 4984 1198 5051 christhcher
1214 4983 1403 5065 Grundlage
1419 4980 1546 5065 (1860).
