3909 5842
711 676 751 731 Do
773 675 920 747 „principio
938 673 1129 730 moralitatia‘.
1477 677 1539 742 153

288 851 368 938 cipii
392 853 557 920 notionem
581 855 675 940 parvi
700 855 813 933 refert,
837 858 902 921 sice
924 854 979 920 ille
996 854 1162 920 actionum
1177 853 1353 919 liberarum
1370 858 1540 938 respectus

265 1041 267 1044 Ι
288 960 334 1024 ad
350 961 456 1026 Deum
481 981 546 1044 qua
568 961 708 1028 hominis
730 964 827 1028 finem
851 961 1004 1028 ultimum
1017 961 1201 1045 formaliter
1216 958 1346 1026 dicatur
1360 979 1452 1024 amor
1467 960 1539 1038 Dei,

288 1069 357 1132 sive
387 1067 581 1135 assimilatio
612 1089 685 1134 cum
708 1070 789 1147 Deo,
821 1071 884 1134 sice
915 1067 1129 1134 conformitas
1159 1087 1232 1131 cum
1263 1065 1382 1130 divinis
1412 1066 1539 1150 perfec-

289 1171 447 1252 tionibus,
477 1177 542 1241 sice
572 1173 788 1240 conformatio
813 1195 885 1240 eum
909 1173 1022 1239 divina
1043 1173 1217 1240 voluntate
1240 1171 1390 1238 absolute
1413 1176 1539 1249 sancta,

289 1281 356 1344 aive
378 1279 592 1347 conformitas
608 1301 681 1346 curn
698 1279 810 1346 divina
824 1279 962 1358 ratione,
988 1279 1141 1344 absoluta
1156 1277 1260 1344 omnis
1277 1277 1399 1344 ordinis
1414 1299 1539 1357 norma,

290 1391 327 1452 et
350 1385 402 1451 his
425 1386 575 1454 similia¹.
656 1455 662 1472 ,

383 1491 586 1575 Ubicumque
609 1494 691 1558 haec
714 1492 912 1560 christianae
935 1491 1161 1576 philosophiae
1181 1490 1349 1558 hereditas
1363 1491 1399 1557 in
1419 1490 1540 1557 scholis

290 1598 432 1682 publicis
455 1601 597 1667 fideliter
623 1601 830 1677 servabatur,
861 1621 922 1666 nec
946 1599 1141 1666 desiderium
1165 1620 1225 1666 nec
1248 1620 1330 1682 opus
1353 1602 1426 1664 erat
1453 1618 1541 1662 nova

290 1705 324 1770 in
349 1705 420 1772 dies
444 1707 571 1772 ethicae
594 1706 762 1772 doctrinae
786 1705 1002 1771 fundamenta
1024 1725 1175 1787 novaque
1198 1709 1383 1788 systemata
1406 1702 1539 1786 excogi-

289 1815 376 1878 tare.
424 1813 509 1878 Hine
540 1817 608 1892 est,
641 1813 728 1897 quod
759 1813 943 1880 recentiore
975 1833 1059 1878 aevo
1092 1811 1251 1878 eiusmodi
1283 1809 1539 1895 philosophicam

291 1917 541 1996 fecunditatem,
563 1919 649 1986 haud
666 1919 885 1996 invidendum,
903 1919 936 1984 in
953 1919 1001 1985 eis
1016 1919 1220 2004 potissimum
1238 1917 1369 1984 sedibus
1392 1917 1541 1983 culturae

291 2025 477 2092 animorum
505 2026 703 2092 uberrimam
727 2025 828 2094 fuisse
852 2026 1011 2104 videmus,
1044 2046 1128 2109 quae
1161 2024 1335 2110 repudiata
1359 2022 1541 2090 catholicae

290 2131 481 2198 traditionis
505 2133 731 2200 commuuione
754 2135 796 2200 ad
817 2134 990 2218 gentilium
1007 2133 1160 2218 opinandi
1176 2137 1277 2215 atque
1292 2130 1424 2198 errandi
1440 2129 1540 2194 liceu-

290 2237 373 2304 tiam
398 2237 575 2322 confugere
599 2258 695 2321 quam
720 2241 794 2305 tuto
815 2239 983 2323 possidere
1006 2242 1130 2305 certam
1152 2237 1327 2304 veritatem
1344 2235 1539 2302 maluerunt.

560 2412 592 2466 B.
611 2410 733 2475 Quadam
751 2427 863 2466 amorum
880 2410 967 2482 capita
985 2409 1073 2466 antica
1090 2407 1265 2465 nutriuntur.

291 2515 356 2586 177.
448 2519 486 2584 In
509 2519 694 2586 refutandis
716 2519 884 2605 principiis
907 2540 949 2584 ex
973 2523 1046 2586 tota
1068 2539 1129 2585 sua
1144 2517 1272 2584 ratione
1287 2517 1321 2583 in
1337 2537 1449 2583 crasso
1464 2535 1540 2582 sen-

291 2626 451 2693 sualismo
480 2627 628 2695 fundatis
657 2649 722 2692 non
753 2632 804 2694 est
836 2627 922 2710 quod
954 2627 1174 2700 immoremur,
1208 2645 1280 2691 cum
1310 2623 1393 2689 satis
1422 2643 1482 2706 per
1504 2643 1540 2688 se

290 2732 366 2817 ipsa
389 2732 548 2798 falsitatis
572 2738 765 2816 arguantur.
797 2735 940 2800 Interest
962 2732 1082 2816 potius,
1106 2737 1144 2798 ut
1167 2751 1302 2816 caprae
1318 2728 1438 2796 ceteris
1454 2749 1540 2794 sum·

290 2839 397 2905 mario
422 2841 531 2922 aliquo
555 2840 669 2906 critico
689 2840 840 2906 examine
855 2841 1043 2916 lustremus,
1068 2839 1100 2904 in
1117 2838 1322 2921 quibuscum
1339 2857 1450 2902 errore
1465 2856 1540 2919 per-

290 2945 399 3012 mixta
422 2945 629 3028 aliquatenus
652 2945 777 3013 veritas
800 2949 948 3029 apparet.

383 3083 539 3166 Thetis
566 3083 685 3166 XVI·
730 3109 849 3170 Nullus
880 3113 1057 3186 respectus
1088 3107 1248 3170 utilitatis
1279 3106 1352 3170 sive
1381 3105 1538 3182 propriae

288 3203 365 3268 sive
394 3205 581 3266 communis
610 3223 670 3268 seu
698 3205 835 3268 socialis
863 3223 924 3284 per
951 3223 989 3268 se
1017 3207 1126 3268 solum
1150 3205 1352 3268 obiectiram
1372 3201 1537 3264 bonitatis

289 3301 431 3364 moralis
452 3301 619 3364 rationem
648 3302 899 3365 formaliter
920 3303 1076 3382 exhibot3
1105 3301 1401 3365 materialiter
1423 3305 1538 3362 tamen

290 3417 369 3462 cum
392 3399 507 3462 eadem
528 3416 717 3480 congruere
738 3403 861 3477 potest.

382 3517 688 3584 Praenotanda.
720 3518 903 3602 Respectus
920 3518 1075 3586 utilitatis
1095 3518 1128 3583 in
1152 3518 1215 3584 hac
1240 3516 1423 3584 assertione
1440 3515 1538 3581 intel·

289 3623 450 3708 legendus
471 3629 522 3690 est
543 3623 714 3702 latissime,
740 3645 869 3692 omnem
892 3626 1161 3708 qualemcumque
1185 3623 1462 3709 comprehendens
1482 3643 1537 3688 ac·

288 3731 390 3797 tionis
407 3730 600 3797 relationem
616 3731 970 3816 eudaemonologicam‚
995 3753 1060 3814 qua
1075 3731 1134 3797 illa
1148 3735 1318 3813 tamquam
1334 3730 1475 3796 medium
1494 3729 1537 3795 ad

290 3837 424 3920 aliquod
446 3835 586 3902 hominis
604 3837 722 3904 bonum
740 3838 810 3904 sive
834 3860 946 3904 verum
972 3838 1043 3904 sivo
1067 3859 1230 3924 apparens
1253 3836 1438 3903 formaliter
1460 3858 1538 3902 cou-

383 4039 390 4070 ¹
411 4037 528 4090 Εᾶιιανᾱ
552 4054 574 4088 v.
595 4037 767 4105 Hammona,
793 4035 952 4091 notissimus
976 4054 1025 4106 per
1048 4035 1221 4090 Germaniam
1247 4033 1538 4106 pseudophilosopbiae

290 4131 468 4198 propagator,
486 4143 540 4179 non
558 4129 670 4179 veretur
687 4125 874 4180 catholiciemo
892 4129 1033 4195 tamquam
1051 4125 1188 4195 proprium
1207 4125 1356 4180 attribuere
1375 4125 1536 4195 principium

290 4214 462 4278 moralitatis,
482 4214 551 4283 quod
565 4217 647 4269 vocat
662 4215 849 4280 „auctoritatis
862 4214 1081 4269 ecclesiasticae*
1097 4218 1126 4268 et
1136 4214 1177 4268 ita
1189 4213 1334 4270 describit:
1356 4213 1427 4280 ‚Das
1439 4213 1537 4267 Moral-

291 4305 395 4376 prinzip
415 4304 463 4358 der
480 4302 650 4358 kirehlichen
670 4303 809 4358 Antoritllt
827 4303 931 4358 erkltrt
950 4322 1005 4356 nior
1023 4305 1092 4356 Eine
1111 4303 1155 4356 idr
1173 4301 1277 4356 sittlich
1296 4302 1361 4356 oder
1379 4301 1536 4356 unsittlich:

291 4396 340 4447 den
363 4393 510 4446 Gehoraom
536 4393 601 4444 oder
619 4395 670 4444 dea
688 4393 865 4459 llnpehoraom
884 4410 964 4460 pepon
983 4394 1027 4445 die
1044 4393 1229 4458 Voraclrriften
1247 4393 1296 4445 der
1313 4388 1442 4456 Kirche“;
1465 4391 1537 4444 unde

291 4483 358 4537 illud
384 4484 509 4536 recenset
526 4479 555 4534 in
574 4480 677 4549 capita,
703 4481 775 4549 quod
793 4480 950 4534 inscribitur
971 4480 1168 4546 „Heteronome
1188 4477 1396 4533 Pseudomoral‘
1420 4479 1536 4545 (Phano-

290 4569 442 4638 menologia
461 4568 509 4623 des
526 4569 666 4624 aittlirhen
684 4569 899 4634 Bewusstsains,
919 4570 1010 4624 Berlin
1031 4568 1108 4633 1879,
1127 4569 1183 4637 80).
1203 4597 1238 4606 -
1256 4569 1370 4622 Miseret
1388 4569 1537 4638 scriptoris,

290 4660 336 4729 qui
356 4659 425 4712 haec
444 4658 588 4729 propinare
606 4659 689 4712 audet
707 4658 734 4712 in
754 4659 843 4712 media
860 4659 921 4712 luce
940 4659 1068 4719 testium.
1087 4658 1183 4728 quales
1201 4662 1266 4712 sunt
1284 4657 1443 4712 nouaclum
1461 4657 1537 4711 volu-

289 4747 364 4804 mina
383 4745 410 4800 S.
429 4745 548 4800 Thomas
568 4749 632 4816 Aq,
657 4748 704 4801 sed
724 4747 842 4802 omnium
862 4746 942 4816 plane
961 4747 1101 4801 doctorum
1120 4745 1327 4808 catholicorum,
1352 4748 1485 4814 quotquot
1503 4745 1537 4798 de

290 4855 319 4892 re
344 4833 442 4890 morali
467 4835 652 4906 philosophice
671 4839 793 4904 egerunt.
820 4865 855 4873 -
880 4836 971 4904 Magis
990 4840 1083 4889 autem
1100 4835 1269 4898 mirandum,
1295 4835 1366 4902 quod
1385 4833 1537 4902 theologiae

289 4925 503 4996 protestanticae
522 4923 620 4987 lumen,
640 4923 686 4978 Dr.
706 4925 869 4992 llortmaen,
889 4924 989 4978 similia
1007 4942 1130 4979 asserere
1148 4942 1200 4978 non
1220 4929 1339 4977 veretur.
1372 4921 1412 4977 Cf.
1433 4921 1536 4976 Christ-

289 5011 359 5068 liche
379 5010 463 5065 Ethik
482 5013 496 5066 Ι
515 5011 610 5080 (1878)
629 5011 646 5078 ᾗ
666 5013 690 5076 9,
709 5029 734 5082 p.
755 5011 797 5067 37.
