<?xml version="1.0" encoding="UTF-8"?>
<!DOCTYPE html PUBLIC "-//W3C//DTD XHTML 1.0 Transitional//EN"
    "http://www.w3.org/TR/xhtml1/DTD/xhtml1-transitional.dtd">
<html xmlns="http://www.w3.org/1999/xhtml" xml:lang="en" lang="en">
 <head>
  <title>
</title>
<meta http-equiv="Content-Type" content="text/html;charset=utf-8" />
  <meta name='ocr-system' content='tesseract 3.04.00' />
  <meta name='ocr-capabilities' content='ocr_page ocr_carea ocr_par ocr_line ocrx_word'/>
</head>
<body>
  <div class='ocr_page' id='page_1' title='image "./institutionesiu00meyegoog_0211.png"; bbox 0 0 3909 5842; ppageno 0'>
   <div class='ocr_carea' id='block_1_1' title="bbox 709 701 1537 776">
    <p class='ocr_par' dir='ltr' id='par_1_1' title="bbox 709 701 1537 776">
     <span class='ocr_line' id='line_1_1' title="bbox 709 701 1537 776; baseline 0.007 -17"><span class='ocrx_word' id='word_1_1' title='bbox 709 703 749 759; x_wconf 88' lang='lat' dir='ltr'><strong>De</strong></span> <span class='ocrx_word' id='word_1_2' title='bbox 771 703 917 776; x_wconf 84' lang='lat' dir='ltr'><strong>,principio</strong></span> <span class='ocrx_word' id='word_1_3' title='bbox 936 701 1126 757; x_wconf 82' lang='lat' dir='ltr'><strong>moralitatis‘.</strong></span> <span class='ocrx_word' id='word_1_4' title='bbox 1476 701 1537 765; x_wconf 87' lang='lat'><strong>159</strong></span> 
     </span>
    </p>
   </div>
   <div class='ocr_carea' id='block_1_2' title="bbox 288 873 1541 1500">
    <p class='ocr_par' dir='ltr' id='par_1_2' title="bbox 288 873 1541 1500">
     <span class='ocr_line' id='line_1_2' title="bbox 288 873 1540 964; baseline -0.01 -13"><span class='ocrx_word' id='word_1_5' title='bbox 288 885 457 952; x_wconf 84' lang='lat' dir='ltr'><strong>collocata</strong></span> <span class='ocrx_word' id='word_1_6' title='bbox 481 884 534 963; x_wconf 87' lang='lat' dir='ltr'><strong>sit,</strong></span> <span class='ocrx_word' id='word_1_7' title='bbox 559 883 716 950; x_wconf 75' lang='lat' dir='ltr'><strong>scientiae</strong></span> <span class='ocrx_word' id='word_1_8' title='bbox 739 882 873 948; x_wconf 90' lang='lat' dir='ltr'><strong>moralis</strong></span> <span class='ocrx_word' id='word_1_9' title='bbox 896 878 1122 964; x_wconf 88' lang='lat' dir='ltr'><strong>speculativae</strong></span> <span class='ocrx_word' id='word_1_10' title='bbox 1139 878 1246 960; x_wconf 83' lang='lat' dir='ltr'><strong>magis</strong></span> <span class='ocrx_word' id='word_1_11' title='bbox 1262 897 1358 959; x_wconf 90' lang='lat' dir='ltr'><strong>quam</strong></span> <span class='ocrx_word' id='word_1_12' title='bbox 1374 873 1540 959; x_wconf 78' lang='lat' dir='ltr'><strong>practicae</strong></span> 
     </span>
     <span class='ocr_line' id='line_1_3' title="bbox 289 982 1540 1069; baseline -0.008 -14"><span class='ocrx_word' id='word_1_13' title='bbox 289 989 464 1058; x_wconf 88' lang='lat' dir='ltr'><strong>iuteresse.</strong></span> <span class='ocrx_word' id='word_1_14' title='bbox 511 989 730 1056; x_wconf 84' lang='lat' dir='ltr'><strong>Nihilominus</strong></span> <span class='ocrx_word' id='word_1_15' title='bbox 754 1010 793 1055; x_wconf 89' lang='lat' dir='ltr'><strong>ea</strong></span> <span class='ocrx_word' id='word_1_16' title='bbox 821 989 921 1054; x_wconf 88' lang='lat' dir='ltr'><strong>etiam</strong></span> <span class='ocrx_word' id='word_1_17' title='bbox 948 985 1104 1051; x_wconf 88' lang='lat' dir='ltr'><strong>hocloco</strong></span> <span class='ocrx_word' id='word_1_18' title='bbox 1127 982 1369 1069; x_wconf 86' lang='lat' dir='ltr'><strong>praetereunda</strong></span> <span class='ocrx_word' id='word_1_19' title='bbox 1390 983 1540 1057; x_wconf 90' lang='lat' dir='ltr'><strong>nonest,</strong></span> 
     </span>
     <span class='ocr_line' id='line_1_4' title="bbox 290 1083 1541 1182; baseline -0.007 -20"><span class='ocrx_word' id='word_1_20' title='bbox 290 1097 363 1162; x_wconf 87' lang='lat' dir='ltr'><strong>sive</strong></span> <span class='ocrx_word' id='word_1_21' title='bbox 387 1096 476 1180; x_wconf 89' lang='lat' dir='ltr'><strong>quod</strong></span> <span class='ocrx_word' id='word_1_22' title='bbox 499 1117 617 1182; x_wconf 89' lang='lat' dir='ltr'><strong>perse</strong></span> <span class='ocrx_word' id='word_1_23' title='bbox 640 1095 682 1161; x_wconf 95' lang='lat' dir='ltr'><strong>ad</strong></span> <span class='ocrx_word' id='word_1_24' title='bbox 705 1093 863 1160; x_wconf 78' lang='lat' dir='ltr'><strong>scientiae</strong></span> <span class='ocrx_word' id='word_1_25' title='bbox 886 1091 1115 1174; x_wconf 90' lang='lat' dir='ltr'><strong>integritatem</strong></span> <span class='ocrx_word' id='word_1_26' title='bbox 1138 1089 1325 1172; x_wconf 83' lang='lat' dir='ltr'><strong>requiritur,</strong></span> <span class='ocrx_word' id='word_1_27' title='bbox 1356 1087 1427 1154; x_wconf 89' lang='lat' dir='ltr'><strong>sive</strong></span> <span class='ocrx_word' id='word_1_28' title='bbox 1454 1083 1541 1168; x_wconf 85' lang='lat' dir='ltr'><strong>quod</strong></span> 
     </span>
     <span class='ocr_line' id='line_1_5' title="bbox 291 1192 1541 1286; baseline -0.008 -18"><span class='ocrx_word' id='word_1_29' title='bbox 291 1223 417 1282; x_wconf 89' lang='lat' dir='ltr'><strong>eorum,</strong></span> <span class='ocrx_word' id='word_1_30' title='bbox 443 1223 526 1286; x_wconf 86' lang='lat' dir='ltr'><strong>quae</strong></span> <span class='ocrx_word' id='word_1_31' title='bbox 549 1201 637 1268; x_wconf 88' lang='lat' dir='ltr'><strong>infra</strong></span> <span class='ocrx_word' id='word_1_32' title='bbox 659 1201 699 1266; x_wconf 86' lang='lat' dir='ltr'><strong>de</strong></span> <span class='ocrx_word' id='word_1_33' title='bbox 714 1201 788 1284; x_wconf 86' lang='lat' dir='ltr'><strong>lege</strong></span> <span class='ocrx_word' id='word_1_34' title='bbox 804 1199 948 1266; x_wconf 84' lang='lat' dir='ltr'><strong>naturali</strong></span> <span class='ocrx_word' id='word_1_35' title='bbox 964 1197 1101 1264; x_wconf 89' lang='lat' dir='ltr'><strong>dicenda</strong></span> <span class='ocrx_word' id='word_1_36' title='bbox 1116 1201 1223 1274; x_wconf 90' lang='lat' dir='ltr'><strong>erunt,</strong></span> <span class='ocrx_word' id='word_1_37' title='bbox 1239 1192 1426 1261; x_wconf 87' lang='lat' dir='ltr'><strong>necessaria</strong></span> <span class='ocrx_word' id='word_1_38' title='bbox 1441 1212 1541 1275; x_wconf 89' lang='lat' dir='ltr'><strong>quae-</strong></span> 
     </span>
     <span class='ocr_line' id='line_1_6' title="bbox 292 1297 1541 1388; baseline -0.009 -14"><span class='ocrx_word' id='word_1_39' title='bbox 292 1309 368 1376; x_wconf 90' lang='lat' dir='ltr'><strong>dam</strong></span> <span class='ocrx_word' id='word_1_40' title='bbox 392 1308 519 1376; x_wconf 90' lang='lat' dir='ltr'><strong>semina</strong></span> <span class='ocrx_word' id='word_1_41' title='bbox 543 1329 582 1374; x_wconf 91' lang='lat' dir='ltr'><strong>ac</strong></span> <span class='ocrx_word' id='word_1_42' title='bbox 603 1307 818 1373; x_wconf 82' lang='lat' dir='ltr'><strong>fundamenta</strong></span> <span class='ocrx_word' id='word_1_43' title='bbox 838 1309 1022 1388; x_wconf 84' lang='lat' dir='ltr'><strong>opportune</strong></span> <span class='ocrx_word' id='word_1_44' title='bbox 1037 1302 1253 1387; x_wconf 88' lang='lat' dir='ltr'><strong>praesignata</strong></span> <span class='ocrx_word' id='word_1_45' title='bbox 1268 1299 1424 1366; x_wconf 87' lang='lat' dir='ltr'><strong>continet.</strong></span> <span class='ocrx_word' id='word_1_46' title='bbox 1454 1297 1541 1374; x_wconf 86' lang='lat' dir='ltr'><strong>Qua-</strong></span> 
     </span>
     <span class='ocr_line' id='line_1_7' title="bbox 291 1414 611 1500; baseline -0.003 -20"><span class='ocrx_word' id='word_1_47' title='bbox 291 1420 431 1500; x_wconf 86' lang='lat' dir='ltr'><strong>propter</strong></span> <span class='ocrx_word' id='word_1_48' title='bbox 453 1414 611 1483; x_wconf 84' lang='lat' dir='ltr'><strong>statuitur</strong></span> 
     </span>
    </p>
   </div>
   <div class='ocr_carea' id='block_1_3' title="bbox 292 1549 1545 2624">
    <p class='ocr_par' dir='ltr' id='par_1_3' title="bbox 292 1549 1543 1833">
     <span class='ocr_line' id='line_1_8' title="bbox 292 1549 1543 1654; baseline -0.002 -23"><span class='ocrx_word' id='word_1_49' title='bbox 292 1559 359 1632; x_wconf 84' lang='lat'>182.</span> <span class='ocrx_word' id='word_1_50' title='bbox 444 1551 600 1634; x_wconf 75' lang='lat' dir='ltr'><strong>&#39;l&#39;hesls</strong></span> <span class='ocrx_word' id='word_1_51' title='bbox 615 1549 781 1634; x_wconf 77' lang='lat' dir='ltr'><strong>XVIII.</strong></span> <span class='ocrx_word' id='word_1_52' title='bbox 810 1571 1046 1654; x_wconf 84' lang='lat' dir='ltr'><strong>0ntologicum</strong></span> <span class='ocrx_word' id='word_1_53' title='bbox 1060 1571 1244 1634; x_wconf 83' lang='lat' dir='ltr'><strong>discrimen</strong></span> <span class='ocrx_word' id='word_1_54' title='bbox 1257 1571 1349 1632; x_wconf 90' lang='lat' dir='ltr'><strong>inter</strong></span> <span class='ocrx_word' id='word_1_55' title='bbox 1363 1568 1543 1631; x_wconf 86' lang='lat' dir='ltr'><strong>honestum</strong></span> 
     </span>
     <span class='ocr_line' id='line_1_9' title="bbox 293 1665 1542 1734; baseline -0.006 0"><span class='ocrx_word' id='word_1_56' title='bbox 293 1677 327 1734; x_wconf 90' lang='lat' dir='ltr'><strong>et</strong></span> <span class='ocrx_word' id='word_1_57' title='bbox 342 1671 561 1734; x_wconf 87' lang='lat' dir='ltr'><strong>inhonestum</strong></span> <span class='ocrx_word' id='word_1_58' title='bbox 575 1671 767 1734; x_wconf 83' lang='lat' dir='ltr'><strong>formaliter</strong></span> <span class='ocrx_word' id='word_1_59' title='bbox 782 1675 816 1733; x_wconf 91' lang='lat' dir='ltr'><strong>et</strong></span> <span class='ocrx_word' id='word_1_60' title='bbox 831 1670 986 1734; x_wconf 84' lang='lat' dir='ltr'><strong>absolute</strong></span> <span class='ocrx_word' id='word_1_61' title='bbox 1000 1668 1038 1730; x_wconf 87' lang='lat' dir='ltr'><strong>in</strong></span> <span class='ocrx_word' id='word_1_62' title='bbox 1053 1668 1292 1732; x_wconf 80' lang='lat' dir='ltr'><strong>conformitate</strong></span> <span class='ocrx_word' id='word_1_63' title='bbox 1307 1671 1367 1728; x_wconf 87' lang='lat' dir='ltr'><strong>aut</strong></span> <span class='ocrx_word' id='word_1_64' title='bbox 1382 1665 1542 1727; x_wconf 74' lang='lat' dir='ltr'><strong>difformi-</strong></span> 
     </span>
     <span class='ocr_line' id='line_1_10' title="bbox 293 1766 948 1833; baseline -0.005 -2"><span class='ocrx_word' id='word_1_65' title='bbox 293 1773 365 1831; x_wconf 86' lang='lat' dir='ltr'><strong>tate</strong></span> <span class='ocrx_word' id='word_1_66' title='bbox 388 1786 464 1830; x_wconf 90' lang='lat' dir='ltr'><strong>cum</strong></span> <span class='ocrx_word' id='word_1_67' title='bbox 485 1767 602 1833; x_wconf 83' lang='lat' dir='ltr'><strong>diuina</strong></span> <span class='ocrx_word' id='word_1_68' title='bbox 621 1766 756 1830; x_wconf 87' lang='lat' dir='ltr'><strong>ratione</strong></span> <span class='ocrx_word' id='word_1_69' title='bbox 778 1767 948 1830; x_wconf 88' lang='lat' dir='ltr'><strong>consistit.</strong></span> 
     </span>
    </p>

    <p class='ocr_par' dir='ltr' id='par_1_4' title="bbox 295 1881 1543 2186">
     <span class='ocr_line' id='line_1_11' title="bbox 386 1881 1542 1967; baseline -0.007 -15"><span class='ocrx_word' id='word_1_70' title='bbox 386 1886 692 1953; x_wconf 78' lang='lat' dir='ltr'><strong>praenotanda.</strong></span> <span class='ocrx_word' id='word_1_71' title='bbox 740 1885 838 1953; x_wconf 86' lang='lat' dir='ltr'><strong>Ratio</strong></span> <span class='ocrx_word' id='word_1_72' title='bbox 870 1885 982 1952; x_wconf 85' lang='lat' dir='ltr'><strong>divina</strong></span> <span class='ocrx_word' id='word_1_73' title='bbox 1011 1885 1099 1951; x_wconf 90' lang='lat' dir='ltr'><strong>aliud</strong></span> <span class='ocrx_word' id='word_1_74' title='bbox 1123 1906 1188 1950; x_wconf 93' lang='lat' dir='ltr'><strong>non</strong></span> <span class='ocrx_word' id='word_1_75' title='bbox 1212 1883 1292 1950; x_wconf 89' lang='lat' dir='ltr'><strong>dicit</strong></span> <span class='ocrx_word' id='word_1_76' title='bbox 1314 1904 1413 1967; x_wconf 88' lang='lat' dir='ltr'><strong>qnam</strong></span> <span class='ocrx_word' id='word_1_77' title='bbox 1437 1881 1542 1966; x_wconf 85' lang='lat' dir='ltr'><strong>ipsam</strong></span> 
     </span>
     <span class='ocr_line' id='line_1_12' title="bbox 295 1987 1543 2078; baseline -0.006 -19"><span class='ocrx_word' id='word_1_78' title='bbox 295 1995 441 2060; x_wconf 81' lang='lat' dir='ltr'><strong>divinam</strong></span> <span class='ocrx_word' id='word_1_79' title='bbox 460 1997 621 2072; x_wconf 89' lang='lat' dir='ltr'><strong>naturam,</strong></span> <span class='ocrx_word' id='word_1_80' title='bbox 647 1996 745 2078; x_wconf 88' lang='lat' dir='ltr'><strong>prout</strong></span> <span class='ocrx_word' id='word_1_81' title='bbox 765 1993 918 2059; x_wconf 88' lang='lat' dir='ltr'><strong>absoluta</strong></span> <span class='ocrx_word' id='word_1_82' title='bbox 941 1992 1102 2058; x_wconf 89' lang='lat' dir='ltr'><strong>sauctitas</strong></span> <span class='ocrx_word' id='word_1_83' title='bbox 1126 1995 1178 2057; x_wconf 91' lang='lat' dir='ltr'><strong>est</strong></span> <span class='ocrx_word' id='word_1_84' title='bbox 1200 2012 1257 2056; x_wconf 97' lang='grc' dir='ltr'>εει]</span> <span class='ocrx_word' id='word_1_85' title='bbox 1275 1989 1444 2056; x_wconf 90' lang='lat' dir='ltr'><strong>absolutus</strong></span> <span class='ocrx_word' id='word_1_86' title='bbox 1465 1987 1543 2053; x_wconf 91' lang='lat' dir='ltr'><strong>ordo</strong></span> 
     </span>
     <span class='ocr_line' id='line_1_13' title="bbox 295 2101 544 2186; baseline 0.008 -20"><span class='ocrx_word' id='word_1_87' title='bbox 295 2101 544 2186; x_wconf 81' lang='lat' dir='ltr'><strong>operabilium1.</strong></span> 
     </span>
    </p>

    <p class='ocr_par' dir='ltr' id='par_1_5' title="bbox 295 2219 1545 2624">
     <span class='ocr_line' id='line_1_14' title="bbox 386 2219 1544 2304; baseline -0.007 -12"><span class='ocrx_word' id='word_1_88' title='bbox 386 2219 547 2295; x_wconf 71' lang='lat' dir='ltr'><strong>Probatur</strong></span> <span class='ocrx_word' id='word_1_89' title='bbox 569 2220 603 2291; x_wconf 79' lang='lat'><strong>1⁰.</strong></span> <span class='ocrx_word' id='word_1_90' title='bbox 635 2221 732 2288; x_wconf 87' lang='lat' dir='ltr'><strong>Ratio</strong></span> <span class='ocrx_word' id='word_1_91' title='bbox 757 2221 868 2287; x_wconf 88' lang='lat' dir='ltr'><strong>divina</strong></span> <span class='ocrx_word' id='word_1_92' title='bbox 892 2225 943 2287; x_wconf 90' lang='lat' dir='ltr'><strong>est</strong></span> <span class='ocrx_word' id='word_1_93' title='bbox 967 2223 1119 2287; x_wconf 88' lang='lat' dir='ltr'><strong>absoluta</strong></span> <span class='ocrx_word' id='word_1_94' title='bbox 1134 2241 1249 2288; x_wconf 86' lang='lat' dir='ltr'><strong>norma</strong></span> <span class='ocrx_word' id='word_1_95' title='bbox 1270 2220 1412 2285; x_wconf 89' lang='lat' dir='ltr'><strong>omnium</strong></span> <span class='ocrx_word' id='word_1_96' title='bbox 1428 2240 1544 2304; x_wconf 91' lang='lat' dir='ltr'><strong>opera·</strong></span> 
     </span>
     <span class='ocr_line' id='line_1_15' title="bbox 295 2326 1545 2414; baseline -0.005 -18"><span class='ocrx_word' id='word_1_97' title='bbox 295 2331 422 2399; x_wconf 91' lang='lat' dir='ltr'><strong>bilium.</strong></span> <span class='ocrx_word' id='word_1_98' title='bbox 469 2328 601 2414; x_wconf 87' lang='lat' dir='ltr'><strong>Concipi</strong></span> <span class='ocrx_word' id='word_1_99' title='bbox 625 2328 710 2394; x_wconf 90' lang='lat' dir='ltr'><strong>euim</strong></span> <span class='ocrx_word' id='word_1_100' title='bbox 735 2328 832 2394; x_wconf 88' lang='lat' dir='ltr'><strong>debet</strong></span> <span class='ocrx_word' id='word_1_101' title='bbox 855 2327 887 2393; x_wconf 91' lang='lat' dir='ltr'><strong>in</strong></span> <span class='ocrx_word' id='word_1_102' title='bbox 911 2329 983 2394; x_wconf 91' lang='lat' dir='ltr'><strong>Deo</strong></span> <span class='ocrx_word' id='word_1_103' title='bbox 1006 2332 1175 2410; x_wconf 90' lang='lat' dir='ltr'><strong>tamquam</strong></span> <span class='ocrx_word' id='word_1_104' title='bbox 1198 2326 1241 2405; x_wconf 92' lang='lat' dir='ltr'><strong>id,</strong></span> <span class='ocrx_word' id='word_1_105' title='bbox 1265 2328 1438 2392; x_wconf 81' lang='lat' dir='ltr'><strong>secundum</strong></span> <span class='ocrx_word' id='word_1_106' title='bbox 1461 2327 1545 2412; x_wconf 79' lang='lat' dir='ltr'><strong>quod</strong></span> 
     </span>
     <span class='ocr_line' id='line_1_16' title="bbox 295 2431 1544 2522; baseline -0.005 -20"><span class='ocrx_word' id='word_1_107' title='bbox 295 2437 370 2522; x_wconf 88' lang='lat' dir='ltr'><strong>ipsa</strong></span> <span class='ocrx_word' id='word_1_108' title='bbox 401 2435 513 2502; x_wconf 90' lang='lat' dir='ltr'><strong>divina</strong></span> <span class='ocrx_word' id='word_1_109' title='bbox 537 2435 691 2501; x_wconf 89' lang='lat' dir='ltr'><strong>voluntas</strong></span> <span class='ocrx_word' id='word_1_110' title='bbox 715 2433 922 2501; x_wconf 85' lang='lat' dir='ltr'><strong>sanctissima</strong></span> <span class='ocrx_word' id='word_1_111' title='bbox 946 2435 1028 2511; x_wconf 83' lang='lat' dir='ltr'><strong>vult,</strong></span> <span class='ocrx_word' id='word_1_112' title='bbox 1060 2433 1215 2517; x_wconf 83' lang='lat' dir='ltr'><strong>quidquid</strong></span> <span class='ocrx_word' id='word_1_113' title='bbox 1239 2434 1280 2499; x_wconf 90' lang='lat' dir='ltr'><strong>ab</strong></span> <span class='ocrx_word' id='word_1_114' title='bbox 1304 2435 1439 2498; x_wconf 87' lang='lat' dir='ltr'><strong>aeterno</strong></span> <span class='ocrx_word' id='word_1_115' title='bbox 1462 2431 1544 2506; x_wconf 92' lang='lat' dir='ltr'><strong>vult,</strong></span> 
     </span>
     <span class='ocr_line' id='line_1_17' title="bbox 297 2538 1545 2624; baseline -0.006 -16"><span class='ocrx_word' id='word_1_116' title='bbox 297 2549 332 2610; x_wconf 85' lang='lat' dir='ltr'><strong>et</strong></span> <span class='ocrx_word' id='word_1_117' title='bbox 364 2543 415 2608; x_wconf 90' lang='lat' dir='ltr'><strong>cui</strong></span> <span class='ocrx_word' id='word_1_118' title='bbox 447 2541 646 2608; x_wconf 88' lang='lat' dir='ltr'><strong>contrarium</strong></span> <span class='ocrx_word' id='word_1_119' title='bbox 678 2541 764 2606; x_wconf 92' lang='lat' dir='ltr'><strong>velle</strong></span> <span class='ocrx_word' id='word_1_120' title='bbox 794 2541 840 2606; x_wconf 92' lang='lat' dir='ltr'><strong>nil</strong></span> <span class='ocrx_word' id='word_1_121' title='bbox 869 2543 999 2624; x_wconf 87' lang='lat' dir='ltr'><strong>potest;</strong></span> <span class='ocrx_word' id='word_1_122' title='bbox 1034 2539 1097 2605; x_wconf 89' lang='lat' dir='ltr'><strong>erit</strong></span> <span class='ocrx_word' id='word_1_123' title='bbox 1125 2539 1227 2622; x_wconf 90' lang='lat' dir='ltr'><strong>igitur</strong></span> <span class='ocrx_word' id='word_1_124' title='bbox 1257 2539 1371 2623; x_wconf 90' lang='lat' dir='ltr'><strong>apari</strong></span> <span class='ocrx_word' id='word_1_125' title='bbox 1401 2538 1545 2603; x_wconf 80' lang='lat' dir='ltr'><strong>obuoluta</strong></span> 
     </span>
    </p>
   </div>
   <div class='ocr_carea' id='block_1_4' title="bbox 297 2642 1546 2944">
    <p class='ocr_par' dir='ltr' id='par_1_6' title="bbox 297 2642 1546 2944">
     <span class='ocr_line' id='line_1_18' title="bbox 297 2642 1546 2732; baseline -0.008 -16"><span class='ocrx_word' id='word_1_126' title='bbox 297 2671 415 2716; x_wconf 89' lang='lat' dir='ltr'><strong>norma</strong></span> <span class='ocrx_word' id='word_1_127' title='bbox 431 2648 637 2716; x_wconf 87' lang='lat' dir='ltr'><strong>rectitudinis</strong></span> <span class='ocrx_word' id='word_1_128' title='bbox 655 2647 797 2714; x_wconf 91' lang='lat' dir='ltr'><strong>omnium</strong></span> <span class='ocrx_word' id='word_1_129' title='bbox 814 2647 1050 2732; x_wconf 87' lang='lat' dir='ltr'><strong>operationum,</strong></span> <span class='ocrx_word' id='word_1_130' title='bbox 1068 2667 1152 2728; x_wconf 87' lang='lat' dir='ltr'><strong>quae</strong></span> <span class='ocrx_word' id='word_1_131' title='bbox 1168 2645 1390 2730; x_wconf 90' lang='lat' dir='ltr'><strong>dependenter</strong></span> <span class='ocrx_word' id='word_1_132' title='bbox 1405 2665 1425 2708; x_wconf 87' lang='lat' dir='ltr'><strong>a</strong></span> <span class='ocrx_word' id='word_1_133' title='bbox 1440 2642 1546 2728; x_wconf 90' lang='lat' dir='ltr'><strong>prima</strong></span> 
     </span>
     <span class='ocr_line' id='line_1_19' title="bbox 297 2751 1545 2837; baseline -0.007 -14"><span class='ocrx_word' id='word_1_134' title='bbox 297 2777 401 2823; x_wconf 87' lang='lat' dir='ltr'><strong>causa</strong></span> <span class='ocrx_word' id='word_1_135' title='bbox 425 2777 463 2822; x_wconf 90' lang='lat' dir='ltr'><strong>ac</strong></span> <span class='ocrx_word' id='word_1_136' title='bbox 486 2755 546 2820; x_wconf 85' lang='lat' dir='ltr'><strong>sub</strong></span> <span class='ocrx_word' id='word_1_137' title='bbox 562 2755 624 2820; x_wconf 91' lang='lat' dir='ltr'><strong>Dei</strong></span> <span class='ocrx_word' id='word_1_138' title='bbox 648 2755 820 2822; x_wconf 88' lang='lat' dir='ltr'><strong>voluntate</strong></span> <span class='ocrx_word' id='word_1_139' title='bbox 844 2777 864 2820; x_wconf 85' lang='lat' dir='ltr'><strong>a</strong></span> <span class='ocrx_word' id='word_1_140' title='bbox 888 2757 994 2820; x_wconf 69' lang='lat' dir='ltr'><strong>cotecis</strong></span> <span class='ocrx_word' id='word_1_141' title='bbox 1018 2755 1167 2820; x_wconf 79' lang='lat' dir='ltr'><strong>secundia</strong></span> <span class='ocrx_word' id='word_1_142' title='bbox 1191 2754 1261 2818; x_wconf 90' lang='lat' dir='ltr'><strong>sive</strong></span> <span class='ocrx_word' id='word_1_143' title='bbox 1285 2751 1420 2837; x_wconf 88' lang='lat' dir='ltr'><strong>physice</strong></span> <span class='ocrx_word' id='word_1_144' title='bbox 1436 2751 1545 2816; x_wconf 87' lang='lat' dir='ltr'><strong>deter-</strong></span> 
     </span>
     <span class='ocr_line' id='line_1_20' title="bbox 297 2855 1546 2944; baseline -0.007 -16"><span class='ocrx_word' id='word_1_145' title='bbox 297 2861 433 2928; x_wconf 88' lang='lat' dir='ltr'><strong>minatis</strong></span> <span class='ocrx_word' id='word_1_146' title='bbox 464 2861 534 2926; x_wconf 87' lang='lat' dir='ltr'><strong>sive</strong></span> <span class='ocrx_word' id='word_1_147' title='bbox 566 2860 695 2926; x_wconf 85' lang='lat' dir='ltr'><strong>ratione</strong></span> <span class='ocrx_word' id='word_1_148' title='bbox 725 2865 759 2926; x_wconf 91' lang='lat' dir='ltr'><strong>et</strong></span> <span class='ocrx_word' id='word_1_149' title='bbox 783 2860 939 2928; x_wconf 87' lang='lat' dir='ltr'><strong>libertate</strong></span> <span class='ocrx_word' id='word_1_150' title='bbox 961 2859 1122 2944; x_wconf 88' lang='lat' dir='ltr'><strong>praeditis</strong></span> <span class='ocrx_word' id='word_1_151' title='bbox 1145 2859 1356 2944; x_wconf 78' lang='lat' dir='ltr'><strong>procedunt2.</strong></span> <span class='ocrx_word' id='word_1_152' title='bbox 1403 2859 1490 2944; x_wconf 65' lang='lat' dir='ltr'><strong>Ergo</strong></span> <span class='ocrx_word' id='word_1_153' title='bbox 1512 2855 1546 2920; x_wconf 90' lang='lat' dir='ltr'><strong>in</strong></span> 
     </span>
    </p>
   </div>
   <div class='ocr_carea' id='block_1_5' title="bbox 299 2964 1546 3140">
    <p class='ocr_par' dir='ltr' id='par_1_7' title="bbox 299 2964 1546 3140">
     <span class='ocr_line' id='line_1_21' title="bbox 299 2964 1546 3034; baseline -0.006 0"><span class='ocrx_word' id='word_1_154' title='bbox 299 2968 533 3034; x_wconf 86' lang='lat' dir='ltr'><strong>confomnitate</strong></span> <span class='ocrx_word' id='word_1_155' title='bbox 566 2972 624 3033; x_wconf 90' lang='lat' dir='ltr'><strong>aut</strong></span> <span class='ocrx_word' id='word_1_156' title='bbox 654 2967 866 3033; x_wconf 87' lang='lat' dir='ltr'><strong>difformitate</strong></span> <span class='ocrx_word' id='word_1_157' title='bbox 898 2988 971 3031; x_wconf 89' lang='lat' dir='ltr'><strong>eum</strong></span> <span class='ocrx_word' id='word_1_158' title='bbox 1001 2967 1129 3032; x_wconf 90' lang='lat' dir='ltr'><strong>ratione</strong></span> <span class='ocrx_word' id='word_1_159' title='bbox 1160 2965 1271 3030; x_wconf 89' lang='lat' dir='ltr'><strong>divina</strong></span> <span class='ocrx_word' id='word_1_160' title='bbox 1300 2964 1485 3030; x_wconf 87' lang='lat' dir='ltr'><strong>formaliter</strong></span> <span class='ocrx_word' id='word_1_161' title='bbox 1512 2966 1546 3027; x_wconf 91' lang='lat' dir='ltr'><strong>et</strong></span> 
     </span>
     <span class='ocr_line' id='line_1_22' title="bbox 299 3071 1330 3140; baseline -0.004 0"><span class='ocrx_word' id='word_1_162' title='bbox 299 3074 451 3140; x_wconf 91' lang='lat' dir='ltr'><strong>absolute</strong></span> <span class='ocrx_word' id='word_1_163' title='bbox 475 3073 609 3139; x_wconf 90' lang='lat' dir='ltr'><strong>moralis</strong></span> <span class='ocrx_word' id='word_1_164' title='bbox 632 3073 795 3139; x_wconf 88' lang='lat' dir='ltr'><strong>rectitudo</strong></span> <span class='ocrx_word' id='word_1_165' title='bbox 819 3077 878 3138; x_wconf 89' lang='lat' dir='ltr'><strong>aut</strong></span> <span class='ocrx_word' id='word_1_166' title='bbox 900 3072 1146 3140; x_wconf 86' lang='lat' dir='ltr'><strong>nou-rectitudo</strong></span> <span class='ocrx_word' id='word_1_167' title='bbox 1170 3071 1330 3137; x_wconf 89' lang='lat' dir='ltr'><strong>consistit.</strong></span> 
     </span>
    </p>
   </div>
   <div class='ocr_carea' id='block_1_6' title="bbox 298 3193 1548 4240">
    <p class='ocr_par' dir='ltr' id='par_1_8' title="bbox 298 3193 1548 4240">
     <span class='ocr_line' id='line_1_23' title="bbox 390 3193 1546 3274; baseline -0.01 -7"><span class='ocrx_word' id='word_1_168' title='bbox 390 3195 549 3267; x_wconf 71' lang='lat' dir='ltr'><strong>Probatur</strong></span> <span class='ocrx_word' id='word_1_169' title='bbox 569 3193 622 3268; x_wconf 79' lang='lat'>11⁰.</span> <span class='ocrx_word' id='word_1_170' title='bbox 668 3195 944 3274; x_wconf 81' lang='lat' dir='ltr'><strong>Quemadmodum</strong></span> <span class='ocrx_word' id='word_1_171' title='bbox 981 3197 1106 3263; x_wconf 87' lang='lat' dir='ltr'><strong>veritas</strong></span> <span class='ocrx_word' id='word_1_172' title='bbox 1140 3201 1175 3262; x_wconf 91' lang='lat' dir='ltr'><strong>et</strong></span> <span class='ocrx_word' id='word_1_173' title='bbox 1208 3195 1339 3261; x_wconf 88' lang='lat' dir='ltr'><strong>falsitas</strong></span> <span class='ocrx_word' id='word_1_174' title='bbox 1369 3195 1401 3258; x_wconf 92' lang='lat' dir='ltr'><strong>in</strong></span> <span class='ocrx_word' id='word_1_175' title='bbox 1435 3193 1546 3259; x_wconf 89' lang='lat' dir='ltr'><strong>ordine</strong></span> 
     </span>
     <span class='ocr_line' id='line_1_24' title="bbox 298 3298 1546 3390; baseline -0.006 -20"><span class='ocrx_word' id='word_1_176' title='bbox 298 3301 505 3390; x_wconf 89' lang='lat' dir='ltr'><strong>speculativo</strong></span> <span class='ocrx_word' id='word_1_177' title='bbox 529 3323 565 3367; x_wconf 85' lang='lat' dir='ltr'><strong>se</strong></span> <span class='ocrx_word' id='word_1_178' title='bbox 588 3301 688 3370; x_wconf 90' lang='lat' dir='ltr'><strong>habet</strong></span> <span class='ocrx_word' id='word_1_179' title='bbox 712 3302 752 3368; x_wconf 93' lang='lat' dir='ltr'><strong>ad</strong></span> <span class='ocrx_word' id='word_1_180' title='bbox 777 3301 922 3367; x_wconf 91' lang='lat' dir='ltr'><strong>divinum</strong></span> <span class='ocrx_word' id='word_1_181' title='bbox 946 3301 1159 3380; x_wconf 90' lang='lat' dir='ltr'><strong>intellectum,</strong></span> <span class='ocrx_word' id='word_1_182' title='bbox 1190 3301 1238 3368; x_wconf 93' lang='lat' dir='ltr'><strong>ita</strong></span> <span class='ocrx_word' id='word_1_183' title='bbox 1268 3302 1301 3366; x_wconf 92' lang='lat' dir='ltr'><strong>in</strong></span> <span class='ocrx_word' id='word_1_184' title='bbox 1325 3301 1438 3366; x_wconf 89' lang='lat' dir='ltr'><strong>ordine</strong></span> <span class='ocrx_word' id='word_1_185' title='bbox 1461 3298 1546 3364; x_wconf 87' lang='lat' dir='ltr'><strong>veri·</strong></span> 
     </span>
     <span class='ocr_line' id='line_1_25' title="bbox 299 3407 1548 3494; baseline -0.006 -17"><span class='ocrx_word' id='word_1_186' title='bbox 299 3410 382 3477; x_wconf 86' lang='lat' dir='ltr'><strong>tatis</strong></span> <span class='ocrx_word' id='word_1_187' title='bbox 411 3409 579 3494; x_wconf 86' lang='lat' dir='ltr'><strong>practicae</strong></span> <span class='ocrx_word' id='word_1_188' title='bbox 609 3431 668 3494; x_wconf 90' lang='lat' dir='ltr'><strong>per</strong></span> <span class='ocrx_word' id='word_1_189' title='bbox 697 3409 891 3475; x_wconf 89' lang='lat' dir='ltr'><strong>obieetivam</strong></span> <span class='ocrx_word' id='word_1_190' title='bbox 924 3407 1109 3491; x_wconf 84' lang='lat' dir='ltr'><strong>analogiam</strong></span> <span class='ocrx_word' id='word_1_191' title='bbox 1140 3429 1176 3472; x_wconf 92' lang='lat' dir='ltr'><strong>se</strong></span> <span class='ocrx_word' id='word_1_192' title='bbox 1205 3407 1305 3472; x_wconf 88' lang='lat' dir='ltr'><strong>habet</strong></span> <span class='ocrx_word' id='word_1_193' title='bbox 1334 3407 1490 3472; x_wconf 86' lang='lat' dir='ltr'><strong>honestas</strong></span> <span class='ocrx_word' id='word_1_194' title='bbox 1513 3410 1548 3470; x_wconf 87' lang='lat' dir='ltr'><strong>et</strong></span> 
     </span>
     <span class='ocr_line' id='line_1_26' title="bbox 298 3513 1548 3597; baseline -0.005 -13"><span class='ocrx_word' id='word_1_195' title='bbox 298 3519 492 3584; x_wconf 88' lang='lat' dir='ltr'><strong>inhonestas</strong></span> <span class='ocrx_word' id='word_1_196' title='bbox 516 3515 557 3581; x_wconf 91' lang='lat' dir='ltr'><strong>ad</strong></span> <span class='ocrx_word' id='word_1_197' title='bbox 582 3515 726 3581; x_wconf 88' lang='lat' dir='ltr'><strong>divinam</strong></span> <span class='ocrx_word' id='word_1_198' title='bbox 751 3515 962 3582; x_wconf 85' lang='lat' dir='ltr'><strong>sanctitatem</strong></span> <span class='ocrx_word' id='word_1_199' title='bbox 987 3536 1044 3579; x_wconf 91' lang='lat' dir='ltr'><strong>seu</strong></span> <span class='ocrx_word' id='word_1_200' title='bbox 1068 3515 1229 3580; x_wconf 90' lang='lat' dir='ltr'><strong>rationem</strong></span> <span class='ocrx_word' id='word_1_201' title='bbox 1253 3513 1407 3580; x_wconf 86' lang='lat' dir='ltr'><strong>divinam.</strong></span> <span class='ocrx_word' id='word_1_202' title='bbox 1449 3515 1548 3597; x_wconf 80' lang='lat' dir='ltr'><strong>Atqui</strong></span> 
     </span>
     <span class='ocr_line' id='line_1_27' title="bbox 299 3618 1548 3704; baseline -0.006 -14"><span class='ocrx_word' id='word_1_203' title='bbox 299 3627 331 3690; x_wconf 90' lang='lat' dir='ltr'><strong>in</strong></span> <span class='ocrx_word' id='word_1_204' title='bbox 365 3623 479 3689; x_wconf 91' lang='lat' dir='ltr'><strong>ordine</strong></span> <span class='ocrx_word' id='word_1_205' title='bbox 510 3623 695 3704; x_wconf 87' lang='lat' dir='ltr'><strong>ontologico</strong></span> <span class='ocrx_word' id='word_1_206' title='bbox 726 3622 843 3688; x_wconf 88' lang='lat' dir='ltr'><strong>ultima</strong></span> <span class='ocrx_word' id='word_1_207' title='bbox 872 3627 906 3688; x_wconf 90' lang='lat' dir='ltr'><strong>et</strong></span> <span class='ocrx_word' id='word_1_208' title='bbox 937 3622 1088 3687; x_wconf 90' lang='lat' dir='ltr'><strong>absoluta</strong></span> <span class='ocrx_word' id='word_1_209' title='bbox 1118 3619 1204 3686; x_wconf 91' lang='lat' dir='ltr'><strong>ratio</strong></span> <span class='ocrx_word' id='word_1_210' title='bbox 1234 3618 1430 3685; x_wconf 88' lang='lat' dir='ltr'><strong>discriminis</strong></span> <span class='ocrx_word' id='word_1_211' title='bbox 1461 3618 1548 3684; x_wconf 87' lang='lat' dir='ltr'><strong>inter</strong></span> 
     </span>
     <span class='ocr_line' id='line_1_28' title="bbox 300 3725 1548 3798; baseline -0.005 -4"><span class='ocrx_word' id='word_1_212' title='bbox 300 3752 416 3798; x_wconf 83' lang='lat' dir='ltr'><strong>uerum</strong></span> <span class='ocrx_word' id='word_1_213' title='bbox 444 3736 477 3796; x_wconf 90' lang='lat' dir='ltr'><strong>et</strong></span> <span class='ocrx_word' id='word_1_214' title='bbox 508 3729 628 3795; x_wconf 87' lang='lat' dir='ltr'><strong>falsum</strong></span> <span class='ocrx_word' id='word_1_215' title='bbox 644 3733 709 3795; x_wconf 88' lang='lat' dir='ltr'><strong>·est</strong></span> <span class='ocrx_word' id='word_1_216' title='bbox 741 3727 953 3794; x_wconf 85' lang='lat' dir='ltr'><strong>conformitas</strong></span> <span class='ocrx_word' id='word_1_217' title='bbox 984 3731 1042 3793; x_wconf 92' lang='lat' dir='ltr'><strong>aut</strong></span> <span class='ocrx_word' id='word_1_218' title='bbox 1066 3727 1259 3794; x_wconf 87' lang='lat' dir='ltr'><strong>difformitas</strong></span> <span class='ocrx_word' id='word_1_219' title='bbox 1283 3749 1354 3792; x_wconf 90' lang='lat' dir='ltr'><strong>cum</strong></span> <span class='ocrx_word' id='word_1_220' title='bbox 1378 3725 1548 3790; x_wconf 90' lang='lat' dir='ltr'><strong>intellectu</strong></span> 
     </span>
     <span class='ocr_line' id='line_1_29' title="bbox 302 3829 1548 3920; baseline -0.007 -16"><span class='ocrx_word' id='word_1_221' title='bbox 302 3838 412 3904; x_wconf 88' lang='lat' dir='ltr'><strong>divino</strong></span> <span class='ocrx_word' id='word_1_222' title='bbox 437 3841 474 3903; x_wconf 93' lang='lat' dir='ltr'><strong>ut</strong></span> <span class='ocrx_word' id='word_1_223' title='bbox 497 3835 648 3901; x_wconf 88' lang='lat' dir='ltr'><strong>absoluta</strong></span> <span class='ocrx_word' id='word_1_224' title='bbox 671 3835 824 3902; x_wconf 89' lang='lat' dir='ltr'><strong>veritate.</strong></span> <span class='ocrx_word' id='word_1_225' title='bbox 856 3835 942 3920; x_wconf 60' lang='lat' dir='ltr'><strong>Erue</strong></span> <span class='ocrx_word' id='word_1_226' title='bbox 967 3854 988 3899; x_wconf 93' lang='lat' dir='ltr'><strong>a</strong></span> <span class='ocrx_word' id='word_1_227' title='bbox 1010 3834 1082 3916; x_wconf 88' lang='lat' dir='ltr'><strong>pari</strong></span> <span class='ocrx_word' id='word_1_228' title='bbox 1106 3833 1221 3900; x_wconf 90' lang='lat' dir='ltr'><strong>ultima</strong></span> <span class='ocrx_word' id='word_1_229' title='bbox 1244 3837 1278 3898; x_wconf 89' lang='lat' dir='ltr'><strong>et</strong></span> <span class='ocrx_word' id='word_1_230' title='bbox 1296 3832 1448 3897; x_wconf 89' lang='lat' dir='ltr'><strong>absoluta</strong></span> <span class='ocrx_word' id='word_1_231' title='bbox 1462 3829 1548 3895; x_wconf 86' lang='lat' dir='ltr'><strong>ratio</strong></span> 
     </span>
     <span class='ocr_line' id='line_1_30' title="bbox 301 3935 1547 4010; baseline -0.009 0"><span class='ocrx_word' id='word_1_232' title='bbox 301 3943 498 4010; x_wconf 89' lang='lat' dir='ltr'><strong>discriminis</strong></span> <span class='ocrx_word' id='word_1_233' title='bbox 521 3941 608 4008; x_wconf 91' lang='lat' dir='ltr'><strong>inter</strong></span> <span class='ocrx_word' id='word_1_234' title='bbox 629 3942 802 4006; x_wconf 87' lang='lat' dir='ltr'><strong>honestum</strong></span> <span class='ocrx_word' id='word_1_235' title='bbox 826 3943 860 4006; x_wconf 91' lang='lat' dir='ltr'><strong>et</strong></span> <span class='ocrx_word' id='word_1_236' title='bbox 882 3939 1090 4006; x_wconf 88' lang='lat' dir='ltr'><strong>inhonestum</strong></span> <span class='ocrx_word' id='word_1_237' title='bbox 1115 3945 1166 4006; x_wconf 90' lang='lat' dir='ltr'><strong>est</strong></span> <span class='ocrx_word' id='word_1_238' title='bbox 1182 3939 1395 4004; x_wconf 88' lang='lat' dir='ltr'><strong>conformitas</strong></span> <span class='ocrx_word' id='word_1_239' title='bbox 1411 3942 1470 4003; x_wconf 91' lang='lat' dir='ltr'><strong>aut</strong></span> <span class='ocrx_word' id='word_1_240' title='bbox 1486 3935 1547 4000; x_wconf 85' lang='lat' dir='ltr'><strong>dii-</strong></span> 
     </span>
     <span class='ocr_line' id='line_1_31' title="bbox 301 4043 1547 4122; baseline -0.006 -6"><span class='ocrx_word' id='word_1_241' title='bbox 301 4051 453 4117; x_wconf 83' lang='lat' dir='ltr'><strong>formitas</strong></span> <span class='ocrx_word' id='word_1_242' title='bbox 477 4070 548 4115; x_wconf 93' lang='lat' dir='ltr'><strong>cum</strong></span> <span class='ocrx_word' id='word_1_243' title='bbox 575 4046 686 4114; x_wconf 89' lang='lat' dir='ltr'><strong>divina</strong></span> <span class='ocrx_word' id='word_1_244' title='bbox 710 4047 848 4122; x_wconf 88' lang='lat' dir='ltr'><strong>ratione,</strong></span> <span class='ocrx_word' id='word_1_245' title='bbox 875 4050 911 4112; x_wconf 90' lang='lat' dir='ltr'><strong>ut</strong></span> <span class='ocrx_word' id='word_1_246' title='bbox 935 4046 1088 4112; x_wconf 89' lang='lat' dir='ltr'><strong>absoluta</strong></span> <span class='ocrx_word' id='word_1_247' title='bbox 1111 4046 1290 4112; x_wconf 89' lang='lat' dir='ltr'><strong>sanctitate</strong></span> <span class='ocrx_word' id='word_1_248' title='bbox 1315 4066 1373 4111; x_wconf 88' lang='lat' dir='ltr'><strong>seu</strong></span> <span class='ocrx_word' id='word_1_249' title='bbox 1397 4043 1547 4109; x_wconf 89' lang='lat' dir='ltr'><strong>absoluto</strong></span> 
     </span>
     <span class='ocr_line' id='line_1_32' title="bbox 302 4155 661 4240; baseline 0 -17"><span class='ocrx_word' id='word_1_250' title='bbox 302 4157 416 4224; x_wconf 92' lang='lat' dir='ltr'><strong>ordine</strong></span> <span class='ocrx_word' id='word_1_251' title='bbox 440 4155 661 4240; x_wconf 85' lang='lat' dir='ltr'><strong>operabilium.</strong></span> 
     </span>
    </p>
   </div>
   <div class='ocr_carea' id='block_1_7' title="bbox 302 4276 1549 4775">
    <p class='ocr_par' dir='ltr' id='par_1_9' title="bbox 302 4276 1549 4775">
     <span class='ocr_line' id='line_1_33' title="bbox 393 4276 1548 4357; baseline -0.01 -8"><span class='ocrx_word' id='word_1_252' title='bbox 393 4277 553 4350; x_wconf 79' lang='lat' dir='ltr'><strong>Probatur</strong></span> <span class='ocrx_word' id='word_1_253' title='bbox 573 4276 640 4348; x_wconf 74' lang='grc' dir='ltr'><strong>ΠΡ.</strong></span> <span class='ocrx_word' id='word_1_254' title='bbox 673 4279 786 4345; x_wconf 86' lang='lat' dir='ltr'><strong>Omnis</strong></span> <span class='ocrx_word' id='word_1_255' title='bbox 809 4279 874 4345; x_wconf 87' lang='lat' dir='ltr'><strong>alia</strong></span> <span class='ocrx_word' id='word_1_256' title='bbox 897 4279 1032 4345; x_wconf 88' lang='lat' dir='ltr'><strong>moralis</strong></span> <span class='ocrx_word' id='word_1_257' title='bbox 1048 4278 1243 4344; x_wconf 88' lang='lat' dir='ltr'><strong>discriminis</strong></span> <span class='ocrx_word' id='word_1_258' title='bbox 1259 4277 1354 4354; x_wconf 90' lang='lat' dir='ltr'><strong>ratio,</strong></span> <span class='ocrx_word' id='word_1_259' title='bbox 1380 4295 1463 4357; x_wconf 91' lang='lat' dir='ltr'><strong>quae</strong></span> <span class='ocrx_word' id='word_1_260' title='bbox 1478 4293 1548 4338; x_wconf 78' lang='lat' dir='ltr'><strong>ma-</strong></span> 
     </span>
     <span class='ocr_line' id='line_1_34' title="bbox 302 4383 1549 4470; baseline -0.01 -13"><span class='ocrx_word' id='word_1_261' title='bbox 302 4387 467 4457; x_wconf 87' lang='lat' dir='ltr'><strong>terialiter</strong></span> <span class='ocrx_word' id='word_1_262' title='bbox 496 4385 582 4451; x_wconf 87' lang='lat' dir='ltr'><strong>falsa</strong></span> <span class='ocrx_word' id='word_1_263' title='bbox 612 4386 753 4464; x_wconf 89' lang='lat' dir='ltr'><strong>nonsit,</strong></span> <span class='ocrx_word' id='word_1_264' title='bbox 785 4387 827 4452; x_wconf 86' lang='lat' dir='ltr'><strong>ad</strong></span> <span class='ocrx_word' id='word_1_265' title='bbox 850 4386 934 4452; x_wconf 89' lang='lat' dir='ltr'><strong>hanc</strong></span> <span class='ocrx_word' id='word_1_266' title='bbox 957 4386 1061 4470; x_wconf 86' lang='lat' dir='ltr'><strong>ipsam</strong></span> <span class='ocrx_word' id='word_1_267' title='bbox 1087 4384 1226 4467; x_wconf 89' lang='lat' dir='ltr'><strong>denique</strong></span> <span class='ocrx_word' id='word_1_268' title='bbox 1248 4383 1420 4457; x_wconf 89' lang='lat' dir='ltr'><strong>rationem,</strong></span> <span class='ocrx_word' id='word_1_269' title='bbox 1452 4400 1549 4463; x_wconf 89' lang='lat' dir='ltr'><strong>quam</strong></span> 
     </span>
     <span class='ocr_line' id='line_1_35' title="bbox 303 4487 1548 4576; baseline -0.008 -16"><span class='ocrx_word' id='word_1_270' title='bbox 303 4496 335 4560; x_wconf 89' lang='lat' dir='ltr'><strong>iu</strong></span> <span class='ocrx_word' id='word_1_271' title='bbox 368 4493 454 4560; x_wconf 90' lang='lat' dir='ltr'><strong>thesi</strong></span> <span class='ocrx_word' id='word_1_272' title='bbox 489 4492 674 4571; x_wconf 89' lang='lat' dir='ltr'><strong>statuimus,</strong></span> <span class='ocrx_word' id='word_1_273' title='bbox 708 4497 875 4575; x_wconf 88' lang='lat' dir='ltr'><strong>tamquam</strong></span> <span class='ocrx_word' id='word_1_274' title='bbox 907 4493 947 4558; x_wconf 90' lang='lat' dir='ltr'><strong>ad</strong></span> <span class='ocrx_word' id='word_1_275' title='bbox 978 4513 1164 4576; x_wconf 88' lang='lat' dir='ltr'><strong>supremam</strong></span> <span class='ocrx_word' id='word_1_276' title='bbox 1195 4496 1229 4557; x_wconf 90' lang='lat' dir='ltr'><strong>et</strong></span> <span class='ocrx_word' id='word_1_277' title='bbox 1259 4489 1407 4558; x_wconf 90' lang='lat' dir='ltr'><strong>ultimam</strong></span> <span class='ocrx_word' id='word_1_278' title='bbox 1438 4487 1548 4552; x_wconf 85' lang='lat' dir='ltr'><strong>reduci</strong></span> 
     </span>
     <span class='ocr_line' id='line_1_36' title="bbox 303 4591 1549 4683; baseline -0.009 -16"><span class='ocrx_word' id='word_1_279' title='bbox 303 4599 473 4667; x_wconf 90' lang='lat' dir='ltr'><strong>commode</strong></span> <span class='ocrx_word' id='word_1_280' title='bbox 488 4603 608 4682; x_wconf 86' lang='lat' dir='ltr'><strong>potest,</strong></span> <span class='ocrx_word' id='word_1_281' title='bbox 635 4621 698 4664; x_wconf 91' lang='lat' dir='ltr'><strong>non</strong></span> <span class='ocrx_word' id='word_1_282' title='bbox 714 4603 824 4665; x_wconf 83' lang='lat' dir='ltr'><strong>autem</strong></span> <span class='ocrx_word' id='word_1_283' title='bbox 849 4599 920 4664; x_wconf 90' lang='lat' dir='ltr'><strong>vioe</strong></span> <span class='ocrx_word' id='word_1_284' title='bbox 936 4619 1042 4664; x_wconf 88' lang='lat' dir='ltr'><strong>versa.</strong></span> <span class='ocrx_word' id='word_1_285' title='bbox 1076 4599 1162 4683; x_wconf 64' lang='lat' dir='ltr'><strong>Ergo</strong></span> <span class='ocrx_word' id='word_1_286' title='bbox 1178 4597 1259 4662; x_wconf 89' lang='lat' dir='ltr'><strong>haee</strong></span> <span class='ocrx_word' id='word_1_287' title='bbox 1275 4618 1334 4680; x_wconf 92' lang='lat' dir='ltr'><strong>per</strong></span> <span class='ocrx_word' id='word_1_288' title='bbox 1349 4615 1385 4661; x_wconf 87' lang='lat' dir='ltr'><strong>se</strong></span> <span class='ocrx_word' id='word_1_289' title='bbox 1400 4591 1549 4661; x_wconf 85' lang='lat' dir='ltr'><strong>formalis</strong></span> 
     </span>
     <span class='ocr_line' id='line_1_37' title="bbox 304 4705 758 4775; baseline -0.007 0"><span class='ocrx_word' id='word_1_290' title='bbox 304 4714 338 4775; x_wconf 87' lang='lat' dir='ltr'><strong>et</strong></span> <span class='ocrx_word' id='word_1_291' title='bbox 362 4707 514 4773; x_wconf 90' lang='lat' dir='ltr'><strong>absoluta</strong></span> <span class='ocrx_word' id='word_1_292' title='bbox 537 4705 674 4770; x_wconf 88' lang='lat' dir='ltr'><strong>dicenda</strong></span> <span class='ocrx_word' id='word_1_293' title='bbox 697 4711 758 4772; x_wconf 87' lang='lat' dir='ltr'><strong>est.</strong></span> 
     </span>
    </p>
   </div>
   <div class='ocr_carea' id='block_1_8' title="bbox 305 4821 613 4832">
    <p class='ocr_par' dir='ltr' id='par_1_10' title="bbox 305 4821 613 4832">
     <span class='ocr_line' id='line_1_38' title="bbox 305 4821 613 4832; baseline -0.019 0"><span class='ocrx_word' id='word_1_294' title='bbox 305 4821 613 4832; x_wconf 44' lang='grc' dir='ltr'><strong>’Μή--.-ᾑ-</strong></span> 
     </span>
    </p>
   </div>
   <div class='ocr_carea' id='block_1_9' title="bbox 304 4854 1549 5108">
    <p class='ocr_par' dir='ltr' id='par_1_11' title="bbox 304 4854 1549 5108">
     <span class='ocr_line' id='line_1_39' title="bbox 396 4854 1548 4930; baseline -0.008 -14"><span class='ocrx_word' id='word_1_295' title='bbox 396 4863 402 4896; x_wconf 86' lang='lat'><strong>¹</strong></span> <span class='ocrx_word' id='word_1_296' title='bbox 424 4863 529 4926; x_wconf 78' lang='lat' dir='ltr'><strong>Confer,</strong></span> <span class='ocrx_word' id='word_1_297' title='bbox 549 4863 573 4915; x_wconf 86' lang='lat' dir='ltr'><strong>si</strong></span> <span class='ocrx_word' id='word_1_298' title='bbox 591 4861 674 4926; x_wconf 89' lang='lat' dir='ltr'><strong>lubet,</strong></span> <span class='ocrx_word' id='word_1_299' title='bbox 695 4879 764 4930; x_wconf 90' lang='lat' dir='ltr'><strong>quae</strong></span> <span class='ocrx_word' id='word_1_300' title='bbox 783 4859 848 4914; x_wconf 88' lang='lat' dir='ltr'><strong>alibi</strong></span> <span class='ocrx_word' id='word_1_301' title='bbox 868 4861 900 4914; x_wconf 87' lang='lat' dir='ltr'><strong>de</strong></span> <span class='ocrx_word' id='word_1_302' title='bbox 920 4861 1015 4914; x_wconf 84' lang='lat' dir='ltr'><strong>eodem</strong></span> <span class='ocrx_word' id='word_1_303' title='bbox 1034 4863 1194 4928; x_wconf 89' lang='lat' dir='ltr'><strong>argumento</strong></span> <span class='ocrx_word' id='word_1_304' title='bbox 1208 4857 1363 4926; x_wconf 80' lang='lat' dir='ltr'><strong>germanice</strong></span> <span class='ocrx_word' id='word_1_305' title='bbox 1376 4854 1548 4925; x_wconf 83' lang='lat' dir='ltr'><strong>scripsimus:</strong></span> 
     </span>
     <span class='ocr_line' id='line_1_40' title="bbox 304 4943 1549 5012; baseline -0.009 -5"><span class='ocrx_word' id='word_1_306' title='bbox 304 4952 354 5007; x_wconf 90' lang='lat' dir='ltr'><strong>Die</strong></span> <span class='ocrx_word' id='word_1_307' title='bbox 374 4951 542 5005; x_wconf 80' lang='lat' dir='ltr'><strong>Grundsdtze</strong></span> <span class='ocrx_word' id='word_1_308' title='bbox 570 4950 618 5004; x_wconf 86' lang='lat' dir='ltr'><strong>der</strong></span> <span class='ocrx_word' id='word_1_309' title='bbox 641 4949 809 5004; x_wconf 85' lang='lat' dir='ltr'><strong>Sittlichkait</strong></span> <span class='ocrx_word' id='word_1_310' title='bbox 833 4949 887 5002; x_wconf 89' lang='lat' dir='ltr'><strong>und</strong></span> <span class='ocrx_word' id='word_1_311' title='bbox 915 4949 962 5002; x_wconf 84' lang='lat' dir='ltr'><strong>dee</strong></span> <span class='ocrx_word' id='word_1_312' title='bbox 988 4947 1107 5002; x_wconf 88' lang='lat' dir='ltr'><strong>Rechtes</strong></span> <span class='ocrx_word' id='word_1_313' title='bbox 1131 4965 1157 5001; x_wconf 90' lang='lat' dir='ltr'><strong>n.</strong></span> <span class='ocrx_word' id='word_1_314' title='bbox 1183 4947 1305 5009; x_wconf 79' lang='lat'><strong>49-53,</strong></span> <span class='ocrx_word' id='word_1_315' title='bbox 1330 4944 1462 5012; x_wconf 84' lang='lat' dir='ltr'><strong>Freiburg</strong></span> <span class='ocrx_word' id='word_1_316' title='bbox 1480 4944 1498 4997; x_wconf 89' lang='lat' dir='ltr'><strong>i.</strong></span> <span class='ocrx_word' id='word_1_317' title='bbox 1517 4943 1549 4996; x_wconf 93' lang='lat' dir='ltr'><strong>B.</strong></span> 
     </span>
     <span class='ocr_line' id='line_1_41' title="bbox 305 5034 1368 5108; baseline -0.007 -13"><span class='ocrx_word' id='word_1_318' title='bbox 305 5042 382 5105; x_wconf 86' lang='grc'><strong>1868,</strong></span> <span class='ocrx_word' id='word_1_319' title='bbox 401 5039 515 5094; x_wconf 88' lang='lat' dir='ltr'><strong>Herder.</strong></span> <span class='ocrx_word' id='word_1_320' title='bbox 625 5039 682 5092; x_wconf 75' lang='lat'><strong>¹3.</strong></span> <span class='ocrx_word' id='word_1_321' title='bbox 706 5039 796 5093; x_wconf 71' lang='lat' dir='ltr'><strong>ltom.</strong></span> <span class='ocrx_word' id='word_1_322' title='bbox 819 5038 840 5103; x_wconf 91' lang='lat'><strong>1,</strong></span> <span class='ocrx_word' id='word_1_323' title='bbox 860 5039 885 5095; x_wconf 81' lang='lat'><strong>2.</strong></span> <span class='ocrx_word' id='word_1_324' title='bbox 905 5056 930 5108; x_wconf 93' lang='lat' dir='ltr'><strong>q.</strong></span> <span class='ocrx_word' id='word_1_325' title='bbox 951 5038 993 5102; x_wconf 81' lang='lat'><strong>93,</strong></span> <span class='ocrx_word' id='word_1_326' title='bbox 1014 5055 1038 5092; x_wconf 86' lang='lat' dir='ltr'><strong>a.</strong></span> <span class='ocrx_word' id='word_1_327' title='bbox 1058 5039 1089 5100; x_wconf 84' lang='lat'><strong>4;</strong></span> <span class='ocrx_word' id='word_1_328' title='bbox 1110 5053 1136 5105; x_wconf 86' lang='lat' dir='ltr'><strong>q.</strong></span> <span class='ocrx_word' id='word_1_329' title='bbox 1155 5038 1197 5100; x_wconf 87' lang='grc'><strong>91,</strong></span> <span class='ocrx_word' id='word_1_330' title='bbox 1217 5052 1240 5090; x_wconf 89' lang='lat' dir='ltr'><strong>a.</strong></span> <span class='ocrx_word' id='word_1_331' title='bbox 1263 5037 1275 5089; x_wconf 96' lang='lat' dir='ltr'><strong>l</strong></span> <span class='ocrx_word' id='word_1_332' title='bbox 1297 5039 1324 5088; x_wconf 89' lang='lat' dir='ltr'><strong>et</strong></span> <span class='ocrx_word' id='word_1_333' title='bbox 1343 5034 1368 5088; x_wconf 87' lang='lat'><strong>2.</strong></span> 
     </span>
    </p>
   </div>
   <div class='ocr_carea' id='block_1_10' title="bbox 0 0 1981 5842">
    <p class='ocr_par' dir='ltr' id='par_1_12' title="bbox 0 0 1981 5842">
     <span class='ocr_line' id='line_1_42' title="bbox 0 0 1981 5842; baseline 0 0"><span class='ocrx_word' id='word_1_334' title='bbox 0 0 1981 5842; x_wconf 95' lang='lat' dir='ltr'><strong> </strong></span> 
     </span>
    </p>
   </div>
  </div>
 </body>
</html>
