3909 5842
401 670 464 734 212
626 663 716 720 Sectis
734 665 754 718 Ι.
792 664 872 718 Liber
891 665 938 719 ΙΙΙ.
976 665 1065 736 Caput
1083 665 1117 720 11.
1157 665 1295 720 Articulus
1315 666 1341 720 2.
1378 666 1441 735 §L

400 842 627 929 providentiae
651 842 844 920 subduntur,
870 843 980 922 alege
996 847 1133 909 aeterna
1148 843 1342 926 regulentur
1358 849 1392 910 et
1407 848 1658 916 mensurentur,

399 950 608 1017 manifestum
633 952 694 1026 est,
719 949 805 1031 quod
829 952 936 1016 omnia
956 952 1154 1036 participant
1171 953 1347 1036 aequaliter
1361 953 1457 1035 lepem
1473 958 1658 1029 aeternam,

400 1060 436 1122 in
469 1063 622 1142 quantum
655 1057 770 1120 scilicet
802 1077 840 1120 on
873 1058 1081 1140 impressione
1113 1059 1182 1121 aas
1211 1058 1328 1122 latuit
1357 1059 1590 1122 inclinationes
1625 1059 1659 1119 in

398 1165 548 1248 proprios
572 1169 661 1226 octus
684 1169 712 1226 et
733 1161 821 1244 fines,
855 1161 945 1227 Inter
969 1166 1080 1227 cetera
1103 1167 1214 1229 autem
1237 1166 1409 1230 rationalis
1425 1172 1581 1228 creatura
1599 1183 1661 1226 ex·

402 1268 591 1335 cellentiore
608 1267 748 1349 quodam
764 1267 859 1333 modo
877 1266 1007 1334 divinae
1023 1268 1251 1352 providentiae
1266 1269 1424 1349 subiacet,
1440 1268 1474 1333 in
1491 1273 1662 1352 quantum

401 1379 436 1441 et
458 1375 530 1459 ipsa
552 1374 597 1440 sit
611 1375 830 1460 prouidentiae
845 1379 1014 1460 particeps,
1039 1373 1178 1458 sibiipsi
1195 1379 1228 1442 et
1245 1375 1318 1440 aliis
1333 1375 1520 1459 providens.
1556 1375 1663 1441 Unde

402 1485 436 1547 et
465 1480 498 1544 in
527 1481 599 1564 ipsa
621 1482 842 1567 participatur
872 1483 955 1546 ratio
979 1489 1120 1564 octana,
1151 1505 1211 1566 per
1233 1505 1329 1568 quam
1352 1483 1446 1548 labet
1468 1483 1662 1548 naturalem

401 1589 639 1653 inclinationem
668 1587 713 1651 aot
744 1587 882 1652 debitum
913 1595 1017 1653 aetum
1041 1596 1068 1653 et
1088 1587 1204 1672 finam·
1230 1588 1309 1654 talis
1331 1587 1541 1673 participatio
1569 1587 1663 1671 legis

402 1698 557 1760 aeternae
591 1691 624 1757 in
659 1693 812 1760 rationali
847 1697 1006 1760 creatura·
1033 1697 1083 1761 lea
1113 1696 1277 1761 naturalis
1308 1694 1437 1762 dicitur.
1491 1697 1536 1761 Et
1570 1695 1664 1760 haec

402 1800 530 1883 quidem
561 1798 769 1883 participatio
800 1799 883 1882 legis
913 1804 1071 1866 aeternae
1100 1800 1134 1865 in
1165 1805 1319 1867 creatura
1341 1804 1496 1868 rationali
1518 1800 1663 1885 proprie

402 1910 452 1974 lec
476 1909 622 1984 vocatur,
647 1904 724 1987 quia
746 1905 917 1972 rationalis
940 1911 1093 1972 ereatura
1115 1906 1294 1990 participat
1309 1928 1382 1972 eam
1399 1909 1664 1973 intellectualiter

403 2021 430 2080 et
452 2013 654 2078 rationaliter
660 2034 674 2092 ;
703 2029 777 2075 nam
803 2011 858 2076 lex
882 2015 934 2078 est
957 2011 1080 2093 aliquid
1104 2012 1252 2078 rationis.
1298 2012 1337 2077 In
1361 2018 1515 2079 creatura
1537 2018 1660 2079 autem

401 2117 585 2186 irrationali
609 2115 678 2196 (lex
701 2119 851 2198 aeterna)
876 2138 939 2182 non
971 2118 1191 2202 participatur
1218 2119 1443 2196 rationaliter3
1475 2120 1561 2185 unde
1586 2140 1659 2183 non

401 2228 512 2310 potest
535 2223 597 2288 dici
621 2224 676 2288 lex
695 2222 756 2288 nisi
773 2243 832 2306 per
847 2222 1149 2289 similitudinem.“¹
1175 2260 1216 2270 -
1240 2226 1313 2290 Huc
1328 2225 1480 2291 similiter
1494 2225 1659 2298 refertur,

402 2332 487 2416 quod
518 2352 594 2397 mox
625 2329 809 2412 subiungit:
845 2330 978 2408 ,Omnis
1002 2330 1146 2413 cognitio
1170 2332 1322 2398 veritatis
1346 2336 1397 2398 est
1420 2331 1580 2413 quaedam
1609 2330 1660 2394 ir·

405 2437 545 2505 radiatio
576 2440 611 2502 et
634 2435 843 2520 participatio
876 2437 959 2520 legis
990 2441 1155 2515 aeternae,
1187 2459 1271 2520 quae
1302 2441 1354 2503 est
1376 2437 1501 2504 veritas
1525 2437 1658 2502 incom-

401 2543 623 2611 mutabilie.“²
669 2542 713 2608 Et
743 2541 821 2607 alibi
851 2543 1056 2626 distinguens
1086 2545 1191 2626 legem
1223 2546 1406 2610 naturalem
1430 2544 1547 2625 alege
1571 2564 1657 2609 con-

403 2649 633 2734 cupiscentiae,
659 2649 698 2713 de
722 2647 830 2732 priore
854 2648 987 2715 sicali:
1017 2650 1127 2728 ,Haec
1151 2649 1230 2714 nihil
1254 2649 1341 2714 aliud
1358 2652 1409 2715 est
1425 2671 1523 2732 quam
1538 2651 1655 2715 lumen

401 2755 590 2821 intellectus
614 2754 747 2820 insitum
772 2754 865 2819 nobis
889 2755 1004 2833 aDeo‚
1029 2777 1088 2839 per
1111 2757 1196 2838 quod
1213 2755 1438 2838 cognoscimus
1453 2755 1530 2837 quid
1546 2777 1655 2839 agen-

402 2863 479 2928 dum
508 2866 542 2926 et
572 2861 649 2943 quid
679 2861 859 2928 vitandum.
907 2863 979 2928 Hoc
1010 2864 1119 2928 lumen
1149 2867 1184 2928 et
1210 2863 1295 2927 hanc
1317 2864 1424 2946 legem
1448 2860 1537 2928 dedit
1559 2862 1655 2928 Deus

401 2965 523 3033 homini
546 2965 579 3032 in
603 2967 825 3034 creatione.“⁸

403 3103 472 3176 243.
562 3106 693 3191 Concipi
724 3107 826 3190 igitur
850 3108 947 3175 debet
970 3108 1025 3173 lex
1049 3108 1211 3174 naturalis
1234 3112 1401 3189 tamquam
1424 3107 1657 3173 manifestatio

402 3233 460 3278 seu
492 3221 621 3280 caterno
649 3217 861 3300 promulpatio
888 3215 992 3298 ipsius
1019 3215 1102 3296 legis
1132 3219 1288 3281 aeternae
1319 3215 1351 3279 in
1375 3219 1524 3297 tempore
1547 3214 1653 3290 facta,

403 3324 436 3386 et
460 3320 589 3402 quidem
610 3343 670 3407 pro
695 3323 778 3387 etin
803 3324 957 3388 rationali
980 3330 1140 3405 creatura,
1164 3342 1228 3386 non
1252 3326 1419 3403 tamquam
1437 3319 1559 3403 aliquid
1574 3321 1653 3385 huic

403 3427 608 3492 extrinsecus
638 3427 894 3510 superadditum,
926 3427 984 3493 sed
1008 3428 1066 3505 ita,
1097 3430 1134 3492 ut
1161 3426 1234 3510 ipsa
1256 3432 1376 3492 natura
1398 3426 1570 3492 rationalis
1590 3450 1654 3512 per

404 3535 639 3598 inclinationem
672 3537 852 3600 naturalem
886 3533 1058 3614 (diuinitus
1090 3533 1294 3619 impressam)
1323 3534 1368 3597 ad
1400 3554 1473 3598 suos
1502 3535 1654 3618 proprios

404 3645 493 3703 octus
516 3638 560 3704 sit
576 3637 659 3720 legis
676 3642 831 3705 aeternae
847 3638 1057 3723 participatio
1074 3643 1108 3704 et
1123 3637 1353 3721 promulgatio,
1378 3639 1650 3720 quemadmodum

404 3749 455 3810 eet
478 3744 616 3810 rationis
640 3743 771 3810 divinae
795 3749 909 3810 creata
932 3745 1092 3826 quaedam
1117 3744 1237 3827 imago.

494 3849 585 3927 Quod
609 3853 719 3915 autem
742 3851 776 3914 in
795 3850 868 3934 ipsa
884 3850 945 3916 hac
966 3848 1128 3928 ,naturali
1143 3848 1371 3914 inclinations“
1391 3850 1475 3932 legis
1491 3850 1653 3917 naturalis

405 3956 541 4022 directio
571 3956 769 4034 inveniatur,
802 3957 878 4021 inde
908 3961 973 4034 est,
1007 3956 1084 4038 quia
1117 3955 1241 4033 ,omnis
1270 3956 1419 4038 operatio
1449 3957 1585 4024 rationis
1616 3962 1649 4022 et

405 4064 586 4130 voluntatis
611 4063 780 4129 derivatur
803 4063 836 4128 in
860 4062 955 4128 nobis
979 4065 1021 4128 ab
1045 4083 1093 4139 eo,
1118 4062 1204 4144 quod
1227 4065 1279 4126 est
1294 4063 1472 4127 secundum
1487 4068 1649 4128 naturam.

404 4169 491 4237 Nam
523 4169 627 4236 omnis
657 4170 866 4237 ratiocinatio
897 4169 1067 4235 derivatur
1094 4191 1115 4234 a
1136 4167 1304 4252 principiis
1328 4169 1525 4235 naturaliter
1546 4169 1650 4246 notis3

405 4281 439 4344 et
455 4277 559 4342 omnis
575 4276 742 4362 appetitus
759 4296 881 4354 eorum,
907 4297 991 4359 quae
1007 4280 1084 4341 eunt
1100 4274 1140 4339 ad
1156 4276 1264 4352 finem,
1289 4274 1458 4340 derivatur
1473 4295 1494 4338 a
1508 4275 1650 4340 naturali

406 4383 555 4467 appetitu
586 4382 693 4448 ultimi
724 4383 813 4456 finis;
846 4386 881 4448 et
910 4380 957 4446 sic
981 4381 1081 4447 etiam
1105 4383 1246 4463 oportet,
1278 4378 1364 4462 quod
1387 4380 1493 4463 prima
1516 4381 1650 4448 directio

406 4495 537 4555 actuum
561 4493 746 4554 nostrorum
772 4488 813 4554 ad
837 4489 1019 4552 finemfiat
1041 4508 1101 4570 per
1123 4487 1229 4568 legem
1254 4485 1491 4551 naturalem.“⁴

407 4625 476 4698 244.
566 4630 685 4713 Differt
705 4633 802 4716 proin
826 4632 876 4694 lea
899 4632 1061 4694 naturalis
1084 4650 1105 4693 a
1129 4629 1193 4711 lopo
1215 4635 1363 4691 aeterno:

499 4739 526 4801 1.
557 4736 653 4801 sicuti
683 4736 739 4800 lex
768 4733 907 4800 subditis
938 4739 1075 4800 externe
1099 4733 1308 4815 promulgata
1331 4751 1351 4795 a
1374 4731 1447 4812 lege
1470 4731 1652 4797 exsistente

407 4843 439 4906 in
463 4847 572 4909 mente
595 4843 809 4925 legislatoris;

453 4960 710 5055 ”sinesiis
761 4997 983 5067 enecans.
1046 4996 1271 5064 macerer.
1339 4994 1649 5061 ‘cananaeae
