3909 5842
452 706 516 770 404
678 700 766 756 Sestio
786 700 819 754 lI.
856 699 937 754 Liber
955 701 989 755 ll.
1027 701 1116 770 Caput
1134 700 1155 753 Ι.
1192 699 1332 755 Articulus
1350 701 1376 754 4.
1414 699 1476 767 52.

451 884 589 948 eatenus
611 879 720 944 reales
744 877 952 944 condiciones
975 877 1056 943 iuris
1079 876 1298 961 appellantur,
1322 896 1540 959 nequaquam
1556 897 1634 942 vero
1647 875 1690 941 ad·

450 986 537 1055 mitti
560 989 681 1071 potest,
706 989 744 1053 ut
768 1006 888 1052 causae
911 988 1097 1072 simplrciter
1121 984 1290 1069 efficientes
1313 983 1476 1062 dicantur,
1511 985 1535 1050 i.
1561 1005 1590 1050 e.
1614 985 1690 1050 talea

450 1115 509 1178 per
540 1114 621 1175 quas
652 1093 723 1158 iura
753 1091 825 1177 ipsa
849 1092 948 1158 etiam
973 1092 1151 1158 secuudum
1175 1091 1384 1157 essentialem
1407 1112 1509 1156 suam
1534 1090 1691 1156 entitatem

451 1199 529 1267 oriri
559 1199 799 1266 existimentur.
847 1198 1049 1281 Quamquam
1080 1197 1182 1281 igitur
1204 1197 1352 1264 homines
1375 1218 1407 1263 v.
1430 1217 1464 1279 g.
1490 1196 1611 1262 liberis
1632 1217 1692 1261 ccu-

450 1305 612 1372 tractibus
642 1325 715 1370 sese
745 1307 858 1370 mutuo
889 1303 1025 1370 iuridice
1056 1303 1213 1386 obligare,
1245 1306 1344 1386 atque
1373 1303 1421 1369 ita
1443 1324 1543 1369 nova
1566 1303 1692 1384 quotidie

450 1411 523 1478 iura
546 1415 580 1477 et
603 1409 683 1476 iuris
707 1409 815 1476 officia
839 1410 979 1476 condere
1003 1411 1103 1493 vulgo
1128 1409 1291 1488 dicuutur,
1315 1431 1381 1475 nou
1404 1415 1524 1475 tamen
1549 1409 1614 1493 ipsi
1628 1409 1691 1473 baec

451 1538 530 1582 vere
560 1516 701 1596 efficere,
733 1517 790 1582 sed
821 1518 927 1583 reales
958 1521 1087 1584 tautum
1119 1515 1326 1582 condiciones
1349 1514 1612 1581 subministrare
1633 1536 1692 1579 ceu·

450 1624 542 1690 seudi
562 1630 648 1704 suut,
675 1623 791 1706 quibus
814 1624 930 1709 positis
954 1624 1028 1689 iura
1051 1628 1152 1706 atque
1175 1623 1331 1690 officiain
1346 1622 1522 1688 individuo
1540 1621 1693 1688 moraliter

451 1729 561 1796 valida
585 1733 619 1796 et
641 1729 843 1796 inviolabilia
867 1729 900 1795 vi
922 1729 1045 1795 ordinis
1060 1730 1233 1796 rationalis
1249 1729 1406 1796 divinitus
1421 1749 1499 1794 esse
1517 1749 1562 1795 ac
1577 1729 1692 1793 realiter

450 1837 563 1921 vigere
586 1835 755 1920 incipiunt.

450 1975 521 2049 505.
612 1979 642 2044 3.
675 1977 772 2044 Ratio
804 1975 952 2060 denique,
986 1998 1070 2060 quae
1103 1981 1218 2043 contra
1251 1976 1393 2042 divinam
1426 1975 1512 2041 iuris
1549 1975 1690 2056 originem

449 2084 525 2150 inde
548 2083 616 2166 peti
640 2083 734 2162 solet,
767 2083 853 2165 quod
877 2081 1001 2148 homini
1023 2081 1200 2164 aliquando
1224 2101 1306 2146 vera
1328 2081 1401 2147 iura
1423 2081 1598 2147 obiectivs
1619 2101 1690 2145 com·

449 2195 563 2276 petere
587 2189 750 2268 videntur,
775 2209 859 2271 quae
882 2209 942 2272 per
965 2210 1002 2254 se
1026 2210 1099 2254 cum
1122 2189 1197 2271 lege
1216 2187 1327 2254 divina
1343 2187 1458 2253 morali
1475 2192 1632 2271 pugnent
1645 2207 1690 2251 uer

449 2296 542 2382 proin
567 2298 608 2362 ab
633 2316 672 2362 ea
695 2295 838 2362 derivari
862 2296 1028 2362 ullatenus
1051 2294 1188 2379 possint,
1217 2295 1304 2360 falsa
1327 2294 1502 2378 hypothesi
1530 2294 1689 2360 nitituret

449 2405 532 2470 satis
562 2403 729 2470 refutatur
758 2401 809 2480 iis,
843 2409 938 2485 quae
959 2423 1061 2486 supra
1092 2401 1136 2483 (n.
1161 2400 1241 2483 475)
1265 2401 1305 2467 de
1330 2402 1564 2486 distinguendo
1588 2405 1689 2466 iared

449 2515 534 2578 iuris
555 2534 616 2578 asa
641 2510 839 2576 dictasunt.
878 2509 998 2574 Procul
1022 2507 1119 2573 dubio
1143 2508 1276 2573 evenire
1299 2511 1420 2591 potest,
1444 2510 1483 2571 ut
1507 2512 1619 2582 astris,
1640 2525 1688 2587 quo

449 2618 520 2702 quis
544 2639 623 2682 vero
647 2616 755 2697 aliquo
779 2636 838 2681 suo
862 2615 933 2680 iure
956 2615 1070 2693 utitur,
1095 2635 1291 2697 quamquam
1307 2635 1366 2698 per
1381 2635 1418 2679 se
1432 2613 1495 2679 iuri
1514 2619 1554 2680 et
1570 2613 1687 2679 strictae

446 2723 592 2790 iustitiae
616 2743 788 2805 congruus,
813 2721 945 2787 aliunde
968 2726 1080 2788 tamen
1104 2741 1177 2786 cum
1201 2720 1275 2804 lege
1297 2721 1413 2786 morali
1439 2742 1471 2786 v.
1489 2742 1524 2803 g.
1554 2717 1687 2787 canus

447 2829 643 2914 gravissime
672 2833 807 2913 pugnet.
854 2827 908 2893 Ita
937 2848 1017 2893 sane
1049 2827 1266 2894 immoraliter
1295 2848 1354 2891 suo
1383 2826 1454 2892 iure
1485 2823 1686 2912 proprietas

447 2938 597 3003 uteretur
626 2955 747 3000 avarus
778 2934 947 3000 domorum
981 2955 1160 3018 possessor,
1194 2933 1248 3017 qui
1282 2934 1373 3000 nulla
1405 2955 1466 3000 sua
1498 2934 1686 3001 necessitate

447 3042 634 3126 compulsus
649 3041 795 3107 debitum
811 3040 874 3106 sibi
889 3040 1062 3107 locationis
1078 3040 1220 3125 pretium
1236 3044 1331 3107 tanto
1347 3040 1456 3122 rigore
1472 3045 1685 3124 extorqueret.

448 3153 486 3216 ut
517 3149 640 3214 incolas
672 3146 840 3230 praesenti
873 3147 1010 3229 penuria
1042 3146 1191 3211 solvendi
1221 3147 1363 3230 impotes
1393 3146 1502 3212 subito
1536 3169 1613 3212 cum
1633 3143 1685 3210 sub

448 3254 584 3322 emissos
607 3273 753 3320 summae
775 3252 907 3319 tradere
923 3252 1076 3318 miseriae
1090 3253 1136 3318 nil
1153 3253 1328 3319 dubitaret.
1353 3251 1432 3329 Quis
1448 3257 1566 3320 autem
1582 3251 1685 3319 dixerit

450 3366 556 3448 ipsum
578 3363 630 3426 ius
655 3359 797 3438 dominii,
830 3359 915 3440 quod
938 3359 967 3423 is
990 3359 1137 3441 legitime
1160 3359 1316 3442 possidet,
1340 3357 1361 3424 i.
1386 3380 1415 3425 e.
1438 3358 1490 3423 ius
1513 3357 1685 3442 generatim

447 3469 549 3534 libere
573 3468 613 3532 de
635 3486 672 3531 re
696 3486 756 3530 sua
780 3465 982 3548 disponendi,
1006 3485 1066 3548 per
1088 3487 1124 3530 se
1147 3465 1274 3550 pariter
1296 3466 1417 3530 malum
1435 3469 1469 3530 et
1484 3465 1556 3548 legi
1572 3465 1685 3531 divium

449 3573 648 3640 contrarium
672 3576 768 3638 esse?
799 3571 836 3636 Id
861 3575 999 3638 eatenus
1022 3575 1153 3638 tautum
1177 3572 1370 3637 concludere
1386 3571 1511 3649 liceret,
1537 3577 1684 3655 quatenu

448 3681 571 3746 malum
601 3681 735 3756 morale,
766 3679 851 3761 quod
880 3677 1114 3762 particularem
1138 3677 1218 3743 iuris
1241 3699 1335 3743 usum
1359 3677 1538 3744 comitatur
1562 3693 1685 3757 eumque

449 3791 626 3872 propterea
648 3785 797 3851 illicitum
822 3784 939 3864 reddit,
964 3785 1131 3868 proprium
1155 3785 1394 3866 quodammodo
1413 3789 1448 3850 et
1460 3786 1604 3868 formale
1618 3785 1684 3848 ianr

449 3895 599 3960 obiectum
624 3891 803 3969 exhiberet,
828 3913 849 3958 a
872 3913 934 3974 quo
957 3891 1039 3956 illud
1057 3891 1174 3958 merito
1191 3891 1291 3958 etiam
1308 3890 1585 3956 denominandum
1601 3892 1683 3956 esset·

449 4001 519 4066 lam
542 4019 632 4076 veru,
657 3998 807 4080 quamvis
830 3997 978 4062 homines
1001 3997 1072 4062 iure
1095 4018 1161 4062 non
1183 3997 1292 4062 minue
1314 4017 1353 4062 ac
1376 3997 1531 4064 libertate
1549 3996 1638 4064 abuti
1652 3991 1683 4058 ad

449 4106 571 4173 mal-um
591 4104 736 4180 valeant,
762 4103 873 4186 ecquis
896 4108 1008 4170 tamen
1032 4124 1185 4185 umquam
1209 4103 1249 4168 iis
1273 4102 1412 4168 formale
1434 4107 1485 4168 ias
1510 4106 1558 4168 ad
1581 4103 1682 4169 melum

450 4215 637 4295 competere
661 4210 805 4277 dixerit?

451 4378 524 4460 52.
557 4378 621 4443 Ius
650 4381 710 4443 est
738 4397 829 4460 pars
858 4375 1108 4441 constituens
1137 4375 1327 4442 obiectivi
1355 4376 1504 4442 ordinis
1527 4375 1681 4443 moralis.

451 4498 521 4570 506.
612 4499 731 4583 Aliquo
756 4499 984 4582 qualicumque
1006 4521 1093 4565 nexu
1117 4497 1168 4564 ius
1185 4520 1258 4565 cum
1274 4499 1439 4567 obiectiva
1453 4500 1682 4566 moralitatear

452 4607 560 4672 divino
585 4607 698 4671 ordine
721 4604 872 4687 coniungi
896 4626 1020 4688 negare
1038 4627 1103 4670 uon
1118 4611 1256 4688 possunt
1271 4627 1378 4688 neque
1394 4610 1527 4689 negant,
1551 4606 1682 4688 quicum·

452 4733 514 4794 que
537 4712 617 4778 iuris
640 4733 758 4776 nomeu
782 4732 842 4776 sua
865 4710 963 4777 ideali
988 4711 1151 4794 dignitate
1173 4711 1305 4795 penitus
1328 4711 1506 4795 exspoliari
1529 4715 1627 4794 atque
1650 4704 1680 4772 ad

452 4839 576 4884 merum
607 4817 775 4902 potentiae
806 4817 994 4883 realismum
1020 4817 1158 4902 deprimi
1181 4817 1306 4884 nolunt.
1354 4816 1418 4883 Ubi
1442 4821 1552 4884 autem
1577 4813 1680 4882 adde

452 4922 628 4988 finiendum
651 4923 736 4988 hunc
760 4943 880 4988 nexum
896 4922 1030 5006 propius
1046 4923 1216 5002 accedunt,
1241 4944 1304 4987 non
1321 4923 1393 5006 pari
1410 4944 1570 4989 consensu
1586 4938 1679 4989 omnes

452 5051 564 5096 veram
589 5029 642 5093 vel
665 5032 771 5094 totam
795 5027 956 5094 internam
983 5029 1143 5094 rationem
1169 5029 1348 5112 attingunt,
1381 5050 1447 5112 qua
1469 5032 1537 5096 solu
1559 5033 1679 5108 uterque
