3909 5842
607 687 686 742 Unde
704 688 808 742 anatur
825 687 957 756 obligatio
974 688 1046 755 legis
1064 687 1207 758 positivae.
1469 690 1533 754 259

377 867 448 932 Lex
476 865 623 950 positiva
649 870 759 953 priore
788 866 884 931 modo
914 865 949 930 in
977 865 1052 949 lege
1084 869 1223 932 naturae
1252 863 1391 932 fundata
1414 869 1539 932 rollone

289 975 442 1038 materiae
463 992 544 1038 vere
563 972 726 1040 naturalis
742 976 777 1038 et
791 972 898 1038 solum
913 975 1040 1038 ratione
1055 974 1261 1058 conlinyenlis
1274 975 1538 1059 promulpullonis

288 1077 431 1161 positiva
447 1082 515 1156 est;
539 1098 642 1162 quare
656 1077 704 1143 nil
719 1078 824 1156 obest,
848 1077 1030 1160 quominus,
1055 1081 1092 1144 ut
1108 1077 1217 1142 omnia
1232 1077 1358 1160 reliqua
1373 1079 1539 1144 naturalia

288 1189 477 1268 praecepta,
500 1185 624 1251 lumine
647 1206 776 1269 quoque
798 1185 937 1251 rationis
960 1205 981 1250 a
1004 1205 1156 1269 supremo
1172 1183 1256 1266 legis
1271 1185 1433 1250 naturalis
1448 1185 1538 1269 prin-

288 1287 373 1372 cipio
396 1309 456 1372 per
477 1290 610 1356 modum
629 1288 834 1356 deductionis
849 1289 994 1356 derivari
1008 1288 1124 1373 possit.
1156 1290 1278 1355 Multas
1293 1310 1412 1357 revera
1426 1289 1538 1358 huius·

288 1394 376 1460 modi
405 1399 540 1462 exstare
569 1397 661 1480 leges
689 1395 861 1480 positivus,
892 1395 959 1461 iam
988 1395 1071 1461 alias
1093 1394 1294 1472 monuimus;
1325 1400 1473 1463 attamen
1497 1397 1539 1462 ad

289 1500 452 1568 rationem
467 1501 616 1567 omnibus
631 1501 785 1585 positivis
800 1501 929 1584 legibus
945 1521 1148 1566 communem
1165 1520 1371 1584 nequaquam
1383 1502 1538 1585 pertinet,

288 1606 350 1672 boc
379 1606 477 1672 modo
505 1606 540 1671 in
569 1606 645 1690 lege
673 1611 813 1674 naturae
842 1606 991 1682 fundari;
1028 1607 1153 1674 cunctis
1183 1607 1292 1691 potius
1324 1608 1539 1675 communiter

289 1713 454 1790 convenit,
484 1715 522 1778 ut
549 1712 649 1779 etiam
673 1713 832 1780 materias
852 1733 913 1797 per
935 1733 972 1778 se
1000 1715 1165 1778 moraliter
1194 1713 1414 1796 indifferentes
1442 1734 1539 1798 prae·

290 1817 400 1902 cipere
422 1819 476 1883 vel
498 1818 671 1903 prohibere
694 1820 838 1885 valeant.

379 1937 489 2001 Altero
501 1939 611 2002 antem
623 1935 730 2014 modo,
743 1935 870 2001 scilicet
880 1937 1006 2001 ratione
1016 1934 1143 2017 formae
1157 1951 1216 1999 seu
1231 1934 1411 2014 reductive,
1428 1957 1541 2002 omnes

291 2041 391 2124 plane
412 2041 505 2124 leges
527 2040 691 2145 positivae
713 2040 748 2106 in
770 2041 844 2124 lege
866 2039 1011 2108 naturali
1035 2060 1129 2106 suum
1153 2060 1323 2105 commune
1348 2041 1540 2108 tundamen-

291 2152 363 2212 tum
385 2148 531 2217 habeant
553 2168 687 2214 necesse
710 2153 771 2214 est.
818 2147 915 2213 Unde
937 2146 1159 2228 consequitur,
1190 2167 1351 2212 summum
1375 2147 1458 2230 legis
1481 2170 1541 2214 na·

292 2253 410 2318 turalis
438 2253 643 2338 principium,
673 2258 836 2336 quatenus
864 2253 1003 2336 fwmolc
1032 2261 1060 2318 at
1089 2254 1287 2318 reductivum
1317 2257 1377 2332 est,
1407 2255 1542 2322 tametsi

293 2379 353 2443 por
375 2379 411 2425 se
434 2363 469 2426 et
492 2360 616 2426 directe
632 2361 674 2426 ad
690 2361 763 2425 sola
778 2359 889 2424 officia
903 2358 1070 2425 naturalia
1086 2357 1238 2441 pertinet,
1262 2359 1416 2426 indirecte
1430 2364 1541 2428 tamen

295 2468 330 2531 et
352 2463 495 2530 mediate
518 2466 615 2532 simui
638 2466 680 2532 ad
703 2469 823 2532 cuncta
846 2465 947 2531 etiam
970 2463 1115 2548 positiva
1133 2464 1242 2530 oificia
1257 2465 1401 2542 extendi,
1426 2467 1542 2550 quibus

293 2573 390 2637 homo
420 2571 491 2637 sive
521 2571 678 2638 divinitus
708 2572 779 2637 sive
808 2571 998 2638 humanitus
1029 2570 1189 2654 obstringi
1216 2571 1329 2656 possit.
1377 2572 1439 2640 Est
1461 2574 1542 2640 haec

293 2678 420 2744 veritas
443 2678 531 2744 omni
553 2678 684 2762 quidem
705 2683 864 2763 tempore,
889 2678 948 2744 sed
970 2678 1033 2744 hac
1048 2678 1254 2762 potissimum
1270 2681 1383 2745 aetate
1397 2680 1542 2764 practice

294 2783 527 2850 fecundissima
550 2788 650 2868 atque
672 2783 879 2868 gravissima,
903 2783 1003 2849 immo
1025 2805 1085 2868 per
1103 2805 1139 2850 ss
1161 2783 1233 2850 sola
1255 2805 1317 2850 arx
1337 2784 1542 2870 inexpugna-

296 2890 370 2956 bilis
400 2891 562 2974 genuinae
591 2895 627 2958 et
655 2889 874 2957 inalienabilis
901 2890 1066 2956 libertatis
1088 2889 1254 2956 hominum
1278 2911 1316 2956 ao
1338 2893 1542 2976 populorum,

296 3001 488 3065 constanter
511 2997 668 3080 erigenda
689 2997 850 3062 adversus
866 2995 1038 3062 notissima
1052 2996 1110 3062 illa
1125 2997 1270 3062 moderni
1286 2997 1448 3080 legalismi
1464 3001 1545 3083 dog-

296 3108 398 3182 mata,
429 3125 513 3186 quae
541 3105 641 3170 aliam
671 3104 755 3187 legis
777 3101 951 3187 positivae,
984 3102 1102 3168 saltem
1132 3102 1305 3180 hnmanae,
1336 3105 1544 3171 essentialem

296 3210 560 3277 informationem
596 3211 748 3278 nesciunt
783 3209 847 3275 nisi
876 3209 919 3274 ab
948 3208 1115 3274 hominum
1145 3210 1317 3277 voluntate
1349 3209 1543 3278 derivatam.

297 3315 393 3381 Unde
415 3315 460 3383 sit

297 3488 367 3561 292.
458 3477 614 3561 Thetis
641 3477 856 3562 XXXIII·
902 3502 974 3565 Lex
1008 3501 1156 3579 positiva
1184 3503 1280 3564 nulla
1315 3519 1390 3566 esso
1421 3508 1544 3584 potest,

298 3617 385 3678 quae
415 3617 487 3662 non
519 3601 639 3662 saltem
668 3599 861 3662 formaliter
895 3604 929 3662 et
961 3598 1136 3664 reductiva
1166 3616 1225 3662 seu
1249 3599 1360 3676 quoad
1388 3599 1457 3664 vim
1488 3601 1545 3666 ob·

296 3697 428 3780 ligandi
448 3697 487 3758 in
505 3697 582 3776 lege
603 3695 735 3758 demum
756 3696 908 3758 naturali
927 3696 1104 3759 fundetur.
1225 3699 1227 3702 ’

387 3840 736 3908 Praenotandum.
768 3841 907 3906 Sensum
929 3839 1144 3907 terminorum
1169 3840 1369 3923 ,funditor
1388 3851 1417 3908 et
1432 3845 1544 3910 reduc·

297 3949 390 4034 tad,
421 3948 538 4031 quibus
566 3966 609 4012 ex
632 3945 771 4010 adverso
794 3945 995 4029 respondent
1024 3945 1258 4022 ,materialiter
1281 3950 1315 4012 et
1338 3947 1543 4028 deductive“,

297 4056 419 4142 partim
435 4055 563 4137 college
582 4073 625 4117 ex
640 4051 821 4136 praemissa
837 4051 1043 4135 expositione
1059 4051 1104 4131 (n.
1123 4053 1212 4134 291),
1236 4053 1357 4136 partim
1373 4073 1461 4123 exn.
1480 4057 1545 4121 278

298 4169 334 4231 et
357 4163 432 4228 285.
479 4159 640 4237 Assertio,
665 4176 862 4240 quamquam
886 4157 1022 4241 speciali
1044 4157 1141 4222 modo
1163 4157 1270 4240 legem
1294 4158 1469 4226 humanam
1492 4181 1545 4226 re-

297 4269 406 4354 spicit,
430 4271 568 4334 eatenus
590 4270 702 4330 tamen
726 4263 890 4346 generalis
913 4268 966 4329 est
989 4283 1183 4346 omnemque
1201 4264 1343 4348 speciem
1359 4265 1442 4348 legis
1458 4267 1546 4350 posi-

297 4375 390 4443 tivae
413 4371 668 4458 comprehendit,
694 4370 780 4452 quod
803 4370 899 4447 ratio,
924 4390 990 4452 qua
1012 4369 1067 4434 lex
1091 4369 1234 4452 positiva
1256 4369 1290 4434 in
1313 4371 1387 4452 lege
1402 4372 1546 4438 naturali

301 4479 510 4567 ,fundetur“,
533 4478 695 4546 latissimo
719 4498 818 4543 sensu
841 4475 1011 4560 accipitur.
1050 4476 1103 4542 Ita
1125 4475 1280 4541 videlicet
1302 4496 1356 4542 res
1379 4477 1490 4560 aliqua
1512 4479 1546 4544 in

298 4590 365 4655 alia
387 4586 518 4654 iuudari
541 4585 660 4652 dicitur
682 4585 736 4650 vel
757 4588 928 4666 tamquam
950 4583 984 4648 in
1008 4603 1069 4648 sua
1092 4603 1192 4648 causa
1215 4603 1273 4647 seu
1296 4581 1464 4667 principio,
1493 4585 1546 4650 vel

297 4699 469 4777 tamquam
497 4692 533 4758 iu
564 4691 753 4757 condicione
786 4689 984 4756 necessaria.
1038 4689 1111 4754 Hoc
1146 4689 1252 4755 altero
1286 4691 1415 4756 tantum
1449 4689 1545 4756 modo

299 4800 440 4867 assertio
469 4798 511 4864 de
539 4799 614 4881 lege
644 4797 789 4882 positiva
821 4796 921 4863 etiarn
954 4795 1066 4862 divina
1097 4797 1198 4862 valet.
1224 4829 1266 4840 -
1289 4793 1418 4861 Dicitur
1446 4817 1544 4880 porro

300 4905 406 4972 omnis
427 4906 483 4970 lex
505 4904 650 4989 positiva
674 4902 841 4986 ,darnuml
866 4903 900 4967 in
922 4903 997 4986 lege
1021 4901 1163 4968 naturali
1179 4901 1320 4980 fundari,
1343 4901 1364 4968 i.
1381 4925 1409 4969 e.
1426 4903 1544 4970 saltem

298 5012 443 5079 mediate
467 5015 502 5077 et
523 5010 710 5077 ultimatim.
1318 5111 1332 5142 *Β

1278 5113 1309 5166 17
