3909 5842
529 691 569 746 De
587 692 707 748 naturali
725 693 842 748 hominis
859 695 957 748 mento
975 695 1005 748 ct
1022 694 1155 748 demerito
1171 694 1245 765 apud
1262 692 1358 748 Deum
1503 695 1565 762 187

319 889 377 936 seu
407 871 537 936 sociam
567 874 629 948 est,
662 869 755 936 cuiue
777 869 924 936 membra
946 873 1026 936 sunt
1047 869 1178 952 singula
1201 869 1294 936 entia
1314 867 1501 945 rationalia,
1531 872 1567 936 et

319 974 411 1039 cuius
439 995 625 1060 supremum
656 980 819 1043 rectorem
849 980 884 1044 et
907 975 1077 1044 custodem
1099 976 1189 1042 Deus
1215 975 1428 1059 semetipsum
1452 973 1567 1040 eodem

319 1079 420 1147 libero
453 1087 544 1160 actu,
576 1103 642 1165 quo
673 1103 747 1148 eam
779 1082 916 1161 creavit,
950 1081 1133 1150 constituit
1180 1082 1374 1167 Supremam
1406 1102 1568 1147 commune

321 1187 434 1254 lanam
457 1187 553 1253 huius
575 1189 745 1256 societatis
768 1193 821 1256 est
843 1189 967 1256 ordinis
989 1189 1125 1256 moralis
1139 1188 1316 1272 integritas
1338 1191 1374 1254 et
1395 1185 1566 1271 perfectio,

320 1314 480 1360 commane
496 1302 600 1360 antem
616 1299 735 1362 malam
751 1295 896 1362 eiusdem
912 1294 1069 1362 turbatio.
1096 1294 1215 1376 Itaque
1228 1293 1311 1360 illud
1324 1292 1476 1360 societati
1490 1313 1568 1377 pro·

272 1395 274 1400 ’
321 1398 432 1464 videre
444 1403 478 1466 et
490 1420 697 1480 conservare,
713 1401 775 1468 hoa
787 1404 899 1468 autem
912 1420 1027 1466 arcere
1042 1399 1185 1483 supremi
1202 1398 1341 1466 rectoris
1356 1402 1419 1478 est,
1436 1399 1492 1482 qui
1506 1399 1568 1466 hoc

319 1503 416 1571 titulo
431 1509 537 1573 totam
553 1505 746 1574 societatem
762 1507 857 1590 quasi
872 1509 1102 1592 repraesentat
1117 1505 1252 1587 eiusque
1264 1505 1383 1570 bonum
1394 1526 1435 1572 ac
1445 1505 1568 1572 malum

320 1614 488 1694 tamquam
520 1634 615 1678 suum
648 1613 779 1698 accipit.
826 1614 897 1692 Qua
930 1613 1114 1697 praemissa
1147 1611 1410 1679 consideratione
1442 1612 1492 1680 ita
1525 1612 1568 1678 ad

320 1721 463 1783 mentem
486 1719 637 1802 Angelici
659 1720 812 1788 Dootoris
834 1720 1086 1788 ratiocinamur:

409 1823 569 1908 Quidquid
598 1825 695 1892 homo
725 1826 834 1893 meriti
861 1827 916 1894 vel
939 1826 1091 1894 demeriti
1113 1826 1215 1892 habet
1236 1825 1326 1909 apud
1347 1825 1567 1892 universalem

320 1929 405 1996 hano
428 1935 603 1999 condatem
622 1933 733 2000 divino
749 1933 901 2016 regimini
916 1932 1107 2011 subiectam,
1131 1932 1217 1998 idem
1232 1931 1334 1998 habet
1349 1931 1436 2015 apud
1450 1932 1568 2010 Deum,

321 2035 390 2100 eius
419 2046 569 2104 rectorem
601 2047 629 2104 at
658 2040 826 2106 mastodem.
873 2041 974 2125 Atqui
996 2038 1085 2122 apud
1107 2037 1198 2104 illam
1221 2036 1425 2116 societatem,
1455 2057 1568 2120 quem·

321 2140 495 2208 admodum
519 2144 624 2210 omnis
647 2147 741 2212 notus
763 2145 925 2210 humanus
948 2145 1120 2212 moraliter
1137 2144 1244 2210 malus
1260 2143 1497 2221 demeritorins,
1520 2143 1569 2210 ita

321 2250 355 2312 et
378 2249 483 2314 omnis
506 2255 601 2317 actus
624 2252 729 2318 bonus
751 2251 940 2318 meritorius
962 2255 1025 2318 est.
1057 2251 1144 2336 Ergo
1167 2249 1320 2316 similiter
1341 2249 1429 2333 apud
1452 2250 1567 2317 Deum.

409 2353 525 2422 Prob.
551 2357 692 2424 minor.
740 2357 853 2423 Omnis
876 2361 971 2424 ectus
994 2357 1165 2424 moraliter
1186 2356 1301 2432 bonus,
1325 2375 1364 2420 eo
1386 2355 1459 2440 ipso
1482 2356 1568 2438 quod

321 2481 513 2528 commanem
542 2467 731 2531 rationalem
761 2467 906 2530 ordinem
937 2463 1097 2548 adimplet
1124 2466 1183 2529 aut
1204 2461 1344 2548 perficit,
1373 2461 1569 2528 universalis

321 2566 408 2632 illius
432 2569 601 2636 societatis
617 2593 779 2638 commane
796 2572 910 2638 bonnm
925 2574 1116 2655 promoret3
1139 2570 1247 2636 malus
1262 2589 1343 2635 vero
1357 2567 1438 2634 illud
1453 2571 1570 2635 contra

320 2673 423 2738 laedit
451 2696 491 2742 ac
521 2676 649 2744 minuit.
696 2677 798 2758 quue
828 2678 934 2742 locum
964 2677 1067 2742 habet
1089 2697 1155 2742 non
1177 2676 1293 2755 solum,
1324 2674 1453 2758 quoties
1476 2677 1570 2740 actus

321 2779 424 2844 bonus
455 2781 509 2847 vel
539 2776 694 2849 malns'e
724 2805 784 2849 suo
812 2783 940 2850 obiecto
964 2784 1018 2850 vel
1041 2783 1224 2850 intentione
1247 2782 1379 2866 agentis
1401 2784 1519 2848 directe
1541 2789 1570 2847 et

321 2887 501 2954 immediate
512 2888 546 2952 in
558 2889 678 2954 bonum
691 2890 887 2970 universale,
904 2889 1126 2975 promovendo
1138 2891 1193 2956 vel
1204 2889 1389 2966 minuendo,
1406 2887 1568 2971 dirigitur,

322 2993 358 3055 ut
382 3012 413 3058 v.
438 3012 470 3074 g.
495 2998 590 3060 actus
612 2995 759 3078 religiosi
783 2995 930 3078 obsequii
953 3016 1034 3078 erga
1057 2996 1163 3062 Deum
1186 2999 1225 3061 ut
1246 3015 1433 3078 supremum
1456 3015 1569 3077 regem

322 3100 356 3163 et
385 3098 619 3181 legislatorem,
653 3101 703 3166 vel
735 3105 850 3168 contra
873 3101 1005 3167 rebellis
1029 3105 1237 3185 contemptus
1259 3100 1361 3167 divini
1383 3099 1568 3183 regiminis;

322 3203 379 3268 sed
410 3209 480 3270 turn
511 3206 621 3285 etiam,
654 3227 727 3272 cum
751 3213 845 3275 actus
868 3229 927 3292 pro
951 3228 1012 3273 sna
1035 3207 1197 3290 qualitate
1219 3207 1336 3273 morali
1358 3206 1507 3290 proxime
1530 3227 1569 3272 ac

320 3313 479 3394 primario
509 3311 668 3395 singulari
698 3318 827 3380 tuntum
858 3335 1029 3399 personae,
1061 3314 1132 3379 sive
1162 3314 1290 3380 alienae
1312 3314 1384 3380 sive
1406 3311 1568 3398 propriae,

321 3416 441 3482 bonum
470 3418 550 3484 illud
582 3421 705 3486 ordinis
734 3427 892 3505 procurat
921 3425 981 3487 aut
1010 3421 1164 3487 detrahit.
1211 3421 1261 3486 Eo
1292 3419 1377 3485 enim
1404 3417 1569 3484 mediante

323 3521 442 3588 bonum
467 3545 596 3609 quoque
620 3527 673 3591 vel
697 3527 819 3593 malum
843 3526 1100 3605 communitatis,
1125 3526 1216 3592 cuius
1239 3525 1297 3592 illa
1312 3526 1492 3592 membrum
1508 3527 1569 3602 eat,

322 3631 513 3696 ccarindario
543 3636 748 3716 procuratur.
797 3633 911 3700 Omnis
940 3633 1044 3716 igitur
1073 3637 1168 3699 actus
1198 3634 1303 3698 bonne
1330 3636 1389 3698 aut
1407 3632 1569 3717 primario

322 3739 380 3800 aut
403 3738 594 3804 secundario
618 3739 705 3822 apud
729 3739 947 3805 universalem
971 3739 1083 3804 mundi
1107 3738 1241 3804 moralis
1264 3739 1457 3804 societatem
1473 3735 1570 3802 meri·

322 3843 392 3906 tum
415 3841 525 3920 habet,
550 3845 656 3910 malus
679 3849 790 3911 autem
815 3844 967 3912 similiter
990 3843 1184 3909 demeritum
1208 3842 1253 3924 (n.
1272 3845 1336 3910 206
1360 3843 1402 3909 ad
1418 3843 1470 3924 3);
1494 3862 1570 3926 pro·

322 3947 397 4012 inde
413 3953 448 4014 et
464 3949 550 4032 apud
566 3949 680 4028 Deum,
698 3951 842 4016 eiusdem
858 3951 1029 4017 societatis
1045 3971 1230 4034 supremum
1247 3952 1420 4028 rectorem,
1441 3953 1476 4015 et
1491 3947 1571 4014 utri·

323 4075 385 4136 qne
409 4075 554 4138 congrua
577 4057 749 4124 retributio
774 4058 911 4126 debetur
922 4061 942 4125 1.

414 4327 422 4358 ¹
441 4325 481 4379 En
500 4326 533 4380 de
546 4326 640 4381 eadem
653 4344 683 4379 re
696 4326 867 4381 ratiocinium
882 4329 910 4382 S.
927 4329 1043 4382 Thomas
1055 4327 1082 4382 S.
1095 4327 1178 4382 theol.
1195 4328 1217 4392 1,
1231 4325 1255 4385 2.
1276 4343 1302 4394 q.
1315 4326 1361 4391 21,
1377 4342 1401 4379 a
1414 4325 1447 4377 4:
1470 4324 1572 4390 ,Actus

323 4412 438 4468 alicuius
456 4413 573 4468 hominis
591 4415 674 4470 habet
691 4417 822 4470 rationem
843 4417 933 4470 meriti
952 4417 998 4470 vel
1016 4417 1155 4481 demeriti,
1174 4416 1322 4470 secundum
1341 4415 1412 4484 qnod
1431 4413 1573 4467 ordinatur

324 4503 357 4556 ad
383 4502 500 4557 alterum
518 4503 565 4558 vel
588 4505 693 4560 ratione
720 4504 778 4558 eius
798 4503 842 4558 vel
868 4505 973 4559 ratione
992 4504 1202 4558 communitatis.
1239 4504 1364 4572 Utroque
1382 4505 1474 4556 autem
1493 4501 1572 4556 modo

324 4595 402 4644 actus
427 4581 513 4646 r'rostri
539 4592 602 4646 boni
622 4593 666 4646 vel
692 4593 757 4646 mali
783 4593 885 4646 habent
910 4593 1043 4646 rationem
1067 4591 1157 4646 meriti
1176 4591 1222 4644 vel
1241 4591 1365 4644 demeriti
1385 4590 1457 4660 apud
1476 4589 1571 4643 Deum.

323 4682 439 4734 Ratione
458 4683 562 4750 qnidam
588 4683 689 4750 ipsius,
715 4680 743 4734 in
769 4685 900 4750 quantum
920 4685 962 4735 est
979 4681 1095 4734 ultimus
1117 4679 1234 4734 hominis
1252 4679 1330 4743 finis;
1356 4681 1400 4733 est
1417 4682 1509 4732 autem
1528 4677 1571 4732 de·

324 4769 425 4836 bitum,
445 4773 476 4824 ut
494 4769 528 4824 ad
547 4769 627 4826 finem
647 4769 773 4824 ultimum
792 4787 885 4825 omnes
904 4773 984 4824 actus
1002 4770 1156 4824 referantur
1176 4771 1214 4837 (q.
1235 4769 1283 4832 19,
1302 4786 1327 4822 a.
1348 4767 1410 4837 10);
1435 4766 1507 4821 unde
1526 4766 1573 4834 qui

324 4857 393 4911 iacit
417 4860 508 4911 actum
535 4858 651 4922 malum,
678 4875 729 4912 non
749 4857 913 4912 referibilem
932 4859 961 4911 in
979 4857 1081 4924 Deum,
1106 4875 1159 4912 non
1178 4859 1272 4910 serrat
1290 4855 1420 4910 honorem
1439 4853 1504 4918 Dei,
1526 4854 1572 4923 qui

324 4944 420 5000 ultimo
439 4945 487 5000 fini
506 4946 627 5000 debetur.
652 4948 697 5000 En
713 4954 792 5014 parta
810 4947 871 5000 ue'ro
889 4949 971 5000 totins
990 4948 1188 5000 communitatis
1207 4946 1335 5013 universi,
1355 4943 1420 5012 quia
1431 4943 1460 4996 in
1473 4943 1573 5011 quavis

325 5034 518 5088 communitate
537 5034 597 5098 ille,
623 5035 668 5102 qui
688 5035 761 5102 regit
779 5034 1016 5099 communitatem,
1042 5033 1187 5104 praecipue
1204 5031 1288 5087 habet
1306 5049 1398 5086 curam
1417 5031 1480 5086 boni
1499 5048 1571 5086 com·
