3909 5842
542 702 687 757 Societatis
705 701 796 757 civilis
814 703 890 771 origo
908 699 1043 756 naturalis
1061 700 1222 754 ostenditur.
1449 707 1513 770 355

250 880 335 952 420.
425 877 585 950 Probatur
606 876 658 948 11⁰.
704 879 757 944 Ec
779 883 909 946 interm
932 881 1057 945 causali
1078 881 1282 964 proportione
1303 888 1443 946 cataroe
1465 903 1516 946 so·

252 990 357 1052 cicilie
381 989 425 1052 od
448 1008 550 1052 aecae
572 989 771 1054 inducendos
794 989 909 1054 ciuiles.
949 986 1033 1052 Fere
1057 990 1176 1051 cuncta
1198 991 1375 1067 momenta,
1400 989 1517 1072 quibus

253 1093 414 1159 homines
443 1093 486 1158 ad
517 1091 671 1158 socialem
703 1093 807 1160 vitam
837 1094 872 1159 in
895 1113 1017 1177 genere
1040 1113 1083 1157 ex
1106 1095 1247 1158 naturae
1269 1093 1421 1161 instituto
1445 1094 1518 1159 effi·

256 1199 390 1266 caciter
419 1198 527 1264 induci
560 1220 660 1284 supra
684 1198 729 1282 (n.
755 1189 834 1281 398)
857 1199 1079 1285 probavimus,
1110 1198 1195 1265 banc
1220 1220 1312 1265 suam
1336 1200 1518 1267 efficaciam

256 1327 472 1390 nequaquam
505 1303 538 1370 in
571 1305 642 1370 sola
674 1306 877 1372 effonnanda
906 1305 1067 1371 societate
1097 1305 1278 1372 domestica
1308 1307 1516 1386 exhauriunt,

257 1413 323 1480 sed
348 1396 500 1478 similiter
522 1410 638 1478 valant
661 1411 703 1477 ad
727 1412 901 1480 sociandas
917 1412 1071 1495 deinceps
1085 1411 1176 1496 ipsas
1191 1412 1335 1478 familias
1350 1435 1389 1480 ac
1405 1414 1519 1480 domos

258 1520 307 1586 ad
325 1523 439 1585 coetus
455 1517 629 1583 ulteriores
650 1521 685 1583 et
701 1519 855 1601 organice
870 1517 1099 1603 amplificatos,
1124 1538 1206 1600 quos
1222 1518 1336 1585 civiles
1351 1541 1517 1587 vocamus.

258 1627 339 1692 Iam
367 1647 440 1691 voro
469 1624 604 1690 moralis
636 1623 795 1690 eiusmodi
825 1625 995 1709 impulsus,
1027 1646 1049 1690 a
1072 1625 1235 1690 communi
1265 1629 1386 1691 natura
1414 1627 1518 1692 totius

260 1731 398 1814 generis
428 1731 610 1807 dimanans,
642 1729 721 1796 lieet
744 1730 919 1814 aliquando
942 1731 976 1795 in
1000 1730 1194 1814 particulari
1216 1734 1251 1795 et
1274 1751 1333 1814 per
1356 1732 1517 1810 accidens,

261 1857 445 1920 numquam
460 1839 572 1901 tamen
592 1835 775 1917 generatim
785 1905 788 1912 ,
800 1841 834 1903 et
850 1835 1044 1920 simpliciter
1059 1855 1118 1900 suo
1134 1835 1384 1919 proportionato
1400 1839 1519 1904 effectu

262 1945 355 2010 inter
385 1942 531 2008 homines
561 1940 716 2007 frustrari
746 1945 866 2026 potest.
913 1942 1001 2026 Ergo
1031 1941 1065 2005 vi
1094 1940 1196 2025 ipsius
1226 1945 1365 2008 naturae
1388 1944 1519 2010 socialis

265 2070 404 2116 necesse
427 2051 489 2126 est,
513 2051 550 2113 ut
573 2048 606 2112 in
631 2068 753 2130 genera
776 2048 918 2114 humano
941 2069 1001 2132 per
1025 2047 1173 2114 diversas
1195 2047 1339 2114 familiae
1361 2050 1427 2116 iam
1443 2071 1519 2134 pro·

265 2158 392 2240 pagato
417 2176 456 2221 ac
479 2155 697 2240 multiplicato
721 2155 843 2239 passim
867 2153 1017 2220 oriantur
1039 2157 1153 2220 coetus
1176 2154 1301 2220 civiles.

360 2279 476 2346 Proh.
500 2281 642 2348 maior.
674 2280 900 2346 Invincibilem
925 2283 1016 2344 certe
1039 2280 1197 2344 moralem
1221 2279 1403 2346 efficaciam
1419 2281 1519 2347 etiam

267 2387 303 2451 in
328 2385 471 2450 familias
495 2392 652 2454 exercent
675 2387 756 2452 haec
779 2385 938 2469 imprimis
962 2385 1098 2450 socialia
1121 2389 1304 2452 momenta:

364 2493 392 2556 1.
422 2492 654 2576 Propinquitoa
686 2495 866 2577 sanguinis,
900 2511 965 2574 qua
997 2489 1143 2556 familiae
1174 2512 1194 2556 a
1224 2494 1386 2558 communi
1418 2494 1521 2578 stirpe

271 2597 509 2662 descendentes
532 2597 690 2681 peculian'
713 2601 747 2665 et
766 2597 951 2664 arctissimo
968 2597 1100 2662 vinculo
1114 2597 1202 2663 inter
1217 2619 1253 2662 ae
1269 2598 1520 2682 coniunguntur.

273 2701 353 2768 Inde
382 2703 468 2767 enim
498 2703 647 2786 proxime
678 2705 829 2770 oriuntur
859 2705 1027 2771 domorum
1059 2703 1207 2782 viciniae,
1238 2703 1303 2769 vici
1333 2709 1368 2771 et
1390 2707 1520 2791 oppida,

272 2809 422 2892 integrae
446 2807 519 2874 dein
543 2809 649 2875 tribus
672 2809 706 2874 in
722 2811 866 2875 eiusdem
882 2809 1027 2894 regionis
1042 2811 1159 2875 finibus
1176 2810 1414 2889 cohabitantes
1438 2833 1522 2894 quae

272 2916 392 2981 iterum
423 2914 561 2980 ulterius
584 2915 822 3000 multiplicatae
845 2917 887 2983 ad
910 2917 1095 2982 nationales
1122 2916 1268 2982 unitates
1291 2939 1349 2983 seu
1372 2919 1523 2985 nationes

276 3044 337 3089 sua
360 3025 478 3106 sponte
502 3023 692 3089 dilatantur.
724 3024 769 3090 Et
785 3025 870 3089 hano
886 3024 1016 3106 quidem
1033 3023 1238 3105 cognationis
1254 3023 1434 3089 efficaciam
1449 3025 1522 3089 tota

274 3127 543 3213 patriarchalium
573 3129 814 3214 principatuum
846 3129 985 3195 historia
1015 3131 1197 3195 confirmat.
1245 3129 1382 3195 Accedit
1411 3134 1522 3195 autem

365 3239 394 3300 2.
425 3235 661 3318 insufficientia
686 3238 938 3321 particularium
968 3237 1131 3300 ἀοτηοναηι
1162 3239 1221 3300 aut
1243 3235 1521 3330 etiamntn'huum,

274 3340 342 3406 suis
364 3341 505 3425 propriis
528 3342 652 3408 viribus
675 3363 711 3408 se
733 3363 875 3426 suasque
898 3342 994 3408 sedes
1010 3343 1165 3407 odoersua
1180 3345 1275 3406 corio
1288 3345 1434 3426 periculo
1449 3342 1521 3407 effi·

274 3447 397 3512 caciter
418 3447 541 3514 tuendi.
588 3447 626 3512 In
649 3469 689 3514 ea
712 3448 838 3515 scilicet
860 3447 995 3513 moralis
1020 3447 1201 3513 necessitas
1223 3447 1391 3526 fundatur,
1415 3448 1520 3514 socia-

273 3553 351 3619 liter
374 3554 503 3620 collatis
526 3554 644 3620 studiis
667 3559 767 3638 atque
791 3555 923 3621 auxiliis
947 3575 1150 3620 communem
1172 3553 1384 3620 securitatem
1406 3559 1522 3623 contra

276 3659 459 3724 communia
490 3661 579 3725 mala
608 3660 813 3744 procurandi.
861 3661 905 3726 Et
935 3659 1095 3743 siquidem
1125 3658 1283 3724 eiusmodi
1312 3661 1459 3744 pericula
1488 3661 1521 3728 in

275 3765 384 3847 aliqua
409 3765 541 3847 regione
565 3765 829 3833 cohabitantibus
851 3766 1035 3832 communia
1058 3765 1282 3831 diversissima
1297 3767 1429 3832 evenire
1445 3789 1522 3851 pos·

275 3875 361 3948 sunt,
393 3871 489 3937 modo
512 3893 533 3936 a
557 3871 700 3938 naturali
731 3873 966 3938 elementorum
998 3871 1133 3948 influxu,
1163 3872 1260 3936 modo
1284 3873 1325 3937 ab
1349 3873 1522 3940 hostilibus

275 3977 467 4060 alienigenis
489 3977 640 4044 tribubus
663 3977 850 4060 ingruentia
861 3980 882 4056 1,
906 3997 967 4042 nec
990 3976 1178 4061 praesentia
1201 3981 1331 4043 tantum
1355 3983 1389 4044 et
1412 3983 1522 4044 trans-

365 4170 373 4200 ¹
392 4167 525 4221 Naturam
538 4168 683 4222 humanam
697 4177 815 4222 cosmae
827 4172 989 4238 spectatam,
1001 4167 1113 4222 amoni
1126 4185 1175 4238 per
1186 4185 1217 4221 se
1230 4167 1399 4233 rationalem,
1411 4176 1523 4239 propter

275 4258 376 4313 unitam
396 4257 448 4312 sibi
467 4257 674 4312 sensualitatem
694 4257 766 4326 iugis
784 4257 954 4328 possibilitas
972 4257 1133 4327 multiplicis
1152 4258 1255 4312 abusus
1273 4257 1409 4311 libertatis
1427 4261 1522 4311 contra

275 4347 403 4400 rationem
424 4347 576 4400 cantitatur.
603 4345 678 4411 Quae
692 4347 894 4412 defectibilitas,
915 4364 1080 4417 quamquam
1100 4364 1160 4400 cum
1180 4347 1238 4400 anis
1256 4345 1392 4400 fructibus
1404 4346 1521 4400 exitiali-

274 4435 326 4488 bus
343 4433 471 4488 historice
496 4434 568 4487 notis
593 4435 626 4488 ad
646 4439 772 4488 naturam
794 4435 929 4505 ,lapsam
950 4435 1123 4505 potissimum
1145 4435 1277 4505 pertinet,
1302 4452 1351 4505 per
1375 4452 1405 4488 se
1429 4439 1522 4489 tamen

276 4524 355 4580 etiam
375 4540 392 4577 a
409 4527 508 4576 natura
530 4525 638 4592 ,pura“,
658 4541 740 4592 quam
759 4523 879 4591 theologi
898 4523 1046 4594 appellant,
1065 4540 1238 4592 nequaqnam
1258 4521 1419 4576 excluditur.
1445 4522 1521 4577 Eius·

276 4612 346 4666 modi
370 4615 461 4664 autem
486 4613 577 4664 status
602 4611 714 4664 moralis
739 4610 897 4676 labilitatis,
924 4629 1004 4680 quem
1032 4627 1129 4664 revera
1147 4613 1289 4664 innumera
1307 4613 1422 4663 naturae
1440 4612 1522 4664 ratio-

276 4699 344 4755 nalis
361 4697 507 4766 naufragia
532 4699 662 4766 consequi
681 4699 820 4764 videmus,
847 4703 874 4752 et
899 4701 970 4754 unde
996 4705 1054 4753 tam
1079 4701 1177 4767 gravia
1202 4697 1324 4770 pericula
1342 4715 1390 4768 pro
1409 4697 1522 4767 pacifico

277 4789 410 4844 hominum
430 4787 566 4841 consortio
585 4791 743 4852 nascuntur,
763 4787 830 4841 nihil
850 4806 992 4842 commune
1010 4788 1094 4842 babet
1113 4805 1174 4842 cum
1187 4788 1234 4843 illo
1246 4788 1394 4855 originario
1406 4795 1523 4841 marae

278 4881 349 4931 statu
371 4875 449 4942 ,belli
474 4877 593 4930 omnium
619 4880 713 4930 centra
732 4878 841 4930 omnes“
863 4877 897 4930 ab
917 4877 1053 4931 Hohbesio
1079 4877 1209 4942 conficto,
1235 4894 1316 4946 quem
1337 4877 1456 4945 effugere
1475 4893 1521 4930 vo·

278 4965 361 5018 lentos
387 4963 509 5018 homines
534 4967 567 5019 ad
589 4966 673 5019 vitam
700 4985 752 5020 non
779 4965 866 5020 solum
893 4965 1012 5028 civilem,
1038 4966 1086 5020 sed
1112 4967 1195 5020 etiam
1222 4965 1374 5035 generatim
1391 4965 1520 5020 socialem

278 5059 413 5122 tamquam
432 5053 576 5108 artificiale
595 5056 742 5109 remedium
762 5059 856 5110 contra
874 5060 1000 5109 naturam
1021 5055 1200 5122 confugerint.
1233 5055 1282 5109 Eat
1301 5054 1373 5108 enim
1392 5071 1474 5108 verua
1493 5057 1522 5107 et·

1250 5145 1306 5198 23*
