3909 5842
633 693 672 749 De
691 694 833 749 activitate
851 694 945 749 sociali
963 694 1072 765 proprie
1090 695 1171 750 (lictu¹
1462 701 1525 766 321

413 878 485 961 §2
533 881 589 945 De
620 879 856 947 activitate
887 881 1037 947 sociali
1068 882 1242 966 proprie
1271 882 1397 949 dicta.

271 1027 351 1099 367.
442 1029 538 1095 Actio
562 1030 693 1114 proprie
716 1032 843 1096 socialia
866 1030 907 1096 ad
932 1031 1119 1112 analogiam
1143 1030 1283 1096 aetionis
1301 1031 1463 1098 humanae
1478 1031 1528 1096 in·

272 1135 457 1200 dividualis
481 1155 499 1200 e
522 1157 581 1201 suo
606 1139 770 1222 principio
798 1140 832 1202 et
859 1138 923 1222 fine
952 1135 1128 1221 praecipue
1151 1136 1397 1214 consideranda,
1429 1141 1528 1220 atque

272 1241 357 1306 inde
388 1241 458 1306 eius
484 1263 598 1307 norma
622 1245 822 1308 rectitudinis
846 1243 1074 1325 cognoscenda
1096 1247 1157 1308 est.
1203 1243 1296 1309 Haec
1318 1243 1384 1308 tria
1406 1248 1526 1318 autem,

273 1347 461 1413 secundum
484 1347 647 1432 propriam
673 1348 844 1426 rationem,
869 1369 934 1430 qua
950 1371 970 1414 a
984 1351 1153 1434 prierapio,
1175 1349 1240 1433 fiae
1255 1352 1290 1415 et
1305 1372 1418 1414 norma
1434 1353 1528 1414 actus

272 1455 415 1522 humani
446 1455 655 1521 individualis
686 1455 849 1532 differunt,
881 1476 923 1520 ex
948 1459 1086 1542 propria
1109 1464 1229 1522 actara
1252 1459 1381 1522 subiecti
1404 1458 1530 1522 socialis

273 1584 336 1627 sea
353 1584 510 1648 personae
531 1564 664 1628 moralis
687 1561 835 1644 proxime
859 1562 1066 1644 colleguntur
1089 1561 1144 1644 (cf.
1169 1583 1200 1628 n.
1226 1565 1256 1640 5,
1281 1561 1347 1644 34).

700 1746 732 1796 A.
751 1739 901 1812 Principium
920 1741 994 1796 sotus
1011 1741 1119 1798 sodada

274 1866 352 1938 368.
445 1865 721 1945 Quemadmodum
745 1867 778 1932 in
802 1873 879 1934 actu
902 1867 1093 1933 individuali
1118 1871 1265 1945 externo,
1289 1867 1337 1934 ita
1353 1873 1386 1934 et
1401 1870 1435 1933 in
1451 1876 1527 1934 actu

275 1975 396 2041 sociali
416 1977 613 2060 principiam
636 1978 797 2040 internam
821 1976 1000 2060 completam
1022 1974 1234 2057 distinguitur
1249 1976 1379 2059 duplex,
1403 1975 1528 2040 seilicet

277 2081 476 2165 principium
497 2085 639 2166 primam
663 2084 698 2147 et
721 2081 959 2147 secundariam.
991 2079 1076 2146 lllud
1091 2081 1162 2165 ipse
1177 2085 1324 2166 superior
1339 2085 1390 2147 est
1404 2081 1527 2147 forma·

278 2189 360 2254 liter
383 2187 618 2264 consideratae,
644 2191 678 2253 et
701 2208 743 2252 ex
767 2186 921 2269 analogia
943 2187 1120 2270 respondet
1144 2191 1298 2253 rationali
1320 2190 1473 2253 volantati
1493 2188 1526 2252 in

279 2293 413 2358 homine
436 2293 611 2372 individuo,
637 2297 799 2375 quatenus
822 2292 904 2358 haec
924 2292 1051 2376 primus
1070 2292 1218 2359 internus
1234 2297 1342 2358 motor
1357 2298 1408 2359 est
1424 2293 1527 2359 actio-

279 2421 360 2465 num
375 2399 606 2476 humanarum;
632 2401 772 2466 alterum
789 2399 859 2483 ipsa
877 2420 1014 2482 corpore
1030 2399 1143 2465 sociali
1159 2421 1217 2464 seu
1233 2401 1369 2464 subditis
1385 2403 1526 2476 constat,

280 2511 318 2572 et
340 2508 515 2590 respondet
536 2507 746 2590 facultatibus
770 2507 928 2572 individui
951 2505 1091 2571 hominis
1114 2506 1279 2572 voluntati
1294 2505 1526 2582 subordinatis,

279 2616 444 2695 quatenus
475 2615 516 2680 ab
548 2615 610 2680 hae
641 2617 765 2680 motum
796 2612 957 2697 recipiunt
988 2612 1030 2677 ad
1060 2633 1138 2678 suos
1167 2611 1316 2697 proprios
1339 2619 1442 2679 actus.
1490 2613 1525 2678 Id

279 2721 383 2802 igitur
405 2720 534 2788 ratione
557 2721 707 2805 principii
729 2722 869 2786 interest
892 2720 979 2785 inter
1002 2718 1165 2785 actionem
1186 2722 1332 2784 socialem
1355 2725 1391 2787 et
1413 2721 1527 2785 iodici-

281 2828 421 2912 dualem,
447 2828 532 2910 quod
555 2827 588 2892 in
612 2828 670 2893 illa
692 2832 761 2892 tum
787 2826 981 2911 principium
1004 2825 1154 2909 primum,
1178 2831 1248 2891 tum
1268 2825 1460 2910 principium
1478 2848 1527 2892 se·

281 2933 472 2998 cundarium
495 2937 615 2999 natura
638 2953 697 2999 sua
720 2936 838 2999 morale
862 2936 922 3010 est,
947 2953 1063 3016 nempe
1087 2932 1235 3016 personis
1258 2936 1414 2999 constans
1429 2933 1526 2998 liber·

280 3039 354 3102 tato
376 3038 552 3121 praeditis;
576 3039 608 3104 in
634 3039 694 3104 hac
714 3043 823 3104 autem
841 3039 977 3105 libertas
993 3042 1052 3104 soli
1067 3039 1222 3122 competit
1238 3038 1395 3122 principio
1411 3039 1525 3122 primo.

281 3143 368 3208 Hinc
398 3149 459 3223 est,
491 3144 577 3226 quod
607 3145 640 3209 in
670 3149 746 3210 actu
777 3143 968 3210 individuali
992 3149 1100 3210 motus
1124 3166 1144 3210 a
1167 3144 1325 3228 principio
1349 3146 1527 3210 communi-

280 3252 378 3315 catur
399 3269 459 3334 per
481 3250 640 3316 inflexum
662 3252 826 3336 physicum
850 3249 1000 3334 (imperio
1024 3251 1206 3316 voluntatis
1228 3250 1260 3314 in
1278 3254 1407 3317 ceteras
1422 3250 1526 3317 facul-

281 3359 370 3422 tates
405 3356 581 3438 exercit0);
617 3357 650 3420 in
686 3359 760 3422 actu
796 3356 910 3422 sociali
945 3360 1056 3421 autem
1090 3377 1149 3439 per
1183 3355 1340 3420 influxum
1375 3359 1525 3423 moralem

279 3462 410 3545 (morali
436 3463 660 3547 obligatione).

279 3616 352 3689 369.
444 3616 635 3691 Corollaria:
666 3621 691 3687 l.
725 3621 777 3686 Ad
807 3624 916 3688 actum
948 3642 1027 3686 vere
1052 3620 1205 3686 socialem
1228 3620 1415 3704 requiritur,
1446 3628 1526 3689 uta

278 3749 341 3792 suo
371 3727 528 3812 principio
558 3729 716 3810 procedat
740 3749 811 3794 oum
836 3730 1009 3812 sepelitione
1030 3729 1127 3812 fiais;
1156 3747 1249 3792 secus
1279 3727 1365 3792 onim
1396 3748 1525 3812 eompa-

281 3833 404 3899 randus
428 3837 516 3899 esset
540 3833 628 3899 actui
651 3833 789 3898 hominis
812 3836 952 3910 tantum,
977 3854 1042 3897 non
1065 3833 1216 3898 humano.

371 3947 447 4013 Alia
478 3950 587 4013 autem
617 3948 760 4031 cognitio
783 3947 856 4013 finis
880 3947 1057 4029 requiritur
1080 3946 1113 4010 in
1136 3946 1294 4030 principio
1314 3953 1430 4034 primo,
1461 3949 1527 4015 alia

280 4057 316 4120 in
339 4053 495 4138 principio
519 4055 719 4120 secundario.
759 4054 909 4136 Namque
934 4057 1054 4120 directa
1077 4053 1151 4118 finis
1174 4053 1303 4118 socialis
1326 4053 1468 4136 cognitio
1493 4059 1526 4121 et

280 4161 430 4236 intentio,
461 4159 481 4226 i.
507 4181 534 4227 e.
560 4181 609 4237 ea,
642 4181 707 4242 qua
738 4161 854 4226 bonum
880 4180 1051 4227 commune
1074 4164 1107 4225 ia
1132 4182 1165 4225 ae
1189 4168 1216 4225 et
1240 4161 1355 4226 directe
1378 4183 1441 4246 qua
1464 4164 1527 4226 tale

281 4268 446 4350 cognitum
481 4271 515 4334 et
544 4267 682 4334 volitum
714 4271 774 4347 est,
809 4271 867 4334 eali
896 4272 1056 4354 superiori
1083 4268 1269 4333 necessaria
1292 4271 1359 4343 est3
1390 4269 1527 4334 subditis

282 4395 360 4440 vero
382 4397 441 4460 per
463 4396 495 4441 ae
518 4373 641 4439 suffieit
664 4374 807 4457 cognitio
831 4378 865 4440 et
888 4373 1027 4440 intentio
1044 4377 1213 4458 indirecta,
1237 4376 1353 4456 quain
1369 4377 1527 4439 corneliani

282 4483 410 4546 tantum
441 4478 594 4544 noverint
626 4483 659 4544 et
689 4479 792 4544 velint
821 4479 997 4544 terminum
1025 4478 1169 4562 (aliunde
1192 4498 1257 4542 non
1279 4477 1453 4543 manifeste
1476 4477 1525 4544 in-

281 4586 401 4650 iustum
426 4585 478 4649 vel
501 4583 674 4666 illicitum),
700 4605 814 4650 versus
838 4605 935 4666 quem
958 4606 1018 4669 per
1042 4584 1272 4651 auctoritatem
1296 4583 1450 4650 socialem
1472 4606 1525 4651 ac·

283 4690 406 4774 cipiunt
435 4693 569 4757 motum.
617 4691 694 4755 Plus
724 4689 809 4754 enim
840 4690 880 4755 ad
910 4690 1079 4757 moraliter
1102 4687 1341 4772 cooperandum
1364 4688 1525 4756 adfinem

283 4817 484 4864 communem
508 4817 566 4880 per
588 4817 623 4861 se
647 4819 711 4861 non
735 4795 922 4878 requiritur.
955 4795 1150 4862 Essentialis
1174 4794 1325 4859 nimirum
1343 4795 1419 4861 unio
1434 4819 1526 4863 men·

282 4903 362 4970 tium
386 4905 421 4967 et
444 4901 650 4968 voluntatum
675 4902 707 4967 in
730 4901 890 4968 societate
913 4923 978 4967 non
1001 4902 1034 4966 in
1058 4923 1096 4966 eo
1121 4900 1280 4979 consistit,
1305 4901 1389 4983 quod
1413 4924 1525 4971 omnes

283 5013 317 5076 in
335 5010 532 5094 particulari
554 5008 674 5074 bonum
698 5015 732 5076 et
755 5011 972 5092 opportunum
1003 5007 1157 5086 iudicent,
1190 5005 1343 5090 quidquid
1374 5009 1415 5074 ab
1448 5033 1525 5076 auo·

334 5117 440 5169 noyer.
454 5117 493 5160 lus
507 5117 619 5160 naturale.
640 5117 656 5160 1.
678 5118 717 5160 Ed.
731 5117 750 5162 2.
1283 5111 1316 5166 21
