3909 5842
505 602 576 656 luris
594 602 654 656 idea
673 619 708 655 ox
727 600 851 656 absoluto
869 601 1003 673 principio
1022 601 1203 673 pantheistico
1223 630 1255 639 —
1274 600 1371 669 Hegel.
1497 606 1562 671 439

316 778 518 845 considerari
547 778 660 863 possit.
708 778 930 862 Distinguitur
959 800 1076 863 nempe
1106 776 1140 860 a)
1169 778 1320 863 „spiritns
1343 780 1564 854 subiectione&

316 889 479 968 quatenus
502 905 561 967 per
584 906 619 951 se
643 890 677 953 et
700 906 759 970 pro
782 889 972 953 astantum
995 886 1223 952 consideratur
1239 885 1334 966 („der
1350 885 1443 953 Geist
1457 886 1490 951 iu
1507 887 1566 952 der

315 992 414 1057 Form
438 991 496 1056 der
511 990 699 1074 Beziehung
723 991 782 1056 881
803 991 872 1056 sich
896 992 1010 1070 selbst,
1033 992 1067 1056 in
1086 991 1195 1057 seiner
1210 991 1506 1059 Unmittelbarkeit
1521 1030 1563 1041 -

316 1098 376 1164 der
398 1098 584 1182 subJektive
608 1097 751 1181 Geist“);
776 1098 810 1181 b)
834 1102 967 1185 spiritus
991 1100 1167 1183 obiectione,
1191 1099 1212 1167 i.
1229 1120 1257 1165 e.
1281 1099 1316 1164 in
1338 1100 1444 1164 forma
1466 1098 1566 1165 reali·

314 1204 397 1271 tatis
420 1226 479 1271 seu
501 1204 613 1269 mundi
638 1204 733 1287 (‚‚der
757 1204 850 1271 Geist
872 1205 906 1269 in
929 1206 988 1271 der
1010 1206 1108 1271 Form
1131 1206 1190 1270 der
1213 1205 1370 1285 Reatinae,
1402 1205 1451 1272 818
1475 1204 1566 1270 einer

316 1332 382 1377 von
393 1310 460 1375 ihm
472 1310 835 1395 hervorzubringeuden
847 1312 913 1377 und
924 1312 1249 1395 hervorgebrachten
1261 1313 1362 1386 Welt.
1378 1313 1412 1377 in
1423 1311 1566 1378 welcher

314 1417 368 1483 die
380 1417 525 1485 Freiheit
540 1418 590 1484 als
602 1412 814 1485 vtrhandene
827 1418 858 1483 N
861 1418 1099 1501 otweudigkeit
1110 1419 1155 1485 101
1166 1454 1210 1464 -
1223 1419 1408 1503 objektiver
1420 1417 1563 1500 Geist‘);

315 1522 348 1607 c)
370 1526 505 1609 spiritus
529 1524 699 1607 obauditus,
729 1545 772 1590 ex
794 1524 851 1589 illa
875 1524 924 1589 sui
948 1524 1051 1609 ipsius
1074 1524 1259 1591 differentia
1282 1524 1376 1608 quasi
1399 1545 1435 1589 80
1457 1525 1564 1607 ipsum

315 1630 434 1696 iterum
469 1630 634 1713 collegens
665 1630 698 1695 in
730 1630 912 1715 perfectam
941 1630 993 1697 sui
1026 1630 1187 1698 unitatem
1219 1634 1389 1713 tamquam
1413 1631 1565 1697 absoluta

315 1736 440 1802 veritas
470 1734 565 1816 („der
583 1737 682 1804 Galat
706 1738 738 1803 in
763 1760 805 1804 88
828 1738 894 1803 und
917 1738 972 1803 1110
995 1738 1065 1804 sich
1087 1738 1238 1804 seiender
1260 1737 1394 1804 Einheit
1416 1737 1474 1803 der
1498 1735 1564 1801 Ob·

310 1842 487 1926 jektivilnt
517 1843 574 1909 des
599 1844 728 1911 Geistes
758 1844 824 1911 und
852 1844 960 1910 seiner
982 1844 1137 1911 Idealittt
1160 1844 1240 1910 oder
1262 1844 1370 1909 801808
1392 1842 1564 1925 Begriffes,

314 1950 374 2014 der
398 1949 491 2015 Geist
513 1948 547 2015 in
570 1948 677 2015 seiner
701 1950 873 2017 absolutes
897 1949 1071 2017 Wahrheit
1086 1986 1130 1996 —
1147 1950 1205 2014 der
1227 1950 1377 2017 absolute
1402 1947 1531 2030 (teist“)
1541 1951 1563 2015 ¹.

405 2054 614 2139 Philosophia
638 2057 722 2121 iaris
745 2055 779 2120 in
802 2054 911 2139 speeie
934 2055 1023 2122 intra
1045 2055 1219 2139 sphaeram
1236 2054 1460 2140 philosophiae
1478 2058 1564 2141 „spi-

313 2164 399 2226 ritus
422 2158 581 2227 obiectiot“
609 2160 803 2227 continetur.
850 2160 1050 2246 Principium
1073 2183 1093 2227 a
1116 2182 1179 2244 quo
1204 2182 1299 2226 omne
1321 2160 1373 2226 ius
1396 2161 1563 2244 procedat,

313 2266 474 2333 statuitur
497 2266 650 2333 voluntas
673 2266 869 2333 universalis
893 2272 928 2335 01
951 2266 1115 2333 obieetiva
1137 2267 1232 2333 ideae
1247 2267 1429 2345 absolutae,
1453 2266 1565 2349 itaque

315 2374 470 2439 voluntas
500 2373 728 2439 substantialis
758 2372 888 2453 quidem
918 2377 952 2440 et
979 2374 1130 2439 absolute
1152 2373 1335 2452 rationalis,
1366 2374 1424 2439 sed
1446 2394 1506 2456 per
1529 2392 1565 2437 se

314 2478 552 2563 impersonalis.
600 2478 692 2545 Haec
721 2479 877 2545 voluntas
907 2479 968 2544 sibi
998 2480 1060 2563 ipsi
1090 2480 1164 2544 finis
1188 2484 1249 2557 est,
1280 2477 1564 2560 808188οά008-

314 2590 431 2669 ceptus
454 2584 646 2664 voluntatis,
671 2590 708 2651 ut
732 2585 789 2663 ait,
813 2585 1001 2651 libertatem
1024 2584 1210 2668 includat)²
1232 2584 1302 2650 eius
1324 2584 1398 2649 finis
1415 2583 1565 2649 internus

314 2695 369 2757 est
391 2693 531 2774 libertus,
556 2691 718 2757 obiectum
744 2712 822 2757 vero
841 2692 981 2757 mundus
997 2695 1165 2769 externus,
1189 2691 1222 2756 in
1240 2712 1303 2773 quo
1318 2690 1376 2756 illa
1392 2694 1564 2756 externam

316 2798 505 2863 realitatem
527 2797 653 2866 induat.
692 2799 814 2863 Verum
838 2798 888 2864 ita
902 2797 935 2863 in
952 2798 1139 2865 realitatem
1155 2798 1268 2863 mundi
1282 2798 1413 2882 prolata
1426 2797 1564 2862 libertas

314 2903 455 2970 formam
471 2904 610 2971 assumit
624 2906 819 2970 necessitatis
835 2925 893 2987 per
908 2904 1038 2969 modum
1051 2905 1243 2987 systematis
1256 2903 1563 2971 determinationum

315 3010 505 3091 libertatis(
511 3011 660 3095 „System
684 3011 742 3076 der
765 3010 1236 3095 Freiheitsbestimmungen“),
1261 3011 1353 3075 cuius
1377 3010 1486 3076 unitas
1505 3030 1564 3093 ap·

316 3122 412 3201 paret
435 3122 604 3200 tamquam
627 3116 776 3200 potentia
800 3120 833 3182 et
857 3116 1000 3200 positiva
1023 3116 1148 3199 agnitio
1172 3117 1258 3197 (‚‚als
1282 3115 1334 3181 die
1356 3114 1478 3193 blacht,
1505 3116 1564 3181 das

316 3224 649 3306 Anerkanntseiffllt.
1438 3234 1441 3239 ’

406 3330 468 3396 Est
490 3328 592 3412 igitur
615 3328 792 3394 secuudum
815 3312 998 3410 Hegel'ius
1021 3328 1200 3393 universim
1219 3326 1265 3392 nil
1280 3326 1369 3393 aliud
1385 3347 1481 3409 quam
1510 3324 1564 3407 ,τὸ

315 3436 466 3500 exsistere
481 3436 599 3501 liberae
614 3436 801 3501 uoluntatis“
822 3432 981 3516 („Dasein
998 3435 1055 3499 des
1070 3434 1175 3500 freien
1191 3431 1423 3513 11111008)-
1439 3434 1565 3500 scilicet

313 3540 351 3605 in
374 3562 472 3606 sensu
496 3541 645 3625 exposito
669 3546 837 3624 tamquam
860 3540 1043 3607 voluntatis
1066 3543 1269 3625 uniomsotis,
1293 3540 1443 3606 absolute
1462 3540 1564 3606 ratio·

317 3646 402 3713 nalis
433 3646 594 3715 obiective
624 3648 657 3713 18
680 3647 800 3713 mundo
824 3648 999 3727 exstantis,
1030 3648 1149 3731 quippe
1172 3668 1256 3729 quae
1279 3647 1350 3713 sola
1374 3646 1437 3712 dici
1460 3648 1564 3731 possit

314 3777 394 3821 cero
417 3756 580 3833 voluntas,
605 3758 639 3821 et
663 3758 759 3821 extre
783 3776 880 3839 quam
904 3756 1095 3822 voluntates
1112 3754 1300 3820 individuae
1316 3776 1388 3820 cum
1404 3755 1564 3839 8818888-

316 3860 508 3927 tioularibus
540 3861 805 3927 inclinationibus
837 3883 951 3927 verum
982 3882 1055 3927 esse
1087 3882 1151 3926 non
1183 3861 1336 3927 habeant.
1384 3860 1565 3944 Propterea

319 3967 390 4047 „ius
413 3968 636 4053 accipiendum
660 3990 724 4033 non
748 3988 830 4047 esse,
854 3970 975 4045 monet,
1000 3966 1177 4033 secundum
1200 3966 1429 4032 limitationem
1451 3966 1564 4031 iuridi-

314 4095 428 4139 corum
459 4074 545 4156 („als
575 4074 634 4139 das
664 4074 884 4140 beschritnkte
911 4073 1100 4158 juristisebe
1129 4071 1282 4153 secur),
1313 4072 1372 4137 sed
1401 4075 1564 4154 quatenus

314 4180 406 4247 dicat
438 4180 665 4247 exsistentiam
697 4180 838 4246 omnium
862 4179 1171 4247 determinationum
1194 4177 1377 4244 libertatis“
1393 4179 1415 4243 ⁴.
1462 4176 1563 4242 Porro

320 4288 423 4365 „istae
447 4286 736 4353 determinationes
759 4288 792 4351 in
815 4307 875 4352 sua
897 4285 1058 4352 relatione
1082 4285 1122 4351 ad
1140 4286 1344 4350 voluntatem
1360 4285 1562 4349 subiectiones

316 4394 353 4477 (i.
378 4416 404 4462 0.
436 4394 638 4477 singulorum
667 4393 858 4474 hominum),
892 4392 926 4457 in
956 4414 1022 4475 qua
1051 4398 1221 4475 tamquam
1244 4378 1448 4456 uniueisales
1470 4411 1564 4455 suam

316 4501 544 4567 exsistentiam
570 4500 718 4567 obtinere
741 4500 871 4583 debent,
901 4499 998 4565 huius
1021 4504 1099 4565 8881
1121 4500 1228 4583 officio
1253 4497 1450 4581 (Pflicbten)‚
1482 4518 1563 4579 qua·

410 4669 418 4701 ¹
437 4666 639 4738 Enzykloptdie
658 4666 674 4733 5
693 4666 753 4720 385.
869 4666 880 4699 ²
899 4666 937 4720 lb.
957 4665 973 4733 5
992 4665 1045 4719 413
1064 4665 1115 4718 471
1130 4681 1189 4732 sqq.
1308 4662 1375 4716 ΙΙ11).
1395 4661 1412 4729 5
1430 4661 1483 4716 483
1501 4662 1564 4715 484.

408 4758 418 4789 ⁴
437 4755 639 4827 Enzykloptdie
652 4754 668 4823 5
682 4754 733 4809 483
746 4754 807 4809 486.
834 4754 875 4808 Cf.
896 4753 1090 4820 „Grundlinien
1109 4753 1157 4806 der
1174 4750 1349 4821 Philosophia
1368 4750 1415 4805 des
1433 4748 1563 4814 Rechti‘,

320 4844 476 4913 Einleitung
494 4846 510 4913 5
530 4845 576 4899 29:
606 4844 677 4912 „Das
696 4842 784 4897 Recbt
802 4844 839 4897 ist
858 4843 930 4909 dies,
956 4843 1021 4897 dass
1040 4843 1084 4895 018
1103 4841 1205 4895 Dasein
1223 4840 1377 4910 uberhaupt
1395 4839 1496 4894 Daseia
1515 4841 1564 4894 des

220 4954 221 4958 ¹
317 4933 403 4987 freien
422 4932 540 4987 Willens
558 4934 608 4997 ist;
629 4950 658 4987 es
676 4932 714 4986 ist
731 4932 813 4986 somit
831 4930 985 5002 uberhaupt
1002 4934 1046 4985 die
1064 4932 1184 4985 Freibeit
1203 4931 1244 4983 als
1263 4930 1346 4983 Idea‘
