3909 5842
424 684 466 749 26
655 680 745 735 Sectis
763 680 784 734 I.
821 678 902 733 Liber
919 680 941 734 Ι.
979 678 1068 749 Caput
1087 679 1120 734 ll.
1159 677 1298 734 Articulus
1319 680 1341 733 1.
1380 678 1441 747 Η.

424 858 538 924 eedem
561 857 670 940 logica
694 857 907 935 necessitate,
938 857 971 923 in
998 857 1235 942 proportionali
1260 858 1421 924 relatione
1445 858 1539 925 inter
1566 876 1680 941 appre-

424 964 612 1030 hensionem
643 968 678 1029 et
704 962 938 1047 expansionem
969 964 1052 1043 sita,
1085 964 1126 1030 ad
1159 964 1376 1048 profitendum
1407 984 1562 1031 errorem
1591 966 1682 1027 outo·

423 1072 572 1154 logorum
596 1070 695 1135 etiam
721 1071 809 1138 circa
832 1070 991 1154 originem
1017 1070 1239 1153 cognitionum
1262 1072 1360 1154 plane
1376 1070 1536 1152 adigitur.
1577 1068 1683 1145 Quare

424 1180 458 1243 et
483 1176 690 1262 hypothesis,
722 1196 806 1259 quae
834 1198 873 1243 so
897 1177 1063 1255 conducit,
1093 1181 1263 1260 tamquam
1286 1176 1373 1242 falsa
1397 1176 1607 1242 excludatur
1629 1194 1683 1239 ne·

425 1305 517 1351 cesse
540 1288 600 1349 est.

513 1400 599 1485 Ergo
629 1403 792 1475 remanet,
825 1402 863 1464 ut
893 1399 1048 1465 voluntas
1078 1398 1262 1465 formaliter
1290 1398 1468 1464 inclinetur
1496 1397 1532 1463 in
1570 1399 1683 1462 tonan

424 1509 598 1573 universim
627 1514 656 1572 et
685 1507 937 1571 communissima
967 1512 1140 1591 sumptum,
1172 1505 1392 1573 abstrahendo
1420 1504 1461 1569 ah
1491 1504 1588 1569 omni
1620 1504 1686 1567 eius

425 1612 698 1679 determinatione
721 1612 792 1676 sive
814 1610 907 1677 finita
930 1611 1002 1677 sive
1025 1609 1163 1677 infinita.

424 1759 473 1831 42.
564 1757 755 1831 Otrolltria:
785 1760 810 1827 I.
840 1762 1012 1827 Inclinatio
1040 1764 1210 1828 voluntatis
1235 1764 1270 1827 in
1293 1760 1406 1827 bonurn
1432 1763 1619 1827 unionsim
1646 1767 1686 1824 est

423 1868 532 1951 formo
561 1869 702 1933 omnium
733 1870 960 1953 appetitionem
990 1868 1217 1935 humanorum.
1241 1904 1285 1914 —
1314 1866 1445 1933 Scilicet
1474 1865 1508 1931 in
1541 1863 1686 1947 singulis

424 1974 553 2039 actibus
573 1973 709 2039 alicuius
728 1974 896 2057 potentiae
912 1973 1034 2057 duplex
1050 1974 1287 2057 quodammodo
1304 1972 1504 2039 elementum
1520 1970 1686 2053 distingui

424 2084 550 2163 potest:
580 2079 668 2144 aliud
696 2079 834 2162 formale
861 2085 895 2148 et
918 2079 990 2145 ideo
1015 2079 1163 2146 omnihus
1188 2080 1315 2146 actibus
1339 2078 1484 2145 eiusdem
1508 2078 1687 2161 potentiae

424 2205 484 2270 per
507 2185 685 2251 essentiam
708 2207 892 2264 commune,
923 2185 1012 2251 aliud
1036 2189 1210 2271 rnoteriote,
1242 2207 1305 2269 quo
1329 2185 1427 2250 iidem
1451 2188 1549 2251 actus
1574 2184 1612 2249 in
1638 2182 1686 2247 in·

425 2291 557 2358 dividuo
580 2292 622 2357 ab
645 2291 785 2358 invicem
810 2292 973 2360 differunt.
1021 2292 1144 2359 Eodem
1172 2292 1274 2375 igitur
1297 2312 1394 2357 sensu
1418 2290 1520 2357 etiam
1543 2290 1581 2355 in
1608 2296 1685 2355 actu

425 2397 607 2465 voluntatis
628 2398 768 2481 formam
792 2402 827 2465 et
849 2402 1018 2465 mainiam
1042 2399 1244 2492 distinguere
1259 2398 1353 2475 licet;
1379 2417 1442 2463 non
1460 2396 1557 2478 quasi
1578 2396 1685 2462 alter·

425 2509 501 2571 utra
528 2504 598 2570 sine
621 2504 728 2571 altera
751 2525 905 2587 umquam
929 2504 1108 2588 separatim
1133 2502 1259 2571 actuari
1282 2508 1316 2569 et
1340 2506 1492 2569 concrete
1516 2502 1687 2569 exsistere

425 2615 535 2694 queat,
560 2611 615 2676 sed
641 2612 718 2694 quia
741 2611 822 2678 haec
846 2612 909 2677 duo
933 2612 1098 2677 elementa
1121 2612 1163 2678 ad
1188 2606 1315 2677 omnem
1332 2611 1443 2676 actum
1459 2609 1587 2674 realem
1605 2630 1685 2674 cou-

426 2716 627 2784 stituendum
661 2722 859 2783 concurrunt
891 2722 926 2784 et
958 2740 1023 2801 qua
1057 2718 1140 2784 talia
1174 2716 1294 2783 mentis
1326 2715 1549 2781 abstractione
1583 2735 1684 2799 sepa·

425 2824 524 2891 ratim
554 2824 707 2905 cognosci
737 2828 772 2891 et
801 2824 1002 2891 considerari
1032 2828 1180 2909 possunt.
1228 2824 1335 2901 Quare
1366 2844 1483 2889 sensus
1507 2819 1685 2886 Corollarii

425 2930 559 3015 perinde
587 2930 793 3014 accipiendus
822 2936 888 3009 est,
922 2952 962 2997 ac
992 2931 1020 2995 si
1044 2930 1188 2996 dicatur:
1221 2930 1326 2995 Actus
1351 2928 1534 2993 voluntatis
1562 2946 1683 2992 secun·

426 3037 502 3102 dum
522 3037 662 3103 formam
685 3042 744 3103 aut
766 3038 944 3103 secundum
965 3038 1139 3103 materiam
1156 3036 1324 3119 accipitur,
1349 3039 1448 3121 prout
1464 3034 1587 3100 mentis
1604 3033 1683 3099 ahs-

424 3142 586 3209 tractione
602 3142 635 3208 in
652 3165 690 3209 co
710 3149 767 3211 aut
783 3148 912 3211 tentum
929 3144 1094 3227 generalis
1116 3143 1173 3209 illa
1195 3142 1365 3210 tendentia
1385 3142 1567 3219 iubenum,
1595 3160 1682 3225 quae

425 3249 601 3317 essentiam
625 3272 828 3317 communem
859 3252 1002 3317 omniurn
1027 3254 1158 3317 actuum
1181 3251 1276 3317 huius
1297 3250 1468 3335 potentiae
1492 3247 1681 3323 constituit,

425 3363 483 3424 aut
505 3363 621 3425 contra
643 3357 814 3423 tendentia
843 3358 877 3423 in
900 3358 961 3423 hoc
986 3358 1038 3423 vel
1069 3357 1149 3423 illud
1173 3357 1292 3423 bonum
1316 3354 1573 3423 determinatum
1599 3375 1681 3420 con·

426 3462 599 3529 sideratur.

514 3577 556 3642 ll.
580 3577 666 3643 Hinc
686 3577 787 3642 etiam
810 3582 958 3662 apparet,
985 3598 1082 3659 quam
1106 3577 1150 3644 sit
1172 3576 1365 3661 hypothesis
1381 3575 1616 3658 ontologistica
1637 3573 1680 3640 ad

425 3685 459 3749 id
482 3684 588 3768 ipsum
612 3684 654 3749 ad
677 3684 764 3767 quod
787 3684 966 3752 assumitur
989 3685 1164 3769 superflua.
1199 3684 1351 3766 Namque
1373 3684 1414 3748 ad
1435 3681 1679 3765 explicandum,

427 3811 492 3873 qua
520 3790 648 3856 ratione
671 3790 742 3856 sive
763 3791 953 3857 intellectus
981 3795 1094 3857 noster
1117 3810 1315 3873 cognoscere
1343 3790 1433 3857 entia
1463 3788 1681 3873 particularia

427 3897 497 3962 sive
521 3898 674 3963 voluutas
698 3903 855 3982 appetere
878 3899 963 3963 bona
986 3898 1200 3982 particularia
1227 3897 1348 3982 possit,
1379 3916 1514 3962 necesse
1539 3916 1605 3959 non
1628 3898 1680 3959 est

426 4024 595 4069 recurrere
610 4004 652 4069 ad
668 4004 813 4087 aliquam
834 4004 1032 4071 anteriorem
1049 4004 1211 4071 actualem
1228 4003 1435 4070 intuitionem
1452 4000 1514 4065 Dei
1536 4004 1574 4067 ut
1594 3998 1680 4065 entis

427 4110 585 4188 absoluti,
617 4110 709 4175 cuius
738 4110 860 4177 lumine
890 4111 1044 4195 deinceps
1074 4110 1260 4177 successive
1288 4109 1388 4178 etiam
1416 4108 1507 4174 entia
1537 4106 1679 4173 limitata

427 4218 644 4297 innotescant,
669 4238 775 4301 neque
799 4219 841 4284 ad
863 4218 1066 4302 primitivum
1090 4218 1231 4301 aliquem
1255 4221 1363 4283 actum
1389 4214 1603 4299 appetitionis
1619 4212 1679 4279 Dei

429 4326 466 4389 ut
488 4322 606 4388 summi
628 4324 704 4388 honi
727 4327 763 4390 et
778 4324 885 4391 ultimi
899 4324 983 4403 finis,
1008 4323 1041 4389 vi
1058 4324 1150 4389 cuius
1166 4323 1240 4389 dein
1257 4321 1505 4406 particularium
1521 4322 1677 4387 bonorum

428 4430 648 4515 appetitiones
676 4431 768 4497 fiant.
820 4430 946 4495 Horum
977 4429 1063 4497 enim
1094 4430 1192 4515 plane
1221 4430 1388 4495 sufficiens
1419 4432 1454 4495 et
1484 4449 1565 4494 vera
1594 4426 1678 4493 ratio

428 4537 569 4602 habetur
592 4559 651 4621 pro
671 4537 843 4604 intellectu
859 4537 989 4620 quidem
1013 4537 1045 4602 in
1070 4538 1139 4603 eius
1160 4538 1295 4621 ferrioli
1318 4535 1478 4602 relatione
1495 4536 1538 4601 ad
1554 4554 1676 4606 verum,

429 4664 488 4727 pro
518 4644 690 4711 voluntate
720 4648 831 4712 autem
860 4644 894 4709 in
925 4643 995 4710 eius
1024 4644 1154 4709 formali
1185 4642 1397 4709 inclinatione
1425 4642 1466 4707 ad
1498 4641 1616 4707 bonurn
1645 4639 1677 4703 iu

430 4750 592 4813 communi
602 4752 623 4814 1.

452 4918 460 4925 ι
486 4918 617 4925 ,σο-...Ἥμ-
627 4917 738 4925 --ο--ι-

522 5011 531 5043 ¹
549 5009 592 5065 Cf.
611 5012 724 5079 Suom,
743 5010 784 5063 De
802 5010 855 5063 fine
873 5009 990 5063 hominis
1009 5009 1077 5079 disp.
1098 5010 1122 5075 3,
1142 5014 1209 5063 sect.
1230 5010 1253 5073 1,
1272 5010 1289 5063 4
1309 5015 1337 5063 st
1355 5016 1422 5063 sect.
1442 5011 1467 5063 5.
