3909 5842
447 691 512 756 384
606 724 609 748 ,
675 685 766 740 Sestio
785 685 818 740 ll.
857 685 937 740 liber
955 685 989 740 11.
1028 686 1118 756 Caput
1134 685 1156 739 l.
1193 684 1334 739 Atticulae
1352 685 1378 739 3.
1417 684 1484 752 §3-

446 862 515 935 462.
607 862 648 929 ll.
688 861 767 926 Inde
802 860 899 926 facile
932 861 1068 943 colliges
1099 859 1295 926 solutionem
1328 860 1545 942 quaestionis
1580 863 1706 928 morali.-¹

445 971 505 1036 sub
535 971 633 1034 finem
664 968 786 1034 saeculi
816 968 985 1052 praeteriti
1017 967 1145 1050 publice
1173 966 1340 1048 agitatae:
1372 969 1492 1031 utrum
1519 969 1658 1033 omnino
1679 980 1706 1034 et

446 1098 511 1159 que
541 1073 729 1141 condicione
759 1095 838 1140 usus
870 1071 1129 1155 „viviseelicnie“‚
1154 1093 1252 1154 quam
1280 1075 1412 1146 vocant,
1443 1072 1651 1139 animalium
1672 1075 1706 1138 ad

446 1182 614 1249 ditandam
645 1180 816 1247 scientiam
847 1179 1105 1263 physiologicam
1134 1183 1169 1246 et
1192 1182 1298 1244 artem
1320 1178 1515 1244 medicinae
1540 1181 1709 1246 moraliter

445 1287 555 1354 licitus
586 1287 711 1352 censeri
741 1287 869 1370 possit?
899 1323 943 1332 —
971 1285 1090 1368 Liquet
1119 1284 1205 1350 enim
1235 1275 1400 1350 eiusmodi
1424 1285 1708 1369 experimentum

444 1393 578 1460 tametsi
611 1413 669 1477 per
701 1413 738 1458 sc
768 1395 953 1477 spectatum
985 1398 1019 1458 et
1047 1391 1216 1457 moderate
1245 1390 1427 1456 adhibitum
1460 1412 1584 1474 neque
1614 1393 1708 1458 emta

445 1499 640 1566 animalibus
663 1499 853 1565 iniuriosum
877 1519 984 1580 neque
1004 1497 1136 1563 aliunde
1150 1500 1263 1563 rectae
1278 1496 1398 1563 rationi
1414 1498 1641 1565 contrarium
1662 1501 1708 1563 sit.

446 1611 562 1692 utpote
585 1605 731 1689 legitimo
755 1608 910 1670 constans
933 1625 994 1669 usu
1013 1603 1146 1668 humani
1162 1602 1305 1681 dominii,
1329 1623 1427 1686 posse
1443 1606 1575 1670 tamen
1592 1611 1709 1671 ration

444 1717 532 1780 modi
563 1720 591 1779 el
622 1714 846 1777 adiunctorum
878 1731 951 1776 esse
982 1711 1150 1776 moraliter
1176 1709 1335 1775 illicitum.
1382 1709 1432 1774 Eo
1462 1712 1597 1793 procul
1622 1712 1709 1776 dubie

444 1820 589 1904 pertinet
618 1817 765 1884 studiosa
790 1820 848 1882 aut
870 1815 995 1881 inutilis
1019 1819 1077 1881 aut
1100 1815 1241 1898 speretis
1264 1815 1423 1881 fructibus
1450 1815 1551 1882 baud
1578 1840 1709 1902 propor-

444 1926 573 1992 tionata
589 1924 777 2002 crudelitas,
798 1944 863 2006 qua
878 1922 973 1988 homo
991 1943 1055 1987 non
1071 1923 1176 1987 solum
1193 1921 1316 2004 absque
1331 1922 1396 1986 fine
1411 1942 1500 1988 vere
1518 1925 1709 1990 rationabili

444 2037 631 2100 ereaturam
663 2051 762 2096 sensu
792 2028 913 2094 doloris
944 2028 1129 2112 praeditam
1159 2025 1331 2110 exquisitis
1361 2026 1580 2094 cruciatibus
1614 2029 1708 2096 afficit

443 2159 548 2222 eaque
571 2143 694 2204 temere
718 2135 873 2212 abutitur,
899 2155 1013 2199 verum
1037 2134 1137 2199 etiam
1160 2133 1195 2198 in
1217 2132 1393 2216 semetipso
1414 2136 1605 2200 naturalia
1620 2155 1710 2200 sensa

443 2243 657 2310 humanitatis
687 2247 721 2309 et
754 2240 1046 2308 commiserationis
1076 2262 1157 2324 erga
1185 2241 1236 2306 eui
1265 2239 1421 2323 aequales
1453 2241 1639 2309 obtundat
1661 2265 1709 2308 nc-

443 2371 535 2418 cessc
559 2353 610 2416 est
620 2353 641 2416 1.

442 2488 512 2562 463.
603 2489 862 2574 Principium
885 2488 1076 2554 alterum.

577 2598 649 2662 Non
679 2599 756 2682 pari
786 2597 877 2660 modo
909 2596 1083 2660 subiectam
1111 2601 1140 2660 el
1168 2597 1322 2659 teretibus
1348 2595 1394 2658 ad
1416 2597 1472 2659 iae
1502 2600 1654 2683 aliquod
1681 2606 1704 2663 lt.

532 2706 646 2770 ordine
669 2705 768 2768 realis
795 2705 997 2768 exsistentiae
1020 2701 1299 2766 determinandam
1321 2711 1537 2767 renarrant.
1591 2707 1708 2790 Neaqe

533 2816 568 2872 ul
598 2809 680 2872 illud
711 2811 841 2874 realiter
872 2811 1017 2889 exsistat,
1053 2829 1176 2892 seraper
1205 2809 1323 2872 reali
1352 2807 1477 2891 indipet
1509 2812 1707 2878 subiecta.

536 2917 587 2980 cal
610 2917 794 2996 inhaereat·
824 2918 1036 2981 terminum
1060 2922 1174 2996 artene,
1199 2937 1286 3000 quem
1312 2918 1476 3000 respiciat,
1503 2939 1578 2984 non
1606 2943 1706 2986 neces·

534 3025 622 3088 sario
649 3023 789 3108 postulat
819 3024 948 3086 realiter
977 3024 1044 3086 iam
1071 3024 1278 3103 exsistentem,
1308 3021 1366 3086 sed
1399 3021 1552 3088 adrnittit
1582 3049 1652 3111 per
1680 3051 1703 3090 a

529 3129 708 3214 possibilem
731 3136 852 3194 tantam
878 3138 906 3193 et
928 3129 1167 3214 hypotheticum.

532 3235 577 3299 Et
592 3255 672 3300 sane
688 3235 734 3300 nil
750 3235 896 3318 impedit,
914 3234 1086 3316 quominus
1101 3233 1223 3300 homini
1237 3234 1288 3299 ius
1304 3237 1474 3317 competat
1490 3256 1573 3302 cum
1587 3243 1705 3303 actuali

441 3340 589 3407 efficacia
612 3341 728 3406 morali
751 3339 976 3422 obstringendi
999 3339 1081 3404 alios
1104 3339 1260 3417 homines,
1289 3339 1535 3423 quamprimum
1563 3344 1703 3410 exstite

534 3605 590 3656 ¹S.
614 3603 720 3670 vene,
747 3603 848 3656 Contra
867 3601 947 3656 Gent.
968 3602 999 3665 3,
1025 3620 1048 3654 e.
1071 3601 1135 3654 112:
1164 3601 1233 3667 ¹‚Per
1257 3600 1309 3655 hoc
1333 3603 1424 3654 autem
1444 3603 1612 3658 excluditur
1632 3625 1701 3660 error

442 3692 598 3760 ponentium
618 3690 718 3744 homini
738 3709 798 3745 esse
818 3694 976 3760 peecatum,
1002 3691 1026 3742 ei
1046 3689 1175 3744 animalia
1193 3689 1274 3744 bruta
1291 3690 1413 3754 occidat;
1439 3708 1475 3744 ex
1502 3691 1605 3748 divina
1632 3697 1699 3748 enin

443 3778 613 3848 providentia
632 3778 752 3832 naturali
772 3779 865 3832 ordine
884 3780 911 3832 in
931 3795 1012 3832 usum
1030 3777 1147 3832 hominis
1166 3777 1339 3840 ordinantur;
1364 3779 1437 3832 unde
1462 3781 1567 3848 abaqru
1594 3785 1699 3836 atum

441 3869 517 3920 bomo
542 3869 578 3919 iis
604 3871 690 3920 utitur·
715 3869 857 3920 occidendo
882 3869 921 3920 uel
947 3868 1061 3935 qaeelidet
1086 3867 1142 3920 alio
1167 3868 1252 3920 medo.
1289 3867 1405 3936 Propter
1423 3867 1496 3936 quod
1516 3873 1547 3922 et
1566 3869 1699 3926 Dominus

442 3955 511 4008 dixit
537 3953 569 4008 ad
590 3955 661 4010 Noe:
688 3955 723 4009 Et
748 3973 833 4021 omne,
860 3955 931 4024 quod
949 3959 1076 4009 movetur
1095 3959 1123 4009 et
1142 3955 1227 4019 vivit,
1253 3955 1305 4008 erit
1325 3955 1402 4009 vobis
1428 3956 1456 4010 in
1482 3957 1596 4022 cibum;
1622 3965 1698 4030 qussi

441 4043 514 4098 olera
534 4044 651 4098 virentia
675 4043 776 4098 tradidi
796 4043 873 4098 vobis
899 4043 989 4098 omnia
1009 4042 1090 4110 (Gen.
1108 4043 1134 4108 9,
1154 4044 1193 4111 3).
1230 4042 1259 4097 Si
1284 4059 1423 4120 qua-vero
1448 4045 1477 4099 in
1502 4063 1589 4102 esan
1608 4049 1697 4120 Scrip
1763 4080 1764 4089 1

442 4135 503 4186 tura
523 4132 697 4186 invenientur
722 4131 894 4202 prohibentia
919 4131 1023 4200 aliquid
1047 4131 1218 4186 crudelitatis
1242 4131 1270 4185 iu
1295 4131 1425 4188 animalia
1450 4132 1534 4188 bruta
1551 4140 1697 4192 committi

440 4223 512 4276 sicut
530 4221 563 4275 de
582 4239 634 4274 sve
653 4237 714 4275 cum
734 4220 816 4290 pallis
834 4237 887 4274 non
907 4220 1068 4285 occidenda,
1095 4220 1146 4274 boc
1165 4220 1211 4274 fit:
1237 4219 1282 4274 vel
1308 4220 1343 4274 ad
1361 4222 1558 4276 removendum
1579 4225 1697 4280 humma

440 4309 560 4364 animum
586 4308 782 4364 aerudslitate
808 4311 835 4362 in
855 4308 977 4362 homines
1003 4308 1169 4372 exercenda,
1195 4326 1229 4362 ne
1254 4307 1370 4377 aliquis,
1395 4310 1550 4366 exercendo
1573 4314 1696 4368 arridetis

441 4399 513 4452 circa
538 4397 634 4458 bruta.
660 4416 693 4452 ex
721 4397 771 4451 hoc
796 4397 925 4468 procedat
951 4397 984 4450 ed
1011 4397 1148 4460 bomines3
1175 4397 1220 4450 rel
1247 4397 1311 4465 qnia
1335 4397 1364 4450 in
1389 4398 1542 4468 temporale
1564 4401 1695 4456 damnum

440 4487 556 4541 hominis
581 4485 706 4555 provenit
732 4485 895 4540 animalibus
920 4483 999 4539 illata
1025 4485 1123 4550 laesio,
1150 4485 1210 4540 eive
1235 4485 1378 4540 inferentis
1402 4487 1464 4540 sire
1489 4486 1623 4545 alarius:
1650 4491 1693 4544 rel

440 4579 550 4645 propter
569 4574 687 4644 aliquam
714 4574 956 4641 significationem,
982 4575 1056 4628 sient
1073 4573 1214 4643 apostolus
1238 4575 1265 4638 (1
1287 4573 1339 4627 Cor
1358 4575 1389 4637 9,
1408 4575 1425 4627 9
1445 4578 1474 4628 st
1491 4577 1556 4644 eqq)
1581 4581 1693 4648 exponit

440 4662 506 4716 illud
526 4663 725 4716 Deuteronomii
754 4664 809 4730 (25,
828 4663 858 4729 4)
887 4663 920 4716 ds
946 4680 999 4716 non
1024 4661 1134 4729 ligando
1160 4680 1207 4716 ore
1232 4662 1311 4716 bovis
1336 4662 1518 4718 triturantia*
1558 4663 1691 4720 Similiter

440 4769 463 4806 o.
482 4752 517 4804 22
536 4751 587 4804 sub
607 4751 695 4814 finem,
715 4751 760 4804 ubi
780 4751 807 4804 in
826 4753 940 4806 eandem
963 4751 1127 4806 sententiam
1152 4752 1253 4805 citatur
1271 4753 1429 4805 Aristotelea
1450 4751 1543 4819 (Polit
1564 4756 1590 4813 1,
1610 4774 1633 4808 c.
1653 4757 1691 4819 54¹,
1762 4752 1763 4757 ’

441 4843 469 4892 et
487 4857 510 4892 c.
530 4840 563 4894 81
585 4840 618 4893 ab
637 4841 723 4894 initio.
762 4841 803 4894 cf.
823 4857 930 4909 quoque
950 4840 976 4894 S.
996 4839 1079 4894 theol.
1100 4843 1130 4902 1,
1156 4857 1182 4909 q.
1201 4841 1252 4904 65,
1277 4857 1302 4894 a.
1321 4841 1353 4904 2;
1379 4841 1411 4904 2,
1431 4842 1464 4906 2,
1490 4860 1517 4911 q.
1540 4843 1591 4906 64,
1617 4861 1641 4896 a
1661 4845 1690 4896 l:

440 4945 465 4995 q.
486 4927 527 4990 66,
553 4945 576 4981 a.
598 4929 628 4990 1;
653 4931 769 4996 Lessins,
789 4929 828 4983 De
848 4930 897 4983 iur.
917 4933 944 4982 et
964 4929 1026 4982 iuet.
1047 4929 1079 4993 11,
1099 4948 1121 4982 c.
1141 4929 1174 4992 9,
1193 4928 1217 4982 d.
1239 4927 1447 4984 1.—Deusa
1470 4931 1685 4998 „viviseeticnis·
1762 4918 1763 5007 ᾗ

440 5015 475 5070 ci.
494 5015 527 5068 s.
549 5018 642 5084 Marsy
662 5017 688 5070 in
708 5017 809 5085 period.
831 5017 978 5083 „Stimmen
998 5034 1048 5071 aas
1066 5016 1273 5070 Maria-Laaclr‘
1297 5017 1374 5080 1881,
1393 5017 1445 5072 XX
1467 5022 1480 5073 l
1502 5020 1533 5082 3;
1552 5018 1617 5073 XXI
1634 5021 1658 5072 t.
1762 5012 1763 5021 ³
