3909 5842
566 656 671 710 Natura
690 656 757 710 iuris
776 674 792 710 a
810 655 868 710 suia
887 655 1031 710 elementis
1048 654 1240 722 investigatur.
1463 657 1526 722 377

271 836 411 900 socialis
434 837 611 919 orqorrisrni
634 854 707 908 esse
731 837 871 914 constat,
897 832 1019 917 duplici
1041 832 1157 898 morali
1175 831 1316 911 vinculo,
1340 853 1404 915 quo
1419 832 1454 896 in
1468 832 1531 897 hoc

272 941 397 1008 ordine
429 942 606 1008 secundum
639 940 742 1007 divini
774 941 972 1008 ordinatoris
1005 940 1211 1006 voluntatem
1243 938 1422 1006 efficaciter
1453 959 1530 1004 con-

272 1049 438 1128 tineatur,
469 1047 638 1134 praeditus
668 1067 741 1113 esse
772 1047 880 1124 debet,
912 1046 1040 1113 scilicet
1068 1049 1103 1112 61
1133 1045 1249 1112 morali
1279 1045 1467 1130 obliqutione
1496 1051 1531 1111 et

273 1155 400 1222 morali
420 1155 584 1239 facultate.
631 1153 758 1220 illaad
781 1154 938 1220 libertatis
962 1175 1055 1219 asam
1077 1157 1231 1236 respectu
1253 1151 1327 1217 finis
1351 1156 1385 1218 et
1408 1150 1530 1216 ordinis

273 1261 416 1328 moralis
439 1260 675 1326 moderandam
698 1267 727 1326 et
749 1261 1018 1344 restringendam,
1041 1257 1123 1324 haec
1147 1262 1262 1324 contra
1277 1258 1319 1322 ad
1334 1257 1427 1322 illum
1442 1257 1531 1324 intra

273 1367 456 1450 sphaeram
480 1366 614 1449 (intuitu
639 1366 782 1432 eiusdem
806 1363 943 1448 ordinis)
970 1365 1143 1446 unicuique
1167 1364 1310 1430 debitam
1332 1366 1530 1448 fulciendam

273 1477 383 1554 atque
405 1474 559 1539 tuendam
582 1472 768 1538 necessaria
784 1476 845 1548 est,
870 1493 910 1538 ne
926 1471 959 1536 in
975 1470 1088 1536 sociali
1105 1471 1339 1555 compositione
1354 1472 1408 1538 vel
1423 1471 1528 1556 ipsum

272 1599 401 1663 corpus
425 1579 546 1644 sociale
568 1578 623 1643 vel
646 1579 716 1644 eius
738 1579 884 1644 membra
908 1599 928 1644 a
952 1577 1114 1660 dignitate
1129 1580 1262 1644 moratis
1277 1578 1456 1661 organismi
1474 1578 1531 1645 de-

273 1684 397 1751 ficiant
427 1689 462 1750 et
492 1685 533 1750 ad
565 1685 738 1768 compositi
767 1688 946 1751 materialis
975 1684 1185 1768 partiumque
1211 1685 1430 1752 materialium
1453 1706 1530 1750 con·

274 1791 442 1858 dicionem
467 1793 700 1874 depraventur.

372 1897 463 1974 Quod
487 1901 524 1964 ut
546 1896 770 1978 intellegatur,
795 1917 892 1978 quam
913 1896 1080 1962 individuo
1096 1917 1183 1962 nexu
1202 1918 1275 1961 cum
1291 1901 1411 1964 natura
1425 1898 1530 1965 socie·

273 2004 364 2069 tatis
388 2001 522 2084 eiusque
546 2005 637 2068 reato
660 2002 773 2067 ordine
797 2007 985 2069 consertum
1001 2002 1055 2080 sit,
1080 2006 1297 2086 opportunam
1312 2004 1418 2070 lucem
1433 2006 1531 2070 affert

275 2109 381 2176 obvia
404 2109 489 2175 ratio
512 2113 582 2174 tum
607 2107 780 2191 analogiae
802 2111 874 2174 tum
898 2108 1084 2174 essentialis
1107 2109 1311 2187 discrinrinis‚
1336 2130 1421 2192 quae
1443 2110 1530 2177 iuter

275 2237 401 2300 corpus
431 2213 602 2282 materiale
632 2218 667 2280 et
690 2236 808 2298 corpus
830 2215 955 2280 morale
977 2215 1162 2294 intercedit,
1193 2220 1227 2281 et
1250 2216 1340 2282 cuius
1362 2217 1429 2283 iam
1452 2216 1530 2282 alibi

275 2322 362 2405 (203
387 2319 466 2403 349)
490 2321 612 2387 mentio
636 2321 728 2388 facte
744 2325 804 2387 est.
837 2320 987 2404 Namque
1009 2321 1043 2386 in
1067 2321 1300 2405 compositione
1316 2343 1528 2406 personarum

277 2427 324 2493 ad
350 2449 447 2492 unum
471 2425 602 2509 aliquod
620 2448 739 2511 corpus
755 2427 889 2504 morale,
915 2427 1011 2510 quale
1027 2427 1170 2494 societas
1186 2448 1259 2492 esse
1275 2433 1415 2507 constat,
1440 2429 1529 2494 sirni-

277 2536 359 2602 liter
389 2556 428 2601 ac
458 2535 490 2600 in
522 2534 703 2618 composito
727 2535 892 2601 materiali
914 2535 1051 2618 physice
1075 2556 1149 2612 uno,
1181 2535 1360 2600 communis
1384 2535 1529 2601 condicio

276 2642 403 2710 interni
432 2641 554 2708 ordinis
583 2641 617 2706 in
648 2644 861 2728 quantitative
879 2645 1087 2728 proportione
1106 2644 1251 2727 partiam
1274 2651 1339 2707 tam
1365 2645 1410 2708 od
1432 2651 1529 2709 totam

276 2760 348 2816 tam
373 2750 418 2815 ad
441 2751 627 2816 seinvicem
651 2748 717 2815 sita
740 2752 801 2814 est.
833 2747 956 2814 Verum
979 2770 1039 2832 pro
1064 2748 1195 2814 diversa
1217 2753 1337 2814 natura
1359 2747 1529 2832 utriusque

277 2855 455 2940 compositi
478 2858 513 2921 et
535 2855 714 2938 quantitas
740 2876 823 2938 quae
846 2855 879 2920 in
904 2855 1199 2921 considerationem
1222 2860 1371 2933 vocatur,
1402 2859 1437 2920 et
1460 2855 1530 2922 eius

276 2961 450 3047 proportio
474 2961 637 3044 utrimque
660 2961 786 3046 pariter
810 2960 941 3027 diversa
956 2961 1000 3028 sit
1017 2966 1156 3046 oportet.
1188 2961 1226 3025 In
1243 2982 1377 3046 corpore
1393 2961 1529 3046 physico

277 3067 453 3151 quantitas
475 3068 618 3150 partium
643 3065 912 3134 constituentium
936 3087 1026 3132 mere
1049 3065 1229 3134 materialis
1253 3071 1313 3144 est,
1339 3089 1444 3149 neque
1464 3067 1530 3132 alia

277 3176 309 3240 ei
343 3173 511 3259 proportio
542 3173 705 3251 convenit,
736 3173 797 3239 nisi
829 3193 912 3256 quae
942 3173 1060 3237 virium
1083 3173 1303 3238 materialium
1327 3172 1529 3255 aequilibrio,

233 3325 243 3344 ,
277 3281 355 3346 sola
387 3279 574 3347 dominante
606 3281 680 3363 loge
711 3279 763 3344 vis
794 3278 951 3357 fortioris
986 3278 1136 3345 efficitur.
1183 3279 1221 3344 Iu
1252 3300 1388 3363 corpore
1419 3283 1529 3346 autem

278 3389 399 3453 morali
421 3409 479 3451 seu
503 3385 617 3452 sociali
642 3384 810 3468 quantitas
833 3385 976 3470 partium
999 3385 1151 3450 similiter
1172 3387 1307 3451 moralia
1323 3389 1384 3462 est,
1409 3389 1443 3451 et
1458 3385 1530 3466 qui-

279 3493 359 3559 dem
389 3492 469 3576 ipsis
501 3495 627 3560 iuribus
658 3489 824 3570 consistit,
858 3512 994 3573 quorum
1026 3491 1115 3558 iusta
1147 3491 1315 3575 proportio
1347 3491 1381 3556 id
1413 3491 1528 3573 exigit,

279 3605 318 3667 ut
350 3603 421 3666 tum
450 3597 588 3681 singulis
617 3597 772 3664 membris
801 3597 833 3662 in
862 3619 922 3663 sua
944 3597 1106 3662 relatione
1129 3603 1243 3664 mutua
1266 3599 1308 3666 ad
1332 3598 1531 3664 seinvicem

281 3710 316 3772 et
351 3703 393 3770 ad
425 3703 628 3782 societatem,
663 3707 733 3768 tum
765 3703 829 3770 toti
860 3703 1013 3770 societati
1045 3724 1126 3786 erga
1156 3705 1265 3770 omnia
1293 3726 1354 3771 sua
1383 3704 1531 3769 membra

280 3813 440 3898 1691116116
471 3810 607 3874 ambitae
632 3812 798 3894 potestatis
822 3817 850 3874 et
872 3809 993 3875 liberae
1015 3812 1186 3876 activitatis
1207 3815 1373 3877 moraliter
1395 3813 1530 3876 inviola-

282 3917 359 3983 bilis
381 3918 515 3999 praesto
539 3915 592 3982 sit.

374 4023 484 4103 Atque
498 4021 548 4088 ita
571 4021 710 4104 quidem,
734 4021 768 4086 id
784 4022 870 4104 quod
885 4021 1018 4087 aliunde
1036 4022 1288 4104 uniuscuiusque
1311 4021 1531 4088 conscientiae

283 4151 351 4197 vox
374 4149 435 4213 per
458 4127 617 4194 directam
641 4127 840 4196 evidentiam
864 4127 1083 4194 certissimum
1106 4129 1299 4212 proclamat,
1329 4130 1403 4214 pari
1432 4129 1531 4194 certi-

284 4237 398 4304 tudine
430 4235 530 4302 etiam
563 4256 624 4319 ope
654 4235 816 4301 ratiocinii
833 4234 1020 4310 evincitur,
1053 4235 1179 4301 scilicet
1207 4235 1381 4315 hominem,
1413 4235 1443 4300 si
1471 4255 1531 4318 pro

286 4363 345 4410 sua
367 4342 530 4410 relatione
553 4343 595 4409 ad
619 4343 702 4410 alios
725 4343 872 4408 homines
896 4347 930 4409 61
954 4342 996 4408 ad
1019 4342 1212 4408 societatem
1236 4341 1469 4419 consideretur,
1497 4340 1531 4404 vi

287 4449 409 4516 ordinis
432 4449 604 4516 rationalis
627 4471 691 4514 non
716 4450 821 4515 solum
845 4450 960 4535 officiis
984 4452 1160 4516 ramalibus
1183 4453 1326 4535 liqatam,
1354 4447 1413 4513 sed
1435 4446 1531 4512 simul

288 4556 386 4622 etiam
410 4557 538 4622 iaribas
560 4559 717 4622 raucitant
742 4557 938 4622 censendum
963 4577 1046 4635 esse,
1070 4557 1186 4638 quibus
1208 4560 1377 4638 tamquam
1394 4554 1530 4620 totidem

288 4662 463 4728 moralibus
487 4662 657 4746 praesidiis
681 4663 840 4728 adversus
861 4663 988 4729 alienae
1004 4663 1185 4730 voluntatis
1200 4663 1372 4729 arbitrium
1388 4661 1530 4727 debitam

289 4767 348 4832 sibi
372 4789 450 4834 suae
473 4769 607 4834 moralis
631 4768 845 4836 exsistentiae
869 4773 903 4836 et
926 4770 1109 4837 activitatis
1132 4769 1334 4853 provinciam
1359 4770 1533 4834 conservet

290 4893 327 4938 ac
355 4878 498 4940 tueatur.
544 4875 581 4940 Id
612 4875 717 4958 ipsum
748 4873 895 4958 vulgaris
924 4879 1054 4942 tessera
1080 4875 1227 4942 iustitiae
1258 4897 1370 4955 ,suum
1393 4873 1526 4956 cuique“

290 4977 459 5061 significat.
