3909 5842
478 699 571 754 Kantii
592 701 762 768 ,autonomia
780 700 909 756 rationis⁸
930 700 1050 755 examini
1069 698 1165 754 critico
1184 699 1335 754 subiicitur.
1458 704 1523 768 225

277 875 442 958 (nimirum
467 881 629 959 quatenus
652 876 748 943 homo
772 879 983 960 comparatur
1006 897 1079 942 cum
1102 876 1201 942 rebus
1223 875 1318 942 huius
1336 877 1446 942 mundi
1462 877 1526 944 sibi

277 983 499 1050 subordinatis
509 987 531 1061 ¹,
560 988 594 1050 et
624 987 786 1067 quatenus
810 983 880 1068 ipse
904 983 966 1049 sibi
988 985 1070 1049 fines
1091 1002 1275 1069 proponere
1299 983 1413 1068 possit,
1444 985 1525 1050 lines

278 1090 405 1156 seilicet
420 1087 611 1176 operantis);
635 1089 692 1156 sed
716 1089 778 1155 hoo
802 1089 897 1156 modo
920 1089 1053 1156 minime
1068 1089 1207 1155 inservit
1223 1095 1261 1156 ut
1276 1088 1525 1156 fundamentum

279 1195 447 1263 doctrinae
471 1197 659 1263 kantianae.

369 1303 400 1371 3.
425 1305 563 1388 Apertas
587 1301 850 1367 contradictiones
873 1305 1011 1387 inuoluit,
1036 1302 1241 1386 etquidem:

287 1404 289 1408 ’
369 1409 403 1490 a)
426 1407 521 1474 Facit
543 1407 704 1475 rationem
727 1408 901 1474 humanam
926 1409 1102 1476 absolutam
1126 1415 1154 1474 et
1176 1411 1380 1491 iliimitatam,
1412 1412 1527 1493 utpote

280 1514 372 1580 ouius
396 1513 558 1581 dictamen
581 1537 641 1600 per
663 1537 696 1580 se
719 1519 753 1580 et
769 1523 901 1600 propter
915 1537 948 1579 se
962 1513 1162 1582 illimitatam
1179 1519 1214 1580 et
1228 1514 1326 1597 plane
1342 1514 1525 1580 absolutam

281 1619 526 1687 venerationem
548 1625 674 1706 poscat,
695 1621 850 1686 —simul
874 1625 985 1687 autem
1008 1624 1179 1688 limitatum
1203 1629 1229 1686 et
1250 1643 1315 1686 non
1338 1621 1526 1703 absolutam,

280 1725 358 1808 quia
387 1748 460 1794 osse
486 1726 587 1794 habet
617 1735 758 1794 creatam
788 1732 822 1794 et
851 1727 988 1811 proinde
1015 1732 1123 1795 totum
1152 1731 1310 1810 quantum
1341 1725 1527 1794 derivatum

281 1837 317 1900 et
339 1833 524 1901 relativum.

371 1940 405 2022 b)
428 1939 523 2008 Facit
545 1940 721 2006 humanam
745 1940 906 2006 rationem
938 1940 1118 2024 practicam
1142 1945 1244 2006 —et
1273 1939 1348 2005 hino
1378 1939 1430 2022 (nt
1456 1941 1529 2024 ipse

281 2047 423 2114 Kantius
439 2047 560 2114 diserte
576 2048 734 2132 explicat)
756 2048 978 2124 ,voluntatem
994 2048 1207 2114 rationalem*
1230 2085 1275 2095 -
1289 2049 1528 2114 nomotheticen

282 2158 317 2220 et
340 2154 468 2236 quidem
493 2157 662 2240 cateporice
686 2153 904 2236 (unbedingt),
929 2157 963 2220 et
985 2159 1097 2220 temen
1121 2153 1218 2219 simul
1236 2155 1398 2219 subditum
1414 2157 1448 2220 et
1461 2147 1527 2218 non

284 2280 358 2325 raro
382 2261 545 2340 rebellem;
572 2261 722 2326 absolute
752 2263 911 2343 nolentem,
942 2264 977 2325 et
1000 2265 1110 2326 temen
1135 2259 1232 2325 simul
1253 2261 1417 2342 notantem,
1448 2280 1529 2342 quo·

283 2365 347 2431 ties
369 2365 471 2432 libero
494 2368 535 2432 ad
560 2370 732 2450 peccatum
756 2366 911 2433 deflectit.
943 2365 1061 2450 Neque
1084 2366 1202 2450 aliquis
1218 2365 1316 2443 dicat,
1342 2365 1440 2431 aliam
1457 2386 1529 2431 esse

283 2471 488 2540 voluntatem
511 2473 601 2539 illam
625 2473 891 2552 nomothetioam‚
917 2474 1015 2539 aliam
1035 2473 1200 2539 subditam
1216 2476 1250 2538 et
1264 2473 1429 2540 rebellem.
1461 2471 1529 2537 Vo-

284 2577 404 2658 luntas,
428 2601 512 2662 quae
535 2583 618 2646 recti
642 2589 713 2646 octn
737 2581 843 2664 legem
860 2580 936 2659 lert,
962 2586 1014 2646 est
1030 2583 1119 2646 certe
1135 2579 1289 2645 voluntas
1306 2579 1416 2662 aliqua
1431 2582 1530 2646 realis

283 2693 312 2750 et
331 2689 523 2772 personatis,
548 2708 612 2752 non
629 2707 689 2770 per
703 2685 958 2754 abstractionem
974 2690 1104 2752 tantum
1120 2685 1244 2752 habens
1261 2707 1324 2752 csse
1340 2689 1528 2752 universate.

285 2791 347 2858 Est
375 2792 477 2874 igitur
506 2793 580 2877 ipsa
609 2795 753 2859 uoluntas
780 2796 928 2878 borninis,
959 2796 1089 2860 realiter
1118 2816 1196 2875 nno,
1226 2791 1323 2857 simul
1352 2792 1466 2858 voleus
1496 2797 1530 2858 et

284 2899 408 2966 nolens
455 2899 571 2982 Neque
600 2899 633 2965 id
665 2900 766 2967 etiam
789 2901 925 2984 impedit
948 2899 1250 2979 contradictionem,
1282 2900 1367 2983 quod
1392 2899 1529 2975 dicatur,

285 3004 370 3070 idom
402 3005 531 3087 quidem
563 3006 755 3084 subiectum,
787 3007 844 3072 sed
875 3007 933 3072 snb
962 3009 1086 3072 diverso
1109 3015 1248 3093 respecta
1273 3006 1422 3073 absolute
1445 3005 1532 3070 velle

285 3115 321 3177 et
342 3111 440 3177 nolle.
488 3111 573 3177 Nam
598 3111 652 3195 qui
676 3112 798 3194 aliquid
822 3114 895 3178 vult
918 3113 1067 3195 absolate,
1098 3112 1162 3178 iam
1193 3133 1321 3178 omnem
1344 3118 1531 3196 respectum

286 3216 441 3295 excludit,
473 3219 533 3283 sub
564 3240 627 3302 quo
658 3219 757 3286 etiam
788 3223 901 3303 posset
930 3219 1016 3284 idem
1047 3219 1150 3292 nolle:
1182 3240 1261 3301 ergo
1291 3221 1430 3285 obsolute
1458 3217 1532 3300 (un-

286 3321 435 3405 bedingt)
458 3327 534 3390 cette
557 3329 591 3391 et
613 3325 699 3390 idem
722 3325 779 3390 snb
805 3327 910 3411 atiquo
933 3334 1075 3410 respecta
1097 3328 1177 3391 nolte
1199 3325 1232 3390 in
1256 3325 1369 3391 eodem
1385 3325 1531 3392 subiecto

286 3449 360 3495 sese
372 3431 485 3494 mutuo
501 3429 689 3496 excludunt.
714 3429 922 3514 Quapropter
937 3431 978 3496 ad
996 3430 1080 3495 hane
1096 3429 1348 3515 repugnantiam
1363 3429 1531 3496 vitandam

287 3535 384 3619 plane
407 3537 626 3602 necessarium
651 3543 712 3614 est,
737 3542 774 3603 ut
796 3536 896 3603 iussio
920 3537 978 3603 illa
1002 3538 1152 3604 absolute
1174 3538 1313 3620 legifera
1336 3559 1400 3602 non
1417 3538 1533 3602 volun·

287 3642 351 3710 tati
381 3642 534 3709 rationali
565 3643 714 3722 hominis,
745 3645 803 3710 sed
834 3647 944 3711 aitiori
973 3647 1128 3710 uoluntati
1157 3645 1296 3712 absolate
1321 3653 1449 3711 sanctae
1474 3643 1532 3710 tri·

288 3750 418 3826 buatur,
450 3751 501 3814 cui
531 3751 686 3816 voluntas
716 3751 859 3820 humana
889 3751 1054 3818 mediante
1077 3753 1207 3820 ratione
1229 3753 1278 3818 ita
1301 3750 1462 3834 obstringi
1485 3751 1534 3815 in-

288 3856 477 3938 tellegatur,
502 3860 539 3922 ut
562 3862 673 3924 tamen
697 3879 756 3941 pro
779 3880 840 3924 sua
863 3859 1017 3925 libertate
1039 3858 1088 3923 illi
1110 3859 1336 3925 contradicere
1359 3857 1473 3942 possit.

379 3964 409 4029 4.
434 3964 531 4029 Dneit
553 3965 650 4050 topice
673 3972 729 4030 ant
752 3965 797 4028 ad
818 3964 1020 4047 futatismnrn
1044 3975 1100 4030 ant
1124 3965 1170 4030 od
1186 3966 1435 4050 pantheiamnrn.

379 4067 412 4150 a)
436 4071 493 4135 Aa
524 4069 743 4154 fatalismnrn,
780 4070 855 4152 quia
890 4072 1050 4138 asseritur
1083 4074 1253 4138 necessitas
1286 4073 1428 4137 absolata
1460 4069 1535 4153 (un-

289 4175 446 4260 bedingte
461 4175 747 4260 Notwendigkeit)
763 4176 796 4242 in
812 4177 940 4246 rationo
956 4179 1099 4245 humana
1114 4179 1307 4256 subsistens,
1331 4177 1422 4242 cuius
1445 4177 1536 4242 nulla

289 4282 427 4348 ulterior
455 4282 541 4349 ratio
572 4283 662 4348 reddi
689 4286 790 4368 possit
819 4307 875 4351 nec
899 4285 1019 4364 debeat,
1050 4305 1154 4368 eaque
1185 4284 1408 4369 independens
1440 4285 1536 4348 extra

289 4409 419 4455 omnem
441 4393 629 4473 respectum
652 4390 693 4456 ad
718 4391 822 4455 Deum
845 4391 1013 4457 statuitur.

379 4495 414 4577 b)
438 4497 492 4561 Ad
504 4499 758 4582 pontheisrnnrn:
778 4498 984 4564 Ineluctabili
1001 4499 1085 4564 enim
1103 4486 1337 4580 consequentia
1352 4498 1434 4563 haec
1451 4496 1535 4562 ratio

290 4604 469 4668 autonoma
495 4625 555 4688 per
584 4627 617 4670 se
647 4608 681 4670 et
709 4613 838 4691 propter
867 4628 900 4671 se
930 4605 1162 4672 auctoritatem
1185 4625 1265 4688 prae
1288 4625 1324 4670 ee
1347 4603 1458 4669 ferens
1482 4605 1536 4670 ab·

290 4710 436 4792 solutam,
461 4707 523 4774 nisi
546 4709 652 4778 fatum
676 4711 814 4788 dicatur,
839 4711 976 4777 dicenda
993 4715 1045 4777 est
1060 4735 1116 4778 ens
1131 4715 1343 4778 necessarium
1361 4732 1419 4776 seu
1436 4711 1536 4776 Deus.

289 4815 378 4900 Erpa
401 4820 464 4882 eto.

384 5043 392 5075 ¹
411 5042 452 5098 cf.
473 5045 502 5098 S.
525 5044 625 5114 Thon,
644 5044 744 5099 Contra
763 5045 885 5101 Gentiles
904 5044 922 5098 l.
942 5045 966 5108 3,
986 5063 1010 5100 c.
1031 5047 1091 5100 112.

343 5137 451 5191 noyer.
465 5139 504 5182 rus
518 5141 629 5185 naturus.
650 5141 666 5184 1.
687 5141 727 5184 uu.
740 5141 760 5183 r.
1086 5167 1090 5174 -
1298 5135 1330 5188 15
