3909 5842
448 703 602 760 Essentffle
620 702 766 757 discrimen
784 702 855 757 inter
874 703 974 757 honum
994 707 1022 757 et
1040 701 1142 757 malum
1160 700 1262 755 morale
1281 701 1422 757 assentur.
1497 704 1557 767 117

401 884 512 965 Atque
540 881 590 947 ita
619 880 748 963 quidem
787 878 1079 961 ,edelmund
1112 900 1148 943 se
1183 880 1283 944 habet
1313 878 1344 943 in
1376 878 1488 945 ordine
1518 879 1560 945 ad

307 989 484 1056 scientiam
514 988 680 1055 moralem.
727 986 811 1064 Quid
842 990 963 1065 autem,
995 988 1022 1052 si
1053 986 1148 1063 idem,
1179 987 1302 1052 reiecto
1331 985 1420 1050 omni
1449 984 1560 1051 stabili

308 1095 467 1161 veritatis
489 1095 703 1161 fundamento
726 1093 962 1178 metaphysica,
993 1093 1176 1177 generatim
1201 1093 1352 1157 universo
1377 1091 1561 1175 complexui

307 1200 475 1267 humanae
504 1200 662 1267 scientiae
691 1199 888 1284 applicatur,
919 1200 968 1265 uti
999 1201 1063 1265 ianr
1095 1219 1115 1263 a
1145 1197 1309 1263 decenniis
1338 1196 1562 1281 multipliciter

309 1312 466 1392 caeptum
493 1306 665 1372 videmus?
688 1342 731 1353 -
755 1306 841 1371 Hinc
871 1326 989 1390 nempe
1012 1310 1181 1388 tamquam
1209 1305 1337 1371 fructus
1361 1303 1561 1370 conaturalis

268 1418 272 1423 “
309 1414 440 1481 oriatur
469 1432 602 1478 necesse
630 1416 683 1478 est
712 1412 891 1496 singularis
919 1412 977 1477 ille
1000 1410 1234 1496 scepticiemus,
1265 1430 1360 1492 quem
1387 1411 1560 1492 ,relativis-

309 1520 418 1583 mam“
437 1522 570 1585 vocant.
601 1518 779 1603 Supposita
793 1519 879 1583 enim
895 1523 1056 1603 perpetua
1069 1518 1255 1583 evolutione
1267 1538 1375 1583 rerum
1388 1538 1427 1583 ac
1444 1516 1560 1582 vinum

310 1627 345 1690 in
374 1626 495 1691 mundo
518 1624 655 1709 physico
678 1632 713 1691 et
735 1624 863 1699 morali,
894 1628 1022 1703 cuncta,
1054 1644 1137 1707 quae
1160 1624 1256 1689 hodie
1279 1628 1446 1705 tamquam
1470 1626 1562 1689 certa

309 1733 474 1799 scientiae
505 1732 702 1797 documenta
739 1730 955 1808 exhibentur,
988 1733 1117 1797 relative
1151 1736 1279 1798 tanturn
1315 1750 1396 1795 vera
1429 1728 1560 1813 probari

310 1838 524 1917 existimant,
555 1837 681 1905 scilieet
711 1838 816 1903 relate
846 1838 888 1903 ad
917 1842 1125 1921 praesentem
1157 1836 1353 1905 evolutionis
1382 1835 1560 1921 periodum,

310 1944 392 2027 quid
419 1946 480 2011 sub
503 1944 570 2010 alia
592 1943 725 2028 periodo
749 1944 938 2022 resultaret,
970 1943 1099 2010 nesciri.
1136 1944 1231 2010 Unde
1255 1943 1459 2009 concluditur
1482 1942 1562 2007 nihil

311 2072 389 2117 esse
413 2054 553 2117 absolate
575 2058 604 2117 et
627 2059 753 2115 odorae
776 2070 899 2129 verum,
924 2051 983 2116 sed
999 2054 1126 2129 cuncta,
1152 2071 1235 2133 quae
1251 2054 1364 2115 nostro
1381 2047 1561 2115 intellectui

310 2162 350 2223 ut
381 2157 574 2241 simpliciter
603 2176 683 2221 vera
706 2159 878 2240 apparent,
909 2156 1039 2221 nonnisi
1062 2158 1191 2223 relative
1214 2178 1294 2221 vera
1318 2155 1455 2222 dicenda
1478 2176 1559 2221 esse.

309 2262 418 2327 Mirus
441 2282 520 2327 sane
543 2282 738 2347 progressus
761 2262 908 2326 moderni
931 2264 1148 2347 naturaliami,
1173 2261 1229 2343 qui
1249 2262 1291 2327 ad
1306 2262 1391 2327 lianc
1407 2262 1560 2345 despera-

308 2367 438 2435 tionem
467 2368 572 2433 amnis
594 2389 695 2434 verae
724 2367 882 2434 scientiae
906 2367 1073 2435 conducit!
1098 2404 1140 2413 -
1164 2368 1273 2433 Minus
1297 2371 1408 2434 autem
1431 2367 1558 2443 mirum,

310 2475 431 2541 infelix
446 2474 508 2540 hoc
521 2474 847 2559 Darwino-Spencen'
862 2474 1070 2559 evangelium
1083 2497 1142 2561 per
1154 2476 1323 2542 decursum
1337 2473 1459 2541 saeculi
1472 2474 1558 2553 XIX,

311 2580 441 2647 scilicet
463 2584 558 2647 amal
581 2603 652 2646 eum
675 2582 826 2646 moderno
850 2583 1000 2647 atheiamo
1024 2582 1076 2647 vel
1101 2586 1263 2666 moriame,
1288 2602 1351 2664 quo
1375 2582 1463 2647 Deus
1485 2602 1560 2666 per·

310 2685 446 2765 sonalis,
470 2685 626 2771 providus
650 2686 760 2752 mundi
784 2691 903 2765 rector,
928 2691 1079 2771 negatur,
1104 2694 1173 2755 tam
1199 2688 1266 2755 late
1288 2708 1347 2772 per
1363 2708 1475 2753 amnes
1491 2688 1561 2753 fere

311 2814 426 2859 ramas
456 2790 614 2858 scientiae
644 2793 822 2877 propagari
851 2793 1008 2877 potuisse,
1039 2797 1078 2860 ut
1104 2792 1198 2859 hodie
1227 2794 1435 2879 philosophia,
1466 2796 1561 2859 immo

310 2902 448 2967 acient-ia
481 2902 599 2965 aaearli
625 2900 716 2965 XIX
747 2936 790 2945 -
825 2900 853 2964 si
885 2900 954 2967 eius
982 2904 1112 2984 partem
1143 2900 1355 2967 christianam
1377 2900 1445 2966 late
1467 2899 1561 2983 quasi

310 3004 532 3089 proscriptam
555 3004 701 3089 excipias
715 3044 760 3053 —
776 3007 859 3072 satis
881 3006 1081 3089 generaliter
1105 3010 1163 3072 iata
1187 3009 1414 3073 evolationismi
1430 3008 1559 3071 charac-

311 3120 379 3177 tere
401 3110 535 3193 signata
556 3132 621 3176 nau
644 3110 806 3178 immerito
831 3113 959 3179 dicatur
969 3115 990 3179 ¹.

310 3248 379 3320 147.
471 3252 583 3316 Altera
606 3254 717 3317 clareia
740 3271 797 3316 aas
820 3252 1076 3336 comprehendit,
1100 3252 1156 3335 qui
1179 3274 1199 3317 a
1222 3255 1325 3318 litero
1340 3253 1403 3317 Dei
1427 3254 1560 3337 disposi-

309 3359 398 3422 tione
427 3376 523 3421 omne
552 3359 677 3423 morale
706 3357 881 3423 dhcrimen
911 3359 1127 3424 humanarum
1158 3358 1322 3424 actionum
1346 3356 1559 3423 derivandum

310 3483 386 3528 esse
410 3462 612 3529 existimant.
658 3463 712 3528 Ita
733 3464 924 3549 praecipue:

401 3570 532 3636 Samuel
555 3568 743 3653 Pufendorf
762 3568 1027 3652 (laea-1694),
1057 3570 1126 3653 qui,
1158 3572 1221 3637 etei
1250 3570 1283 3635 in
1313 3570 1451 3637 scientia
1480 3570 1560 3635 iuris

310 3676 485 3754 naturalis,
516 3674 624 3757 quoad
653 3677 822 3757 generalia
851 3676 1076 3755 fundamenta,
1108 3677 1250 3760 vestigia
1273 3679 1379 3743 Grotii
1402 3678 1558 3759 sequitur,

309 3783 343 3847 in
374 3783 439 3848 hac
468 3803 505 3846 re
534 3786 646 3848 tamen
676 3782 746 3848 eius
777 3784 959 3850 doctrinam
984 3784 1181 3866 impugnans
1204 3784 1403 3850 contrariam
1425 3804 1560 3867 prorsus

310 3888 513 3954 sententiam
543 3887 699 3966 defendit,
732 3893 832 3971 atque
861 3889 911 3954 his
941 3890 1147 3974 potissimum
1179 3890 1360 3956 rationibus
1388 3892 1560 3956 adstruere

310 3998 453 4060 conatur
476 3994 604 4059 dicens:
639 3994 737 4071 ,Cum
760 3994 918 4061 honestas
940 3997 1011 4061 sive
1036 3996 1216 4062 necessitas
1239 3996 1374 4085 moralis
1398 4000 1431 4061 et
1455 3996 1559 4081 turpi-

308 4100 392 4167 tudo
415 4099 483 4165 sint
506 4100 697 4167 affectiones
719 4102 885 4169 actionum
909 4102 1136 4183 humanarum,
1161 4109 1255 4169 ortae
1272 4126 1313 4169 ex
1331 4103 1559 4170 convenientia

310 4208 364 4273 vel
389 4207 669 4274 disconvenientia
691 4229 713 4273 a
736 4229 850 4275 norma
873 4230 931 4275 seu
954 4211 1038 4294 lege,
1069 4212 1123 4275 lex
1147 4230 1225 4275 vera
1249 4210 1293 4276 sit
1316 4211 1438 4275 iussum
1461 4229 1559 4292 eupe-

308 4313 424 4391 rioris,
457 4334 522 4379 non
555 4319 704 4399 apparet,
737 4316 897 4399 quomodo
930 4318 1085 4385 honestas
1119 4322 1177 4384 aut
1208 4318 1378 4401 turpitudo
1410 4317 1559 4397 intellegi

306 4420 417 4505 possit
446 4429 520 4486 arete
549 4424 645 4509 lepem
675 4432 703 4488 et
732 4426 814 4488 eitra
841 4428 1017 4509 asperioris
1044 4428 1281 4510 impositionem.
1330 4424 1373 4489 Et
1400 4444 1480 4489 sane
1504 4423 1559 4506 qui

401 4682 409 4715 ¹
431 4679 472 4734 Oi.
492 4680 565 4735 Prot.
589 4684 647 4736 Otto
667 4685 814 4737 Willmann
833 4684 943 4753 (Prag),
962 4673 1037 4739 llher
1060 4684 1103 4739 die
1123 4684 1287 4740 Geschichle
1308 4685 1356 4739 der
1375 4684 1558 4755 Philosophia.

306 4770 392 4835 Reda,
411 4768 541 4837 gehelten
560 4771 587 4824 in
606 4772 655 4825 der
673 4772 899 4827 intemetionalen
916 4773 993 4827 heth.
1008 4772 1363 4841 Gelehrlenversammlung
1376 4790 1409 4827 zu
1421 4773 1557 4827 Mdnahen

308 4858 388 4915 1900.
408 4888 444 4897 -
463 4858 547 4913 Parra
567 4860 595 4912 V.
617 4862 745 4914 Cathrein
764 4860 791 4914 S.
809 4862 834 4915 J.
853 4861 882 4914 in
904 4861 1218 4932 „Theolag.·pralrlische
1235 4860 1474 4927 erartalschrilt“,
1494 4862 1559 4915 Linz

307 4948 387 5013 1901,
401 4949 455 5002 257
466 4965 529 5017 sqq.
554 4950 628 5003 Art:
646 4949 716 5013 ,Der
726 4949 1060 5019 Entwioklungagedanlre
1074 4954 1100 5005 in
1114 4952 1162 5005 der
1172 4950 1346 5021 Philosophia
1360 4951 1409 5005 das
1423 4950 1465 5005 19.
1480 4950 1557 5004 Jahr·

307 5036 468 5090 henaena*
502 5035 648 5107 (synopsis
666 5036 797 5093 historica
815 5038 849 5093 de
867 5040 980 5107 origine,
1000 5040 1032 5093 de
1052 5056 1206 5109 progressu,
1225 5040 1258 5093 de
1277 5039 1411 5093 litteraria
1431 5038 1556 5107 influxu.)
