3909 5842
432 634 497 698 296
648 628 738 684 Sectio
757 630 778 683 I.
815 630 896 685 Liber
915 629 961 684 IV.
1000 629 1089 700 Caput
1106 629 1141 684 11.
1178 628 1320 684 Articulus
1340 631 1363 683 1.
1400 629 1462 696 §L

1743 693 1753 777 p

431 809 480 876 ita
509 813 548 875 ut
575 807 672 872 homo
702 829 768 890 qua
790 807 873 873 bene
896 827 1000 890 agens
1023 807 1137 886 bonus,
1169 827 1233 889 qua
1256 806 1342 872 male
1366 827 1468 889 agens
1493 805 1606 871 malus
1626 803 1675 868 ha·
1743 792 1745 828 '⁴

432 916 560 981 beatur.
591 913 697 980 Multo
720 913 826 996 magis
849 918 961 980 autem
985 916 1085 996 atque
1108 912 1241 978 uberius
1263 912 1297 978 id
1319 912 1471 990 efficitur,
1497 931 1576 978 curn
1594 914 1676 976 actus

432 1019 509 1086 boni
531 1019 586 1084 vel
609 1018 688 1084 nrali
710 1019 889 1084 secundum
910 1019 1073 1086 rationem
1096 1039 1190 1084 suam
1213 1019 1381 1098 moralem,
1412 1039 1479 1084 nou
1505 1015 1678 1100 quomodo·

433 1145 570 1208 cumque
585 1144 628 1190 ex
646 1124 749 1192 libera
772 1126 956 1204 voluntate,
981 1125 1040 1190 sed
1063 1124 1159 1190 simul
1183 1123 1605 1208 extabita1procedunt.
1636 1121 1680 1186 lte

433 1232 519 1298 enirn
549 1231 670 1311 evenit,
701 1235 739 1298 ut
768 1232 951 1299 subiectum
978 1231 1144 1298 mediante
1167 1230 1292 1309 habitu,
1324 1231 1379 1313 qui
1403 1229 1445 1297 ab
1469 1229 1617 1305 actibus,
1646 1225 1680 1292 ad

434 1359 516 1421 quos
544 1337 691 1417 inclinat,
721 1338 880 1404 moralem
909 1359 1002 1404 suam
1033 1337 1310 1422 specificationem
1338 1335 1453 1414 trahit,
1485 1335 1614 1418 quique
1641 1331 1682 1396 illi

434 1443 531 1509 siruul
561 1465 635 1510 cum
664 1443 879 1510 facultatibus
909 1465 969 1528 par
998 1444 1131 1510 modum
1162 1443 1333 1526 qualitatis
1365 1442 1530 1519 inhaeret,
1564 1439 1683 1525 pariter

434 1556 679 1636 permanentem
714 1553 872 1616 moralem
906 1551 1101 1633 qualitatem
1136 1571 1195 1616 seu
1230 1549 1456 1616 characterem
1494 1545 1683 1632 participet

433 1656 573 1739 indeque
603 1679 702 1723 sensu
730 1658 837 1740 magis
864 1657 996 1742 proprio
1021 1655 1111 1740 (quia
1133 1655 1362 1739 habitualitar)
1384 1653 1549 1722 reddatur
1575 1653 1682 1717 bonum

435 1764 488 1828 vel
511 1765 641 1829 malam

523 1869 665 1935 Morales
688 1869 847 1935 eiusmodi
869 1869 1002 1935 habitus
1025 1868 1118 1952 quasi
1141 1889 1200 1953 per
1224 1867 1453 1934 excellentiam
1475 1869 1616 1932 virtutae
1633 1865 1685 1927 aut

435 1977 513 2040 vitia
536 1975 698 2055 dicuntur,
728 1979 827 2060 prout
850 1975 1034 2042 subiectum
1057 1976 1099 2042 ad
1123 1975 1387 2060 amplectendum
1411 1977 1470 2040 aut
1492 1970 1683 2038 violandum

434 2084 560 2147 rectum
583 2083 721 2150 rationis
744 2083 891 2148 ordinem
912 2083 1091 2148 intrinseca
1114 2081 1300 2166 disponunt.
1348 2081 1510 2146 Videlicet
1532 2080 1611 2164 ipso
1631 2096 1684 2140 no·

435 2188 523 2254 mine
545 2189 636 2255 innui
665 2191 807 2269 videtur,
836 2190 871 2256 in
893 2190 1010 2256 habitu
1032 2191 1112 2256 bono
1134 2209 1255 2254 novum
1279 2189 1442 2270 quoddam
1465 2192 1613 2254 naturas
1635 2201 1684 2246 ra-

435 2293 568 2360 tionalis
598 2295 640 2361 ad
670 2297 768 2360 finam
798 2293 1062 2379 prosequendum
1092 2294 1271 2360 subsidium
1301 2290 1500 2375 (virtutem),
1534 2293 1571 2356 in
1605 2289 1684 2353 maio

437 2404 548 2466 autem
571 2400 715 2466 eiusdem
731 2405 872 2468 naturae
895 2400 1166 2484 depravationem
1190 2399 1334 2484 (vitium)
1358 2397 1529 2465 contineri.
1580 2395 1684 2472 Quare

436 2507 544 2572 virtus
573 2510 664 2571 recte
694 2506 820 2571 definiri
849 2509 977 2589 potest:
1009 2507 1151 2572 Habitus
1181 2507 1343 2571 inclinans
1367 2515 1497 2571 arenam
1523 2513 1551 2571 et
1576 2503 1683 2570 uolan-

436 2621 531 2678 tatem
562 2613 606 2676 ad
635 2621 724 2677 actas
747 2620 886 2677 naturae
909 2615 1064 2679 rationali
1087 2619 1329 2694 consentaneos;
1352 2647 1395 2656 —
1419 2611 1472 2677 vel
1495 2611 1608 2694 magis
1631 2627 1684 2672 ex·

438 2717 568 2802 plicita:
599 2717 761 2784 Constans
791 2721 826 2784 et
854 2718 974 2783 efficax
1005 2717 1104 2784 animi
1134 2716 1305 2800 dispositio
1335 2717 1377 2782 ad
1401 2737 1514 2782 omnes
1536 2715 1683 2782 internas

439 2822 631 2889 affectiones
662 2827 881 2905 externasque
912 2824 1058 2890 actiones
1088 2824 1182 2889 iuxta
1211 2843 1359 2889 normam
1389 2821 1576 2889 honestatis
1601 2840 1684 2886 com-

439 2928 608 3012 ponendas
619 2931 642 2995 ².
688 2929 764 2995 Non
794 2950 871 2995 raro
900 2935 1013 2996 tamen
1037 2930 1143 2996 virtus
1166 2951 1225 3014 pro
1248 2929 1320 3014 ipsa
1343 2929 1460 2994 morali
1483 2927 1682 3012 perfectione

439 3035 589 3116 sumitur,
614 3057 698 3119 quae
721 3037 837 3104 stricte
860 3037 989 3120 quidem
1014 3037 1147 3104 virtutis
1170 3038 1279 3121 potius
1301 3038 1430 3103 fructus
1445 3037 1499 3102 vel
1514 3035 1683 3120 proximus

437 3141 512 3207 finis
535 3146 595 3212 est.
627 3143 677 3208 Εο
700 3143 845 3228 pertinet
868 3143 1024 3222 definitio,
1048 3165 1133 3226 quae
1156 3143 1243 3227 apud
1259 3145 1292 3210 S.
1310 3146 1525 3230 Aapuatiaam
1546 3141 1681 3224 legitur:

443 3248 576 3328 ,Virtus
606 3254 658 3317 est
689 3249 873 3332 aequalitas
905 3248 1131 3332 (adaequatio)
1164 3249 1254 3315 vitae
1286 3249 1406 3314 rationi
1436 3249 1580 3331 undique
1612 3265 1682 3312 con-

439 3355 668 3422 sentientis.“⁸

529 3461 592 3527 Per
622 3461 756 3529 virtutis
786 3463 1038 3546 descriptionem
1068 3462 1142 3546 ipsa
1171 3482 1300 3544 quoque
1329 3465 1398 3526 citii
1420 3460 1505 3527 ratio
1528 3459 1681 3526 indirecte

439 3567 601 3644 traditum
625 3571 678 3634 est
700 3569 785 3633 enirn
809 3569 938 3634 babitaa
960 3571 1072 3634 uirtuti
1087 3573 1258 3655 oppositae,
1282 3567 1304 3634 i.
1321 3589 1349 3634 e.
1366 3567 1527 3633 inclinans
1541 3568 1679 3631 mentem

440 3679 475 3739 et
504 3674 709 3740 voluntatem
740 3675 782 3740 ad
812 3696 916 3758 prave
940 3675 1151 3759 operandum.
1198 3673 1278 3740 Inde
1301 3673 1520 3739 inhominem
1544 3670 1680 3755 qualitas

440 3779 575 3844 moralis
605 3778 785 3858 derivatur,
817 3801 901 3862 quae
924 3784 1081 3847 vitiositas
1104 3780 1224 3846 dicitur
1247 3784 1282 3846 et
1305 3801 1403 3862 quam
1423 3779 1535 3845 Cicero
1557 3777 1608 3845 ita
1630 3775 1680 3840 de·

440 3885 570 3950 scribit:
598 3885 679 3964 ,Est
700 3885 832 3953 habitus
856 3892 915 3953 aut
937 3887 1067 3954 affectio
1091 3887 1125 3952 in
1148 3891 1220 3954 tota
1244 3886 1315 3953 vita
1336 3887 1527 3952 inconstans
1549 3888 1584 3950 et
1607 3905 1626 3949 a
1647 3897 1679 3945 se

439 3991 513 4075 ipsa
547 3991 799 4060 dissentiones*
851 3995 967 4076 ltaque
997 3993 1136 4060 vitiosus
1167 3992 1298 4077 proprie
1328 4013 1394 4059 non
1427 3995 1596 4069 censetur,
1631 3983 1679 4070 qui

441 4097 542 4164 semel
565 4103 624 4164 aut
646 4098 766 4165 iterum
789 4099 958 4185 inopinato
986 4104 1112 4184 peccat,
1144 4099 1201 4164 sod
1232 4099 1287 4181 qui
1318 4119 1360 4164 ex
1383 4096 1594 4182 dispositione
1621 4095 1677 4160 ianr

532 4255 540 4286 ¹
558 4252 599 4307 De
617 4256 716 4309 natura
734 4254 876 4310 habituum
894 4257 923 4309 in
941 4273 1041 4326 genere
1060 4255 1162 4309 dictum
1181 4258 1223 4308 est
1248 4271 1332 4324 supra
1349 4273 1375 4308 n.
1397 4255 1449 4309 130
1461 4271 1527 4323 sqq,
1552 4252 1622 4322 qued
1640 4249 1678 4303 hic

441 4342 627 4412 supponimus.

531 4429 542 4462 ²
560 4428 653 4495 Quoad
678 4448 735 4484 rem
761 4431 834 4485 idem
858 4430 998 4498 significat
1023 4431 1144 4486 definitio
1163 4449 1179 4485 a
1198 4429 1325 4486 Suarezio
1347 4431 1398 4500 (De
1417 4432 1536 4501 passion.
1556 4434 1584 4483 et
1601 4425 1678 4481 habit

441 4517 508 4587 disp.
529 4517 560 4582 3,
579 4521 646 4572 seat.
668 4519 781 4589 1,51)
802 4521 953 4590 proposita:
981 4521 1091 4588 „Virtus
1116 4528 1152 4573 eet
1176 4521 1283 4574 habaina
1303 4523 1445 4588 perficiens
1463 4519 1623 4572 rationalem
1637 4529 1677 4583 pa

441 4609 551 4658 tentiam
569 4613 592 4659 et
610 4608 747 4660 inclinum
764 4610 802 4660 ad
814 4605 936 4661 bonurn.“
963 4607 1008 4662 Sic
1021 4607 1185 4662 Aristoteles
1200 4607 1301 4676 (athir.
1315 4606 1418 4662 Nicom.
1432 4607 1457 4672 2,
1471 4608 1496 4672 5,
1512 4607 1588 4671 1106,
1600 4623 1625 4668 a,
1639 4599 1676 4664 151

441 4694 508 4748 dicit
526 4693 656 4747 virtutem
676 4711 751 4760 csso,
773 4712 859 4763 ,quaa
877 4695 976 4750 bonum
995 4695 1063 4749 facit
1082 4695 1226 4750 habentem
1245 4699 1360 4765 etopus
1378 4695 1437 4748 eius
1455 4693 1554 4748 bonnm
1573 4689 1676 4746 raddit‘.

442 4779 484 4834 Cf.
504 4780 625 4835 eiusdem
645 4783 668 4846 1,
689 4783 721 4837 13
740 4787 769 4836 et
787 4785 812 4849 6,
834 4783 857 4836 l.

533 4871 543 4902 ⁸
561 4869 620 4924 Lib.
638 4870 672 4923 da
691 4875 784 4940 quant.
803 4871 910 4926 animae
929 4889 951 4924 c.
974 4871 1015 4937 16,
1034 4889 1061 4924 n.
1080 4871 1122 4924 27.

533 4960 543 4989 ⁴
562 4957 671 5013 Tuscul.
691 4963 796 5028 quaest.
815 4961 841 5025 4,
860 4977 883 5013 c.
905 4960 946 5013 13.
