3909 5842
789 667 992 725 mormanus.
1448 673 1509 739 107

258 842 505 927 temperatione
534 842 755 909 instrumenta
776 843 919 921 musica,
949 863 1009 928 per
1031 843 1192 911 artificem
1217 844 1359 928 peritum
1383 844 1514 911 assidue

259 949 460 1027 exercitata,
482 948 643 1033 paulatim
665 949 778 1033 perfici
800 953 836 1015 et
858 948 902 1015 ad
923 949 1117 1035 purissimos
1140 949 1283 1017 edendos
1305 972 1404 1017 sonos
1419 951 1514 1035 qnasi

259 1056 479 1123 habitualiter
492 1055 734 1123 accommodari
748 1055 907 1123 videmus.
939 1056 1032 1134 Quod
1047 1060 1159 1125 autem
1174 1056 1208 1122 in
1224 1057 1339 1125 stratis
1354 1058 1516 1125 materiae

260 1163 383 1229 brutae
404 1167 553 1229 motuum
574 1160 728 1229 similium
752 1163 949 1247 repetitione
971 1162 1133 1247 paulatim
1157 1162 1307 1241 efficitur,
1331 1164 1418 1233 idern
1434 1186 1514 1233 sane

260 1269 365 1335 etiam
395 1269 430 1335 in
460 1289 584 1351 organo
614 1268 780 1335 materiali
802 1269 951 1337 vitaliter
973 1269 1151 1335 informato
1174 1289 1234 1354 per
1255 1272 1403 1337 motuum
1426 1270 1514 1337 vita·

259 1373 343 1440 lium
372 1374 584 1441 iterationem
612 1374 747 1441 evenire
775 1396 874 1459 posse
902 1375 1043 1443 videtur.
1090 1375 1181 1441 Idem
1211 1374 1282 1443 fere
1312 1376 1514 1444 communius

259 1486 402 1549 censent
431 1482 471 1549 de
500 1485 643 1567 potentia
664 1484 847 1549 loeomotica
869 1482 904 1547 in
926 1482 1058 1548 homine
1081 1482 1172 1549 etin
1195 1481 1407 1557 animalibus,
1440 1502 1513 1549 oum

258 1586 427 1666 facilitas,
451 1610 537 1671 quae
558 1588 593 1655 in
615 1588 678 1655 hac
700 1592 857 1673 apparet,
888 1588 1008 1673 purtim
1034 1589 1076 1653 ab
1098 1587 1264 1655 habitibus
1286 1588 1320 1653 in
1343 1588 1514 1655 altioribus

257 1692 480 1763 facultatibus
501 1694 728 1773 exstantibus,
751 1694 874 1779 partim
896 1716 919 1761 a
938 1694 1105 1761 materiali
1127 1696 1381 1779 temperamenti
1404 1695 1514 1781 dispo·

258 1800 385 1869 sitione
406 1802 591 1886 proveniat.
626 1802 711 1869 Esse
734 1822 833 1887 porro
857 1800 957 1867 etiam
979 1801 1015 1867 in
1038 1801 1143 1868 brutis
1167 1801 1373 1879 animalibus,
1398 1805 1432 1869 et
1454 1802 1515 1869 im·

257 1906 378 1989 primis
407 1907 538 1991 quidem
567 1908 601 1975 in
630 1930 744 1974 eorum
766 1908 918 1993 potentia
940 1906 1143 1992 appetitiva,
1175 1908 1333 1990 quosdam
1357 1908 1515 1994 operandi

257 2012 397 2079 babitus
415 2014 487 2081 sive
509 2018 629 2081 natura
652 2014 736 2081 duce
759 2018 941 2099 spontaneo
964 2013 1125 2079 exercitio
1148 2014 1515 2096 acquisitos1sivein·

258 2118 393 2185 dustria
422 2119 565 2188 humana
594 2121 740 2206 positiva
768 2121 1008 2189 exercitatione
1034 2120 1158 2187 inditos
1188 2120 1286 2187 obvia
1309 2121 1515 2204 experientia

256 2228 418 2293 testatur.
965 2246 968 2251 ·
1279 2253 1282 2261 ·
1318 2284 1322 2293 .

353 2331 600 2411 Verumtamen,
616 2334 680 2401 etsi
695 2334 882 2400 habituales
893 2332 1123 2399 assuetudines
1139 2332 1298 2398 eiusmodi
1310 2353 1368 2398 seu
1380 2332 1514 2399 habitus

256 2437 364 2505 latius
387 2438 466 2505 dicti
489 2460 676 2506 commoneo
692 2440 785 2506 nobis
801 2440 869 2506 sint
883 2460 958 2505 curn
972 2438 1107 2522 reliquis
1122 2438 1354 2515 animantibus,
1378 2436 1513 2522 speciali

256 2548 375 2612 tamen
398 2545 496 2611 modo
518 2545 642 2613 homini
664 2546 874 2613 conveniunt.
905 2545 956 2613 Ac
977 2549 1155 2630 propterea
1170 2546 1298 2611 babitus
1314 2546 1420 2611 stricte
1435 2546 1513 2611 dicti

258 2652 365 2733 vulgo
388 2673 455 2717 non
476 2656 654 2721 censentur
676 2674 782 2737 neque
803 2652 1015 2719 nominantur
1037 2652 1100 2717 nisi
1118 2651 1175 2729 illi,
1200 2650 1304 2735 quiin
1320 2654 1511 2719 dominere·

256 2758 436 2841 pariuntur
457 2762 494 2826 et
512 2762 672 2845 primario
697 2759 827 2841 quidem
850 2780 890 2825 ac
912 2758 1044 2843 proprie
1066 2758 1099 2823 in
1115 2757 1272 2842 potentiis
1288 2757 1510 2841 rationalibus,

256 2864 436 2931 intellectu
451 2864 579 2931 scilicet
594 2869 629 2931 et
643 2866 825 2945 voluntate,
842 2865 876 2931 in
888 2866 1100 2949 inferioribus
1111 2868 1222 2931 autem
1234 2862 1390 2949 potentiis
1402 2886 1512 2931 securo·

259 2972 361 3037 dario
384 2975 419 3037 et
434 2992 495 3055 per
509 2970 808 3055 participationem,
831 2972 851 3037 i.
870 2992 898 3037 e.
915 2974 1053 3037 eatenus
1070 2970 1186 3047 solum,
1210 2972 1373 3051 quatenus
1389 2970 1512 3039 directo

256 3078 447 3145 voluntatis
468 3078 606 3161 imperio
628 3078 842 3145 subiciuntur.

257 3199 328 3271 136.
423 3205 454 3269 4.
471 3202 613 3268 Habitus
628 3206 746 3287 suapte
761 3206 882 3268 natura
898 3200 1144 3287 „qualitatibua“
1160 3201 1424 3266 adnumerandus
1443 3204 1511 3277 est;

258 3314 313 3376 est
346 3309 435 3375 enim
458 3331 655 3395 permoneas
683 3308 870 3393 proprietas
892 3308 1033 3375 subiecti
1063 3308 1235 3393 ipsumque
1264 3308 1299 3373 in
1331 3306 1444 3372 ordine
1470 3306 1513 3373 ad

258 3415 452 3482 naturalem
475 3414 700 3499 operationem
722 3416 861 3500 perficit.
893 3414 1001 3492 Quare
1016 3418 1089 3481 tum
1105 3414 1147 3479 ad
1162 3417 1284 3492 actum,
1309 3413 1401 3479 cuius
1423 3414 1514 3499 prin·

258 3522 385 3606 cipium
401 3526 463 3599 est,
479 3526 551 3588 tum
567 3522 608 3590 ad
624 3526 777 3589 naturam
793 3522 890 3601 entis,
906 3543 1005 3604 quam
1021 3525 1060 3587 ut
1074 3520 1143 3587 tale
1158 3520 1296 3605 perficit,
1320 3519 1514 3587 relationem

257 3628 376 3695 habet.
408 3628 495 3695 Hinc
509 3628 697 3695 inveterata
712 3628 916 3695 consuetudo
939 3627 1040 3693 otiam
1065 3630 1167 3694 ultera
1190 3635 1309 3695 notura
1335 3626 1397 3691 dici
1420 3627 1514 3695 solet.

259 3735 369 3801 Porro
393 3736 523 3802 tabitam
545 3738 653 3803 atride
676 3737 791 3818 didus,
813 3735 843 3801 is
866 3736 996 3814 saltem,
1021 3733 1127 3817 quiin
1143 3734 1297 3800 intellectu
1315 3741 1343 3798 el
1358 3734 1517 3799 voluntate

260 3841 409 3920 exsistit,
435 3842 563 3908 censeri
585 3843 684 3911 debet
706 3842 808 3908 etiarn
831 3842 974 3925 qualitas
995 3844 1143 3927 positiva,
1168 3840 1189 3907 i.
1206 3861 1234 3906 e.
1250 3838 1339 3917 talis,
1363 3859 1448 3921 quae
1471 3838 1516 3907 eit

259 3947 403 4014 realiter
425 3946 581 4015 distincta
596 3969 617 4013 a
632 3948 704 4014 sola
719 3948 900 4015 remotione
916 3947 1232 4033 impedimentorum.
1264 3944 1296 4011 N
1299 3966 1352 4011 am
1367 3948 1515 4028 praeter·

259 4075 364 4137 quam
396 4053 482 4136 quod
518 4052 723 4139 experientia
758 4056 888 4119 constet
922 4052 1013 4117 illam
1046 4056 1292 4135 permanentem
1319 4050 1515 4119 facilitatem

260 4160 384 4225 crebra
408 4162 540 4225 actuum
563 4158 760 4243 repetitione
782 4158 832 4223 ita
855 4156 989 4241 acquiri,
1014 4160 1052 4221 ut
1075 4154 1261 4222 successive
1283 4157 1378 4221 nobie
1393 4157 1516 4239 aliquid

261 4264 425 4331 accedere
448 4264 611 4343 videatur,
635 4264 721 4347 quod
746 4268 846 4331 antea
870 4285 935 4330 non
958 4262 1085 4342 aderat,
1109 4262 1143 4328 in
1158 4260 1316 4347 potentiis
1332 4262 1450 4329 saltem
1466 4262 1516 4329 in·

261 4369 433 4453 organicis
455 4370 547 4437 nulla
569 4370 648 4454 tingi
664 4374 775 4456 potest
791 4370 948 4436 eiusmodi
964 4369 1104 4435 remotio
1120 4368 1425 4453 impedimentorum
1441 4390 1516 4455 per·

261 4498 416 4557 manens,
440 4476 635 4561 praesertim
659 4498 733 4543 curn
756 4478 871 4543 statim
886 4480 963 4561 post
977 4496 1073 4541 nsum
1089 4474 1227 4541 rationis
1243 4474 1375 4541 habitus
1391 4476 1517 4559 acquiri

260 4584 414 4669 incipiat,
425 4604 531 4665 neque
540 4584 573 4649 in
583 4583 648 4648 illis
657 4586 954 4669 temperamentum
963 4582 1158 4669 reperiatur,
1172 4580 1258 4665 quod
1270 4580 1390 4647 variari
1400 4583 1514 4665 possit.

360 4744 369 4774 ¹
393 4738 462 4795 Ludi
487 4738 670 4811 gymnastici,
694 4740 767 4793 inter
784 4754 868 4809 quoe,
894 4737 1073 4807 compellente
1091 4736 1212 4793 benefico
1237 4740 1350 4793 naturae
1375 4737 1515 4801 instinctu,

261 4828 397 4885 animalia
415 4829 517 4898 passim
543 4827 698 4883 adolescere
717 4828 856 4893 ridemus,
882 4826 948 4895 qnid
966 4830 1032 4881 eunt
1050 4825 1124 4881 aliud
1141 4824 1196 4881 niai
1222 4826 1393 4881 necessariae
1412 4825 1515 4881 exerci-

263 4917 386 4971 tationes
411 4914 446 4969 ad
471 4932 518 4970 eos
543 4915 672 4986 operandi
696 4914 807 4970 habitus
832 4914 1027 4984 acquirendos,
1053 4912 1152 4983 quibus
1171 4912 1229 4978 illa,
1255 4930 1379 4983 quaeque
1398 4930 1447 4983 pro
1465 4928 1516 4967 sua

263 5006 368 5077 specie,
387 5004 422 5059 ad
440 5004 549 5059 futuros
566 5005 641 5059 ritae
659 5020 727 5059 usus
744 5002 893 5073 perfectius
911 5001 1114 5073 prosequendos
1133 5000 1318 5070 adaptentur?
