3909 5842
394 546 436 610 40
672 540 762 595 Sectio
780 540 802 593 1.
839 540 918 594 Liber
936 541 958 595 I.
996 540 1085 611 Caput
1103 540 1137 595 II.
1175 540 1317 595 Articulus
1336 541 1362 595 2.

392 718 525 793 etenim,
549 739 752 801 quocumque
775 718 905 785 nomine
929 722 1077 797 vocatur,
1102 717 1157 783 ubi
1181 718 1221 784 de
1241 718 1382 784 hominis
1407 740 1570 803 supremo
1591 721 1659 785 fine

394 824 474 905 egit,
498 825 556 889 vix
579 823 667 889 aliud
690 823 752 890 hoc
771 824 901 889 nornine
923 823 1118 906 intellegere
1133 824 1219 891 solet
1241 824 1303 890 nisi
1325 826 1423 908 finem
1439 827 1660 908 humanitati,

393 933 415 995 i.
440 953 465 997 e.
488 934 598 1017 peneri
626 932 767 996 humano
790 935 825 996 in
849 932 900 995 his
923 934 1020 997 terris
1050 940 1214 997 erratura
1237 935 1488 1016 proeeiqautum
1512 952 1660 1015 eumque

395 1039 429 1100 in
455 1038 521 1123 lupi
544 1037 714 1102 evolutione
737 1044 766 1101 et
786 1058 958 1122 propraseo
974 1059 1083 1103 veram
1099 1038 1234 1103 ideclem
1251 1040 1338 1103 illiue
1354 1042 1521 1105 culturom
1540 1046 1571 1103 et
1585 1062 1660 1124 per-

392 1142 557 1225 fectionem
577 1142 707 1226 reponit
716 1144 739 1208 1.
772 1142 857 1208 Huic
872 1143 938 1221 fini,
956 1147 1124 1225 tamquam
1142 1164 1248 1209 rerum
1267 1144 1410 1209 omnium
1428 1144 1661 1209 humanarum

394 1270 556 1332 supremo,
580 1249 727 1332 singulos
744 1270 872 1332 quoque
887 1250 1036 1315 homines
1052 1270 1094 1315 ex
1113 1255 1253 1317 naturae
1269 1250 1423 1317 instituto
1439 1250 1663 1317 subordinari

395 1356 499 1422 docet.
535 1355 743 1440 Quapropter
761 1356 835 1421 finis
851 1356 986 1423 ultimus
1001 1356 1177 1422 individuis
1193 1356 1376 1421 hominibus
1392 1358 1557 1441 proprius
1575 1356 1663 1421 alins

395 1482 457 1526 non
482 1461 686 1543 relinquitur,
711 1462 773 1527 nisi
796 1467 834 1528 ut
857 1462 1055 1528 excolendae
1084 1462 1317 1541 ,humanitate
1341 1485 1401 1547 pro
1422 1464 1496 1529 suis
1512 1464 1664 1546 quisque

394 1566 609 1635 facultatibus
630 1570 827 1647 subserviat,
850 1568 991 1651 indeque
1014 1590 1106 1635 suam
1123 1590 1251 1651 quoque
1267 1569 1483 1653 perfectionis
1509 1590 1553 1635 ac
1582 1590 1664 1653 pro-

394 1674 563 1758 speritatis
586 1679 724 1759 partem,
750 1676 856 1758 quoad
879 1674 1034 1759 potuerit,
1059 1675 1260 1759 depromere

487 1857 615 1911 ιΕιιιίοιιι
641 1858 779 1923 doctrina,
805 1857 857 1911 iuri
876 1857 985 1928 publico
1003 1857 1156 1927 applicata,
1182 1874 1232 1911 sua
1251 1860 1347 1927 sponte
1366 1856 1442 1911 illum
1460 1860 1663 1911 stolatam-lam

395 1945 499 2014 gignit,
525 1963 595 2014 quae
613 1947 670 2001 fere
688 1948 845 2000 modernam
864 1946 931 2000 iuria
950 1944 1164 2016 philosophiam,
1189 1946 1370 2015 pantheistice
1389 1946 1595 2011 informatam,
1624 1946 1665 2000 di·

394 2034 519 2102 stinguit.
544 2034 697 2090 Secundum
709 2034 780 2088 hanc
799 2033 899 2104 quippe
916 2035 996 2099 idem,
1016 2035 1062 2103 qui
1074 2033 1219 2088 universae
1232 2032 1418 2097 humanitatis,
1437 2034 1546 2103 paritor
1561 2040 1667 2089 status

395 2122 496 2191 publici
514 2122 577 2177 finis
595 2126 645 2177 eat.
671 2120 841 2191 Quamquam
857 2122 891 2176 de
909 2121 1001 2191 aliquo
1020 2122 1073 2176 fine
1092 2122 1200 2192 propria
1219 2139 1309 2176 sermo
1327 2139 1388 2176 asse
1407 2139 1459 2175 non
1479 2126 1593 2191 potest,
1615 2124 1666 2177 nbi

396 2210 563 2282 ipsissimum
588 2210 744 2265 absolutum
768 2228 830 2265 esau
849 2210 963 2274 dicitur,
989 2211 1061 2280 quod
1080 2212 1201 2265 instato
1220 2211 1328 2281 publico
1346 2210 1475 2265 historice
1495 2211 1614 2277 iugiter
1633 2230 1668 2266 se

396 2300 514 2365 evolvit,
539 2300 620 2369 idque
646 2299 754 2353 interna
772 2298 897 2353 absoluta
922 2299 1103 2365 necessitate,
1130 2300 1157 2353 io
1176 2299 1227 2353 hoc
1246 2299 1409 2354 evolationis
1428 2317 1566 2369 processu
1589 2302 1667 2355 indi-

396 2390 493 2445 viduas
505 2388 715 2459 personalitates
727 2387 815 2441 veluti
827 2388 961 2457 quaedam
973 2388 1017 2441 sui
1029 2392 1166 2441 momenta
1179 2388 1417 2459 comprehendens.
1443 2388 1483 2442 (lt.
1501 2391 1667 2460 Schwabe,

395 2479 499 2533 Werlre
517 2479 531 2533 1
549 2480 580 2544 5,
600 2496 626 2549 p.
645 2479 698 2533 313
711 2495 776 2547 sqq;
797 2478 809 2531 l
830 2481 860 2541 1,
879 2496 905 2548 p.
924 2479 976 2532 247
990 2495 1050 2547 sqq.
1088 2480 1185 2546 Hepel,
1205 2476 1383 2533 Grundlioien
1402 2480 1450 2532 der
1469 2478 1668 2549 Philosophie

396 2570 444 2622 des
456 2569 568 2633 Rechts,
587 2568 759 2635 §257-272
780 2566 894 2635 (Werlre
913 2566 1112 2636 v111312sq).
1132 2594 1167 2605 —-
1186 2568 1276 2635 Magis
1295 2568 1402 2637 quidem
1422 2568 1455 2621 ed
1475 2586 1668 2624 communem

395 2658 619 2713 rationalisticam
643 2658 733 2711 ideam
754 2660 789 2711 Η.
809 2658 916 2711 Atreus
938 2656 1059 2724 (Kranaii
1084 2656 1350 2726 ,parentheismnnr“
1373 2658 1502 2726 sequens)
1531 2658 1668 2719 aceedit,

396 2747 436 2801 ita
457 2747 490 2801 de
510 2747 563 2800 fine
581 2745 698 2800 hominis
719 2749 748 2800 et
765 2745 876 2799 humani
894 2746 1004 2814 generis
1022 2745 1158 2799 scribens:
1190 2744 1296 2811 ,Dutch
1315 2746 1358 2799 die
1379 2746 1558 2800 unmittelbar
1582 2752 1667 2815 got-h-

395 2836 466 2891 liche
479 2834 692 2889 Vernunftkraft
712 2834 749 2888 iat
770 2834 830 2888 dem
852 2834 1090 2902 Menscbengeiste
1110 2834 1154 2887 ein
1175 2834 1284 2904 Prinzip
1307 2835 1355 2889 der
1376 2834 1559 2889 unendlioben
1586 2836 1666 2891 Var-

396 2922 773 2991 volllrommnungsfthiglreit
797 2922 958 2989 mitgeteilt,
984 2922 1038 2976 und
1065 2922 1113 2976 das
1139 2922 1322 2976 menschliche
1341 2922 1431 2977 Leben
1457 2922 1494 2977 ist
1519 2924 1580 2977 und
1604 2926 1666 2980 soll

396 3012 455 3066 sein
475 3012 518 3066 ein
536 3016 624 3067 states
643 3012 841 3081 Ergfinzungs,
860 3011 1169 3079 Vervolllrommnungs·
1189 3013 1243 3065 und
1262 3011 1563 3080 Vollendungsstreben
1584 3054 1592 3065 .
1610 3054 1618 3067 .
1637 3016 1662 3068 ,⁴

400 3100 452 3167 ‚Ee
471 3100 531 3169 gibt
548 3119 581 3155 ιιι
599 3100 699 3155 bbchst
717 3100 769 3155 uin
782 3099 852 3165 Gut3
871 3100 960 3155 dieses
978 3100 1048 3169 liegt
1065 3101 1093 3154 in
1112 3102 1160 3154 der
1178 3118 1229 3154 aus
1247 3100 1307 3153 dem
1327 3100 1506 3169 allgemeinen
1520 3100 1665 3156 Ver-voll-

396 3189 751 3257 hommnungsbeddrfnisse
760 3190 990 3260 entepringenden
1001 3190 1170 3257 Darbildnng
1179 3189 1227 3243 des
1237 3189 1326 3243 vollen
1337 3191 1392 3244 und
1402 3207 1506 3259 ganzen
1516 3190 1665 3257 gottlicb-

397 3277 600 3333 menschlicban
619 3276 736 3333 Weaans
754 3277 826 3331 nach
845 3276 916 3331 allen
935 3278 1047 3332 inneren
1066 3278 1219 3346 Varmogen
1238 3280 1292 3332 und
1312 3278 1338 3331 in
1359 3276 1431 3331 allen
1449 3277 1665 3333 wesentlichen

396 3367 606 3421 Verbbltniaaen
625 3384 659 3420 zu
677 3366 725 3420 der
743 3369 885 3434 gesamten
904 3366 1055 3434 gottlioben
1074 3367 1163 3422 Seine·
1182 3366 1236 3421 und
1251 3366 1501 3434 Lebensordnung.¹
1530 3365 1664 3422 Rechts·

397 3455 566 3526 philosophie
585 3455 606 3520 I,
625 3454 706 3508 Wien
728 3455 805 3521 1870,
824 3454 891 3516 249;
916 3455 951 3509 cf.
971 3455 984 3508 I
1003 3454 1062 3509 289.
1083 3485 1116 3492 -
1137 3456 1174 3508 At
1192 3472 1257 3509 vero
1276 3458 1304 3509 et
1322 3454 1375 3508 ista
1394 3455 1531 3509 sententia
1550 3472 1566 3508 a
1589 3456 1663 3510 vul-

397 3545 457 3613 gari
476 3543 647 3614 pantheismo
665 3560 718 3595 non
736 3546 794 3595 tam
813 3560 842 3596 re
855 3559 936 3611 qnam
949 3542 1108 3612 apparentia
1121 3542 1230 3605 recedit,
1250 3542 1348 3612 partim
1362 3544 1453 3595 autem
1466 3542 1499 3595 od
1513 3542 1661 3598 moralem

396 3630 625 3701 progressismum
643 3630 763 3700 pertinet
780 3631 808 3683 in
826 3631 951 3698 sequenti
969 3648 996 3684 n.
1016 3630 1050 3684 58
1070 3630 1302 3685 considerandum.

486 3719 498 3752 ¹
516 3717 578 3772 Hoc
595 3718 698 3787 pariter
716 3718 887 3771 reserandum
906 3721 950 3771 est
967 3718 1230 3788 systema-moderni
1252 3718 1464 3785 ,Passimismi“,
1491 3718 1562 3787 quod
1581 3736 1660 3775 neo-

396 3807 557 3879 pbilosopho
575 3808 742 3875 Hartman,
760 3810 908 3875 praeeunte
920 3806 975 3859 iam
988 3804 1205 3876 eohoponhausr
1224 3806 1378 3874 confingere
1390 3805 1501 3875 placuit,
1519 3806 1659 3876 quodque
1767 3852 1768 3871 ,

397 3898 505 3953 cuidam
524 3894 702 3967 pantheismo,
721 3910 813 3949 crasso
832 3894 965 3950 atbeismo
984 3892 1056 3949 baud
1077 3895 1210 3959 dissimili,
1229 3894 1435 3965 superstruitur.
1461 3896 1504 3949 Ita
1522 3896 1657 3965 inopere

400 3982 662 4052 ,Phanomenologie
675 3984 723 4037 des
735 3983 875 4038 sittlicben
889 3983 1115 4048 Bewussteeinm,
1128 3982 1220 4037 Berlin
1236 3985 1311 4038 1879.
1337 3982 1520 4051 Teleologiam
1535 3984 1654 4053 quidem

397 4078 425 4129 in
443 4074 543 4129 mundo
561 4075 620 4143 ipae
638 4089 691 4125 non
710 4076 808 4139 negat,
833 4072 916 4126 immo
935 4077 1029 4127 eontra
1049 4074 1251 4127 darwiniemum
1270 4072 1386 4143 positive
1405 4072 1519 4136 asseria
1548 4091 1652 4128 verum

396 4163 514 4231 singulis
531 4162 681 4217 individuis
699 4161 836 4231 empiricis
851 4160 1249 4230 (Erscbeinungsindiriduen),
1269 4162 1296 4215 in
1309 4162 1407 4230 quibus
1420 4162 1568 4216 seeundum
1580 4163 1652 4217 sub·

397 4251 553 4306 stantialem
566 4250 737 4304 identitatem
750 4250 840 4319 ipsum
852 4249 1016 4315 absolutum,
1029 4249 1136 4303 scilicet
1148 4250 1228 4315 Deus,
1249 4254 1298 4315 ast,
1318 4249 1376 4318 egit
1389 4252 1417 4303 et
1429 4250 1541 4319 patitur,
1560 4250 1648 4305 alium

397 4339 478 4393 finem
497 4340 571 4393 vitae
596 4356 648 4392 non
673 4339 813 4402 attribuit,
839 4339 892 4392 nisi
910 4342 942 4391 nt
960 4355 1010 4391 sua
1029 4336 1246 4391 individualitate
1266 4337 1438 4391 contribuant
1456 4338 1489 4391 ad
1509 4338 1648 4408 complen-

397 4426 461 4481 dum
480 4428 561 4481 finem
580 4427 749 4493 absolutum,
768 4427 815 4495 qui
835 4430 878 4481 eat
899 4424 964 4493 ,Die
984 4426 1120 4495 Erlbsung
1139 4426 1186 4480 des
1205 4426 1355 4480 Absoluten
1375 4444 1428 4480 von
1447 4426 1537 4479 eeioer
1555 4430 1646 4480 trans-

397 4516 561 4571 scendentes
572 4515 746 4583 Unseligkeit
757 4517 797 4585 (l)
809 4515 893 4569 durch
904 4514 947 4569 die
957 4515 1122 4569 immanente
1133 4514 1201 4579 Qual
1215 4517 1264 4569 des
1273 4514 1507 4583 Weltproceeses⁸
1521 4516 1558 4585 (p.
1569 4515 1647 4583 870).

399 4606 481 4660 Porro
510 4607 568 4672 ‚die
587 4604 872 4672 Culturentwiclrlong
896 4606 934 4658 iat
959 4606 1002 4659 die
1028 4604 1186 4674 genetische
1205 4606 1394 4672 Realisierung
1420 4604 1467 4657 der
1486 4604 1549 4657 ldee
1569 4602 1645 4672 (finis

398 4694 549 4762 obiaotivi),
567 4711 598 4749 ao
617 4710 703 4756 awar,
722 4692 787 4747 dass
804 4694 849 4747 die
866 4692 1020 4747 notfirliohe
1039 4692 1232 4762 Entwiolrlung
1252 4694 1300 4747 des
1319 4693 1435 4746 Kosmas
1454 4692 1508 4745 und
1528 4692 1576 4746 der
1594 4690 1646 4745 01·-

398 4783 551 4853 ganisation
570 4782 613 4838 bia
631 4801 691 4837 zum
711 4784 860 4839 Menscban
878 4784 991 4838 nordio
1010 4782 1147 4848 Vorhalle‚
1167 4784 1210 4837 die
1231 4782 1416 4838 Culturarbait
1434 4782 1482 4835 des
1494 4781 1645 4836 Mensoben

398 4872 463 4927 abar
481 4872 528 4926 der
546 4872 710 4941 eigentliche
729 4871 840 4942 Tempel
859 4872 907 4926 der
926 4872 989 4926 Ides
1008 4872 1052 4939 ish,
1072 4874 1099 4926 in
1118 4872 1248 4927 walchem
1267 4872 1315 4927 der
1333 4870 1483 4939 Weltgeist
1501 4870 1525 4923 in
1546 4868 1645 4924 immor
