3909 5842
494 681 542 734 111.
562 680 602 735 De
621 682 767 737 universae
785 682 973 753 philosophiae
992 682 1130 752 practicae
1148 681 1302 751 partitione.
1444 698 1525 737 xnvrr

262 858 429 941 angustia
452 858 495 923 ad
517 857 691 941 pristinam
715 858 922 942 significandi
945 858 1193 943 amplitudinem
1217 858 1380 937 restituit,
1411 880 1523 943 parem

262 964 314 1029 illi
340 964 470 1029 faciens
493 963 681 1029 universam
704 984 831 1030 morum
855 965 1105 1049 philosophiam.

360 1069 487 1135 Verum
509 1070 635 1135 reiecta
657 1070 758 1153 vulgo
781 1071 906 1137 tradita
929 1070 1145 1137 distribuendi
1174 1068 1317 1136 formula
1339 1091 1404 1136 non
1427 1071 1525 1137 unica

263 1175 472 1257 relinquitur
494 1175 566 1254 via,
596 1197 662 1259 qua
684 1198 738 1241 res
761 1176 957 1243 tractandae
980 1176 1023 1241 ad
1047 1196 1226 1258 congruum
1250 1176 1395 1241 ordinem
1420 1176 1525 1259 redigi

264 1281 419 1363 possint,
444 1280 500 1363 qui
523 1282 635 1348 varius
659 1282 790 1365 quidem
813 1283 878 1349 erit
899 1304 960 1366 pro
984 1282 1077 1347 vario
1100 1284 1180 1361 fine,
1206 1302 1301 1365 quem
1325 1282 1397 1365 quis
1420 1282 1453 1347 in
1477 1282 1525 1348 eis

262 1386 445 1453 tradendis
467 1391 501 1453 et
525 1389 741 1472 explanandis
764 1389 914 1472 proxime
936 1388 1000 1453 sibi
1022 1387 1226 1472 propositum
1250 1388 1410 1456 habuerit.
1449 1390 1524 1455 Alia

264 1494 356 1558 enim
383 1515 493 1559 rerum
517 1494 731 1578 dispositione
760 1496 944 1578 generatim
973 1516 1055 1580 opus
1079 1498 1144 1573 est,
1176 1494 1205 1559 si
1235 1494 1434 1579 amplissimo
1458 1494 1524 1559 dis·

265 1620 371 1664 cursu
396 1606 431 1667 et
453 1600 621 1682 analytica
643 1602 798 1667 methodo
822 1601 933 1682 aliqua
955 1600 1095 1666 scientia
1119 1604 1358 1684 pertractatur,
1389 1599 1471 1679 alia,
1495 1599 1524 1665 si

265 1705 389 1769 cadem
403 1705 606 1771 scholaribus
618 1706 880 1773 institutionibus
896 1706 1086 1791 adaptatur.
1111 1708 1269 1773 solimani
1282 1705 1524 1789 (Institutiones

265 1812 423 1890 athicus,
447 1812 690 1896 Dicaeologiae‚
715 1814 1047 1897 Eudaemonologiae‚
1073 1813 1198 1879 Romae
1224 1812 1323 1895 1847)
1347 1814 1396 1880 ita
1418 1812 1524 1897 philo-

266 1918 422 2001 sophiam
445 1919 625 2003 practicam
651 1919 853 2003 tripartitam
877 1940 950 1985 csse
973 1920 1096 1999 voluit,
1129 1925 1165 1986 ut
1188 1940 1261 1985 eam
1286 1919 1524 2002 quodammodo

267 2023 302 2087 in
331 2029 405 2089 tres
435 2024 609 2090 distinctas
639 2025 727 2091 inter
755 2046 792 2091 se
822 2029 934 2091 tamen
966 2030 1128 2108 cognatas
1151 2024 1307 2092 scientias
1330 2026 1522 2103 resolveret,

268 2130 426 2213 ethicam,
459 2151 543 2212 quae
572 2130 614 2197 de
644 2132 789 2197 moribus
819 2132 996 2197 secundum
1027 2132 1189 2197 rationem
1212 2132 1346 2199 virtutis
1379 2131 1523 2209 moralis,

271 2238 513 2322 dicaeolcpiom‚
536 2257 622 2319 quae
645 2237 787 2316 deiero,
812 2244 848 2305 st
863 2240 1183 2323 eudaemonolopiam,
1208 2259 1292 2321 quae
1308 2239 1349 2303 de
1364 2238 1524 2304 felicitate

271 2347 401 2423 ageret.
449 2342 572 2407 Verum
596 2343 679 2408 hacc
702 2344 830 2424 divisio,
854 2366 941 2410 nova
964 2344 1095 2427 quidem
1119 2346 1227 2428 quoad
1250 2345 1400 2425 formam,
1425 2367 1445 2411 a
1469 2366 1523 2411 ve-

271 2448 336 2513 teri
360 2448 494 2531 vulgari
517 2456 628 2517 tamen
653 2472 768 2535 parum
794 2452 961 2517 discedere
984 2452 1125 2519 videtur.
1166 2452 1311 2519 Tametsi
1336 2453 1421 2518 enim
1444 2454 1524 2518 iuris

271 2554 447 2620 scientiam
471 2578 544 2621 cum
568 2557 715 2624 iustitiae
739 2580 854 2623 norma
873 2558 1052 2642 coniungit,
1077 2562 1114 2625 ut
1129 2560 1235 2643 ipsum
1251 2580 1370 2625 nomen
1387 2560 1524 2625 Dicaeo-

271 2661 382 2743 logiae
404 2663 545 2742 indicat,
570 2668 714 2731 ceterum
739 2669 852 2731 tamen
875 2686 916 2731 ea
938 2666 1011 2750 ipsa
1034 2666 1240 2732 incommoda
1270 2666 1408 2745 retinet,
1440 2686 1524 2749 quae

272 2767 468 2851 repudiatae
490 2771 664 2853 partitioni
686 2771 886 2850 obiciuntur,
910 2773 1037 2856 pariter
1060 2772 1250 2855 disiungens
1276 2794 1325 2851 sa,
1351 2794 1434 2857 quae
1459 2774 1525 2839 dis·

273 2875 440 2941 cernenda
464 2876 604 2958 quidem,
629 2882 665 2944 at
689 2878 875 2962 separanda
898 2880 933 2943 et
948 2899 969 2943 a
986 2899 1046 2944 sua
1061 2878 1205 2945 naturali
1223 2878 1351 2946 unitate
1366 2879 1525 2945 solvenda

274 3000 338 3045 non
361 2987 451 3049 sunt.

364 3088 574 3172 Quapropter
604 3110 645 3155 ea
674 3090 803 3156 demum
835 3091 954 3157 ceteris
982 3091 1200 3175 praeferenda
1223 3092 1354 3157 videtur
1376 3090 1522 3175 partitio,

276 3212 359 3272 quae
383 3216 405 3259 a
427 3196 630 3281 pectoralibus
654 3197 696 3262 ad
714 3201 951 3283 particularia,
984 3218 1004 3263 a
1027 3198 1194 3281 principiis
1218 3198 1259 3263 ad
1283 3218 1395 3263 eorum
1419 3197 1524 3281 appli-

277 3298 424 3366 cationes
453 3302 680 3385 progreditur‚
713 3302 874 3387 simulque
907 3308 1060 3371 unitatem
1092 3305 1268 3370 universae
1298 3303 1522 3387 philosophiae

277 3406 412 3471 moralis
435 3428 500 3473 uno
523 3408 671 3490 generali
695 3410 825 3476 nomine
848 3414 933 3476 iuria
955 3414 1118 3477 naturalis
1141 3412 1325 3494 profitetur.

365 3515 478 3595 Atque
500 3514 550 3581 ita
572 3516 703 3598 quidem
727 3517 915 3581 universum
932 3521 985 3583 ius
999 3520 1150 3584 naturale
1173 3517 1206 3582 in
1230 3517 1312 3583 duas
1327 3520 1450 3601 partes,
1475 3516 1524 3582 al·

278 3622 381 3685 teram
410 3623 683 3706 perscrutandus
712 3628 851 3690 naturae
881 3625 1067 3706 generale),
1100 3625 1239 3690 alteram
1270 3625 1436 3709 specialem
1466 3644 1524 3689 seu

280 3726 476 3809 applicatam
499 3726 568 3809 (Ius
591 3736 730 3796 naturae
753 3731 912 3815 speciale)
935 3752 996 3797 sua
1019 3737 1136 3816 sponte
1160 3730 1324 3797 dividitur.

363 3835 423 3899 lua
444 3843 584 3901 naturae
604 3840 753 3921 peperolc
775 3837 809 3902 in
833 3839 1020 3904 scrutandis
1044 3842 1078 3904 et
1094 3837 1299 3905 stabiliendis
1314 3836 1524 3920 generalibus

280 3957 402 4005 momm
426 3940 595 4024 principiis
623 3946 694 4008 tum
727 3943 844 4009 ethicis
867 3944 1002 4027 (llthica
1024 3944 1203 4027 generalis)
1233 3948 1303 4011 tum
1327 3942 1525 4009 naturaliter

280 4041 420 4111 iuridicis
443 4046 512 4128 (lus
535 4048 656 4114 sociale
678 4048 712 4113 in
735 4049 869 4131 genere)
893 4056 1055 4119 versatur.

365 4152 423 4217 lus
445 4161 585 4219 naturae
607 4158 742 4240 speciale
757 4157 928 4238 generalia
943 4158 1001 4223 illa
1017 4157 1177 4243 principia
1193 4178 1235 4224 ex
1251 4157 1369 4223 ordine·
1380 4157 1525 4241 applicat

284 4252 320 4315 ad
343 4260 493 4342 speciales
516 4259 657 4325 hominis
680 4261 852 4327 moraliter
875 4262 1042 4346 operantis
1066 4264 1272 4329 condiciones
1292 4283 1331 4328 ac
1347 4263 1525 4330 relationes

283 4360 348 4424 tum
370 4366 590 4433 individuale
619 4369 689 4432 tum
719 4372 864 4449 sociem,
897 4372 932 4435 ct
960 4370 1021 4435 has
1052 4370 1181 4451 quidem
1212 4371 1389 4435 secundum
1413 4372 1524 4436 varios

284 4460 439 4535 humanae
461 4472 631 4540 societatis
652 4477 777 4560 prodas
799 4477 997 4543 naturaliter
1019 4478 1185 4561 provisos,
1210 4481 1247 4543 ut
1269 4476 1345 4541 inde
1368 4478 1524 4561 specialia

286 4564 443 4641 hommum
465 4577 536 4643 sive
558 4579 800 4646 individuorum
822 4582 893 4646 sive
915 4583 948 4647 in
965 4583 1119 4648 socialem
1136 4582 1297 4649 unitatem
1314 4584 1524 4650 collectorum

288 4680 443 4746 naturalia
466 4682 575 4750 officia
605 4690 640 4751 et
668 4686 742 4752 iura
771 4707 833 4770 ope
862 4687 1036 4753 rationalis
1066 4687 1282 4753 conclusionis
1306 4693 1401 4755 eruat
1424 4693 1524 4772 atque

288 4778 483 4857 determinet.
