<?xml version="1.0" encoding="UTF-8"?>
<!DOCTYPE html PUBLIC "-//W3C//DTD XHTML 1.0 Transitional//EN"
    "http://www.w3.org/TR/xhtml1/DTD/xhtml1-transitional.dtd">
<html xmlns="http://www.w3.org/1999/xhtml" xml:lang="en" lang="en">
 <head>
  <title>
</title>
<meta http-equiv="Content-Type" content="text/html;charset=utf-8" />
  <meta name='ocr-system' content='tesseract 3.04.00' />
  <meta name='ocr-capabilities' content='ocr_page ocr_carea ocr_par ocr_line ocrx_word'/>
</head>
<body>
  <div class='ocr_page' id='page_1' title='image "./institutionesiu00meyegoog_0213.png"; bbox 0 0 3909 5842; ppageno 0'>
   <div class='ocr_carea' id='block_1_1' title="bbox 702 711 1531 783">
    <p class='ocr_par' dir='ltr' id='par_1_1' title="bbox 702 711 1531 783">
     <span class='ocr_line' id='line_1_1' title="bbox 702 711 1531 783; baseline 0.008 -16"><span class='ocrx_word' id='word_1_1' title='bbox 702 712 742 767; x_wconf 88' lang='lat' dir='ltr'><strong>De</strong></span> <span class='ocrx_word' id='word_1_2' title='bbox 764 712 911 783; x_wconf 87' lang='lat' dir='ltr'><strong>,principio</strong></span> <span class='ocrx_word' id='word_1_3' title='bbox 929 711 1120 766; x_wconf 79' lang='lat' dir='ltr'><strong>moralitatia⁸.</strong></span> <span class='ocrx_word' id='word_1_4' title='bbox 1470 717 1531 782; x_wconf 85' lang='lat'><strong>161</strong></span> 
     </span>
    </p>
   </div>
   <div class='ocr_carea' id='block_1_2' title="bbox 277 887 1538 5020">
    <p class='ocr_par' dir='ltr' id='par_1_2' title="bbox 277 887 1538 4268">
     <span class='ocr_line' id='line_1_2' title="bbox 278 887 1534 975; baseline 0.002 -22"><span class='ocrx_word' id='word_1_5' title='bbox 278 887 397 956; x_wconf 84' lang='lat' dir='ltr'><strong>mittit.</strong></span> <span class='ocrx_word' id='word_1_6' title='bbox 445 889 616 975; x_wconf 82' lang='lat' dir='ltr'><strong>Accipiter</strong></span> <span class='ocrx_word' id='word_1_7' title='bbox 642 889 728 955; x_wconf 90' lang='lat' dir='ltr'><strong>enim</strong></span> <span class='ocrx_word' id='word_1_8' title='bbox 752 899 810 956; x_wconf 81' lang='lat' dir='ltr'><strong>aut</strong></span> <span class='ocrx_word' id='word_1_9' title='bbox 833 889 1010 956; x_wconf 91' lang='lat' dir='ltr'><strong>secundum</strong></span> <span class='ocrx_word' id='word_1_10' title='bbox 1033 889 1076 968; x_wconf 93' lang='lat' dir='ltr'><strong>id,</strong></span> <span class='ocrx_word' id='word_1_11' title='bbox 1109 889 1195 972; x_wconf 92' lang='lat' dir='ltr'><strong>quod</strong></span> <span class='ocrx_word' id='word_1_12' title='bbox 1216 889 1318 956; x_wconf 89' lang='lat' dir='ltr'><strong>habet</strong></span> <span class='ocrx_word' id='word_1_13' title='bbox 1339 890 1373 954; x_wconf 89' lang='lat' dir='ltr'><strong>in</strong></span> <span class='ocrx_word' id='word_1_14' title='bbox 1396 890 1534 972; x_wconf 87' lang='lat' dir='ltr'><strong>singulis</strong></span> 
     </span>
     <span class='ocr_line' id='line_1_3' title="bbox 277 994 1533 1081; baseline 0.002 -21"><span class='ocrx_word' id='word_1_15' title='bbox 277 994 461 1061; x_wconf 86' lang='lat' dir='ltr'><strong>individuis</strong></span> <span class='ocrx_word' id='word_1_16' title='bbox 491 1001 526 1062; x_wconf 90' lang='lat' dir='ltr'><strong>et</strong></span> <span class='ocrx_word' id='word_1_17' title='bbox 557 1017 617 1061; x_wconf 89' lang='lat' dir='ltr'><strong>usu</strong></span> <span class='ocrx_word' id='word_1_18' title='bbox 649 1001 802 1063; x_wconf 87' lang='lat' dir='ltr'><strong>concreto</strong></span> <span class='ocrx_word' id='word_1_19' title='bbox 835 996 1019 1081; x_wconf 88' lang='lat' dir='ltr'><strong>proprium,</strong></span> <span class='ocrx_word' id='word_1_20' title='bbox 1050 996 1283 1076; x_wconf 77' lang='lat' dir='ltr'><strong>subiectivum,</strong></span> <span class='ocrx_word' id='word_1_21' title='bbox 1316 996 1533 1073; x_wconf 87' lang='lat' dir='ltr'><strong>individualo;</strong></span> 
     </span>
     <span class='ocr_line' id='line_1_4' title="bbox 279 1101 1535 1187; baseline 0.003 -21"><span class='ocrx_word' id='word_1_22' title='bbox 279 1105 319 1166; x_wconf 90' lang='lat' dir='ltr'><strong>et</strong></span> <span class='ocrx_word' id='word_1_23' title='bbox 342 1101 405 1166; x_wconf 92' lang='lat' dir='ltr'><strong>hoc</strong></span> <span class='ocrx_word' id='word_1_24' title='bbox 428 1102 524 1167; x_wconf 92' lang='lat' dir='ltr'><strong>modo</strong></span> <span class='ocrx_word' id='word_1_25' title='bbox 547 1102 633 1168; x_wconf 89' lang='lat' dir='ltr'><strong>ratio</strong></span> <span class='ocrx_word' id='word_1_26' title='bbox 656 1102 836 1187; x_wconf 88' lang='lat' dir='ltr'><strong>participat</strong></span> <span class='ocrx_word' id='word_1_27' title='bbox 859 1102 1116 1170; x_wconf 85' lang='lat' dir='ltr'><strong>variabilitatem</strong></span> <span class='ocrx_word' id='word_1_28' title='bbox 1139 1103 1242 1187; x_wconf 90' lang='lat' dir='ltr'><strong>ipsius</strong></span> <span class='ocrx_word' id='word_1_29' title='bbox 1264 1103 1403 1169; x_wconf 88' lang='lat' dir='ltr'><strong>subiecti</strong></span> <span class='ocrx_word' id='word_1_30' title='bbox 1426 1107 1460 1170; x_wconf 92' lang='lat' dir='ltr'><strong>et</strong></span> <span class='ocrx_word' id='word_1_31' title='bbox 1483 1107 1535 1170; x_wconf 91' lang='lat' dir='ltr'><strong>est</strong></span> 
     </span>
     <span class='ocr_line' id='line_1_5' title="bbox 279 1207 1535 1290; baseline 0.002 -18"><span class='ocrx_word' id='word_1_32' title='bbox 279 1227 345 1290; x_wconf 90' lang='lat' dir='ltr'><strong>por</strong></span> <span class='ocrx_word' id='word_1_33' title='bbox 367 1207 520 1273; x_wconf 88' lang='lat' dir='ltr'><strong>accidens</strong></span> <span class='ocrx_word' id='word_1_34' title='bbox 542 1207 646 1274; x_wconf 83' lang='lat' dir='ltr'><strong>errori</strong></span> <span class='ocrx_word' id='word_1_35' title='bbox 669 1208 829 1287; x_wconf 78' lang='lat' dir='ltr'><strong>obnoxia3</strong></span> <span class='ocrx_word' id='word_1_36' title='bbox 854 1217 911 1274; x_wconf 83' lang='lat' dir='ltr'><strong>ort</strong></span> <span class='ocrx_word' id='word_1_37' title='bbox 932 1209 1054 1274; x_wconf 89' lang='lat' dir='ltr'><strong>mentis</strong></span> <span class='ocrx_word' id='word_1_38' title='bbox 1071 1209 1293 1275; x_wconf 73' lang='lat' dir='ltr'>abstractione</span> <span class='ocrx_word' id='word_1_39' title='bbox 1309 1209 1535 1275; x_wconf 79' lang='lat' dir='ltr'><strong>consideratur</strong></span> 
     </span>
     <span class='ocr_line' id='line_1_6' title="bbox 280 1313 1535 1397; baseline 0.002 -19"><span class='ocrx_word' id='word_1_40' title='bbox 280 1313 391 1378; x_wconf 92' lang='lat' dir='ltr'><strong>solum</strong></span> <span class='ocrx_word' id='word_1_41' title='bbox 415 1313 592 1380; x_wconf 91' lang='lat' dir='ltr'><strong>secundum</strong></span> <span class='ocrx_word' id='word_1_42' title='bbox 615 1314 658 1392; x_wconf 93' lang='lat' dir='ltr'><strong>id,</strong></span> <span class='ocrx_word' id='word_1_43' title='bbox 684 1314 769 1397; x_wconf 90' lang='lat' dir='ltr'><strong>quod</strong></span> <span class='ocrx_word' id='word_1_44' title='bbox 793 1314 894 1382; x_wconf 87' lang='lat' dir='ltr'><strong>habet</strong></span> <span class='ocrx_word' id='word_1_45' title='bbox 914 1315 949 1379; x_wconf 94' lang='lat' dir='ltr'><strong>iu</strong></span> <span class='ocrx_word' id='word_1_46' title='bbox 964 1315 1115 1380; x_wconf 90' lang='lat' dir='ltr'><strong>omnibus</strong></span> <span class='ocrx_word' id='word_1_47' title='bbox 1130 1314 1306 1379; x_wconf 88' lang='lat' dir='ltr'><strong>individuis</strong></span> <span class='ocrx_word' id='word_1_48' title='bbox 1321 1315 1535 1381; x_wconf 77' lang='lat' dir='ltr'><strong>rationalibus</strong></span> 
     </span>
     <span class='ocr_line' id='line_1_7' title="bbox 281 1420 1534 1506; baseline 0 -20"><span class='ocrx_word' id='word_1_49' title='bbox 281 1425 343 1506; x_wconf 81' lang='lat' dir='ltr'><strong>per</strong></span> <span class='ocrx_word' id='word_1_50' title='bbox 366 1423 535 1486; x_wconf 80' lang='lat' dir='ltr'><strong>essentium</strong></span> <span class='ocrx_word' id='word_1_51' title='bbox 558 1443 738 1486; x_wconf 71' lang='lat' dir='ltr'><strong>coramque:</strong></span> <span class='ocrx_word' id='word_1_52' title='bbox 761 1420 822 1486; x_wconf 93' lang='lat' dir='ltr'><strong>hoc</strong></span> <span class='ocrx_word' id='word_1_53' title='bbox 845 1421 941 1486; x_wconf 93' lang='lat' dir='ltr'><strong>modo</strong></span> <span class='ocrx_word' id='word_1_54' title='bbox 966 1421 1104 1487; x_wconf 89' lang='lat' dir='ltr'><strong>denotat</strong></span> <span class='ocrx_word' id='word_1_55' title='bbox 1127 1420 1250 1502; x_wconf 91' lang='lat' dir='ltr'><strong>aliquid</strong></span> <span class='ocrx_word' id='word_1_56' title='bbox 1273 1420 1434 1487; x_wconf 89' lang='lat' dir='ltr'><strong>obiective</strong></span> <span class='ocrx_word' id='word_1_57' title='bbox 1457 1441 1534 1486; x_wconf 90' lang='lat' dir='ltr'><strong>con·</strong></span> 
     </span>
     <span class='ocr_line' id='line_1_8' title="bbox 280 1525 1535 1606; baseline -0.002 -13"><span class='ocrx_word' id='word_1_58' title='bbox 280 1533 381 1594; x_wconf 88' lang='lat' dir='ltr'><strong>stans</strong></span> <span class='ocrx_word' id='word_1_59' title='bbox 411 1531 447 1593; x_wconf 90' lang='lat' dir='ltr'><strong>et</strong></span> <span class='ocrx_word' id='word_1_60' title='bbox 475 1526 689 1606; x_wconf 86' lang='lat' dir='ltr'><strong>immutabile,</strong></span> <span class='ocrx_word' id='word_1_61' title='bbox 723 1529 758 1592; x_wconf 88' lang='lat' dir='ltr'><strong>et</strong></span> <span class='ocrx_word' id='word_1_62' title='bbox 787 1531 925 1593; x_wconf 89' lang='lat' dir='ltr'><strong>eatenus</strong></span> <span class='ocrx_word' id='word_1_63' title='bbox 952 1525 1180 1605; x_wconf 79' lang='lat' dir='ltr'><strong>„essentialem</strong></span> <span class='ocrx_word' id='word_1_64' title='bbox 1202 1528 1341 1592; x_wconf 89' lang='lat' dir='ltr'><strong>naturae</strong></span> <span class='ocrx_word' id='word_1_65' title='bbox 1364 1526 1535 1593; x_wconf 89' lang='lat' dir='ltr'><strong>rationalis</strong></span> 
     </span>
     <span class='ocr_line' id='line_1_9' title="bbox 281 1631 1535 1700; baseline 0.002 -3"><span class='ocrx_word' id='word_1_66' title='bbox 281 1631 518 1700; x_wconf 81' lang='lat' dir='ltr'><strong>directionem“</strong></span> <span class='ocrx_word' id='word_1_67' title='bbox 553 1633 696 1700; x_wconf 84' lang='lat' dir='ltr'><strong>exhibet.</strong></span> <span class='ocrx_word' id='word_1_68' title='bbox 720 1671 765 1680; x_wconf 96' lang='lat'>—</span> <span class='ocrx_word' id='word_1_69' title='bbox 789 1637 820 1700; x_wconf 85' lang='lat'><strong>3.</strong></span> <span class='ocrx_word' id='word_1_70' title='bbox 845 1633 937 1698; x_wconf 89' lang='lat' dir='ltr'><strong>Haec</strong></span> <span class='ocrx_word' id='word_1_71' title='bbox 967 1633 1153 1699; x_wconf 88' lang='lat' dir='ltr'><strong>essentialis</strong></span> <span class='ocrx_word' id='word_1_72' title='bbox 1183 1638 1351 1700; x_wconf 85' lang='lat' dir='ltr'><strong>autemst</strong></span> <span class='ocrx_word' id='word_1_73' title='bbox 1374 1633 1535 1700; x_wconf 89' lang='lat' dir='ltr'><strong>obiective</strong></span> 
     </span>
     <span class='ocr_line' id='line_1_10' title="bbox 281 1739 1536 1826; baseline 0.002 -22"><span class='ocrx_word' id='word_1_74' title='bbox 281 1743 444 1806; x_wconf 87' lang='lat' dir='ltr'><strong>constans</strong></span> <span class='ocrx_word' id='word_1_75' title='bbox 474 1739 609 1806; x_wconf 89' lang='lat' dir='ltr'><strong>directio</strong></span> <span class='ocrx_word' id='word_1_76' title='bbox 640 1741 674 1806; x_wconf 92' lang='lat' dir='ltr'><strong>in</strong></span> <span class='ocrx_word' id='word_1_77' title='bbox 704 1740 832 1808; x_wconf 87' lang='lat' dir='ltr'><strong>ratione</strong></span> <span class='ocrx_word' id='word_1_78' title='bbox 862 1740 1011 1826; x_wconf 89' lang='lat' dir='ltr'><strong>practica</strong></span> <span class='ocrx_word' id='word_1_79' title='bbox 1040 1761 1077 1806; x_wconf 89' lang='lat' dir='ltr'><strong>se</strong></span> <span class='ocrx_word' id='word_1_80' title='bbox 1106 1740 1206 1808; x_wconf 91' lang='lat' dir='ltr'><strong>babet</strong></span> <span class='ocrx_word' id='word_1_81' title='bbox 1236 1761 1279 1806; x_wconf 85' lang='lat' dir='ltr'><strong>ex</strong></span> <span class='ocrx_word' id='word_1_82' title='bbox 1307 1743 1404 1824; x_wconf 87' lang='lat' dir='ltr'><strong>parte</strong></span> <span class='ocrx_word' id='word_1_83' title='bbox 1426 1742 1536 1807; x_wconf 82' lang='lat' dir='ltr'><strong>obiecti</strong></span> 
     </span>
     <span class='ocr_line' id='line_1_11' title="bbox 284 1846 1536 1932; baseline 0.002 -22"><span class='ocrx_word' id='word_1_84' title='bbox 284 1848 414 1930; x_wconf 78' lang='lat' dir='ltr'><strong>cop-niti,</strong></span> <span class='ocrx_word' id='word_1_85' title='bbox 438 1867 503 1912; x_wconf 90' lang='lat' dir='ltr'><strong>nou</strong></span> <span class='ocrx_word' id='word_1_86' title='bbox 520 1867 562 1912; x_wconf 86' lang='lat' dir='ltr'><strong>ex</strong></span> <span class='ocrx_word' id='word_1_87' title='bbox 578 1849 674 1932; x_wconf 88' lang='lat' dir='ltr'><strong>parte</strong></span> <span class='ocrx_word' id='word_1_88' title='bbox 690 1847 828 1914; x_wconf 88' lang='lat' dir='ltr'><strong>subiecti</strong></span> <span class='ocrx_word' id='word_1_89' title='bbox 844 1847 1083 1929; x_wconf 86' lang='lat' dir='ltr'><strong>cognoscentis.</strong></span> <span class='ocrx_word' id='word_1_90' title='bbox 1115 1846 1265 1914; x_wconf 83' lang='lat' dir='ltr'><strong>Naturae</strong></span> <span class='ocrx_word' id='word_1_91' title='bbox 1280 1847 1366 1913; x_wconf 90' lang='lat' dir='ltr'><strong>enim</strong></span> <span class='ocrx_word' id='word_1_92' title='bbox 1381 1847 1536 1914; x_wconf 87' lang='lat' dir='ltr'><strong>rationali</strong></span> 
     </span>
     <span class='ocr_line' id='line_1_12' title="bbox 279 1953 1536 2040; baseline 0.002 -21"><span class='ocrx_word' id='word_1_93' title='bbox 279 1953 455 2036; x_wconf 87' lang='lat' dir='ltr'><strong>proprium</strong></span> <span class='ocrx_word' id='word_1_94' title='bbox 479 1957 539 2032; x_wconf 91' lang='lat' dir='ltr'><strong>est,</strong></span> <span class='ocrx_word' id='word_1_95' title='bbox 564 1953 708 2020; x_wconf 88' lang='lat' dir='ltr'><strong>finaliter</strong></span> <span class='ocrx_word' id='word_1_96' title='bbox 731 1953 827 2038; x_wconf 86' lang='lat' dir='ltr'><strong>dirigi</strong></span> <span class='ocrx_word' id='word_1_97' title='bbox 849 1954 1005 2022; x_wconf 90' lang='lat' dir='ltr'><strong>rationali</strong></span> <span class='ocrx_word' id='word_1_98' title='bbox 1029 1953 1216 2036; x_wconf 82' lang='lat' dir='ltr'><strong>cognitione</strong></span> <span class='ocrx_word' id='word_1_99' title='bbox 1236 1973 1295 2020; x_wconf 88' lang='lat' dir='ltr'><strong>seu</strong></span> <span class='ocrx_word' id='word_1_100' title='bbox 1308 1976 1366 2040; x_wconf 83' lang='lat' dir='ltr'><strong>por</strong></span> <span class='ocrx_word' id='word_1_101' title='bbox 1381 1955 1427 2033; x_wconf 88' lang='lat' dir='ltr'><strong>id,</strong></span> <span class='ocrx_word' id='word_1_102' title='bbox 1451 1955 1536 2040; x_wconf 81' lang='lat' dir='ltr'><strong>qaod</strong></span> 
     </span>
     <span class='ocr_line' id='line_1_13' title="bbox 285 2059 1534 2146; baseline 0.001 -24"><span class='ocrx_word' id='word_1_103' title='bbox 285 2061 415 2124; x_wconf 76' lang='lat' dir='ltr'><strong>ratione</strong></span> <span class='ocrx_word' id='word_1_104' title='bbox 444 2063 649 2146; x_wconf 77' lang='lat' dir='ltr'><strong>coproscitur.</strong></span> <span class='ocrx_word' id='word_1_105' title='bbox 696 2059 765 2126; x_wconf 92' lang='lat' dir='ltr'><strong>Iam</strong></span> <span class='ocrx_word' id='word_1_106' title='bbox 789 2081 869 2127; x_wconf 92' lang='lat' dir='ltr'><strong>vero</strong></span> <span class='ocrx_word' id='word_1_107' title='bbox 893 2060 934 2126; x_wconf 94' lang='lat' dir='ltr'><strong>de</strong></span> <span class='ocrx_word' id='word_1_108' title='bbox 957 2059 1102 2126; x_wconf 84' lang='lat' dir='ltr'><strong>essentia</strong></span> <span class='ocrx_word' id='word_1_109' title='bbox 1126 2064 1177 2126; x_wconf 90' lang='lat' dir='ltr'><strong>est</strong></span> <span class='ocrx_word' id='word_1_110' title='bbox 1199 2059 1336 2125; x_wconf 90' lang='lat' dir='ltr'><strong>rationis</strong></span> <span class='ocrx_word' id='word_1_111' title='bbox 1357 2060 1534 2144; x_wconf 84' lang='lat' dir='ltr'><strong>practicae,</strong></span> 
     </span>
     <span class='ocr_line' id='line_1_14' title="bbox 283 2165 1535 2252; baseline 0.001 -23"><span class='ocrx_word' id='word_1_112' title='bbox 283 2166 449 2230; x_wconf 79' lang='lat' dir='ltr'><strong>evidenter</strong></span> <span class='ocrx_word' id='word_1_113' title='bbox 480 2187 661 2252; x_wconf 78' lang='lat' dir='ltr'><strong>copaoscere</strong></span> <span class='ocrx_word' id='word_1_114' title='bbox 691 2169 834 2232; x_wconf 81' lang='lat' dir='ltr'><strong>ord-inem</strong></span> <span class='ocrx_word' id='word_1_115' title='bbox 867 2168 1076 2252; x_wconf 82' lang='lat' dir='ltr'><strong>operabilium</strong></span> <span class='ocrx_word' id='word_1_116' title='bbox 1106 2170 1141 2232; x_wconf 92' lang='lat' dir='ltr'><strong>et</strong></span> <span class='ocrx_word' id='word_1_117' title='bbox 1171 2166 1300 2247; x_wconf 92' lang='lat' dir='ltr'><strong>quidem</strong></span> <span class='ocrx_word' id='word_1_118' title='bbox 1328 2165 1363 2230; x_wconf 93' lang='lat' dir='ltr'><strong>in</strong></span> <span class='ocrx_word' id='word_1_119' title='bbox 1385 2187 1444 2231; x_wconf 92' lang='lat' dir='ltr'><strong>suo</strong></span> <span class='ocrx_word' id='word_1_120' title='bbox 1466 2170 1535 2232; x_wconf 87' lang='lat' dir='ltr'><strong>ter-</strong></span> 
     </span>
     <span class='ocr_line' id='line_1_15' title="bbox 284 2269 1536 2358; baseline 0.002 -24"><span class='ocrx_word' id='word_1_121' title='bbox 284 2269 375 2336; x_wconf 91' lang='lat' dir='ltr'><strong>mino</strong></span> <span class='ocrx_word' id='word_1_122' title='bbox 400 2275 612 2338; x_wconf 75' lang='lat' dir='ltr'><strong>universalem</strong></span> <span class='ocrx_word' id='word_1_123' title='bbox 635 2294 693 2339; x_wconf 89' lang='lat' dir='ltr'><strong>seu</strong></span> <span class='ocrx_word' id='word_1_124' title='bbox 717 2273 875 2358; x_wconf 89' lang='lat' dir='ltr'><strong>operandi</strong></span> <span class='ocrx_word' id='word_1_125' title='bbox 897 2273 1128 2340; x_wconf 88' lang='lat' dir='ltr'><strong>rectitudinem</strong></span> <span class='ocrx_word' id='word_1_126' title='bbox 1151 2273 1327 2339; x_wconf 91' lang='lat' dir='ltr'><strong>secundum</strong></span> <span class='ocrx_word' id='word_1_127' title='bbox 1351 2272 1447 2337; x_wconf 87' lang='lat' dir='ltr'><strong>finem</strong></span> <span class='ocrx_word' id='word_1_128' title='bbox 1462 2270 1536 2336; x_wconf 89' lang='lat' dir='ltr'><strong>uni·</strong></span> 
     </span>
     <span class='ocr_line' id='line_1_16' title="bbox 283 2377 1534 2464; baseline 0.002 -23"><span class='ocrx_word' id='word_1_129' title='bbox 283 2377 452 2444; x_wconf 87' lang='lat' dir='ltr'><strong>versalem</strong></span> <span class='ocrx_word' id='word_1_130' title='bbox 475 2383 509 2445; x_wconf 90' lang='lat' dir='ltr'><strong>et</strong></span> <span class='ocrx_word' id='word_1_131' title='bbox 532 2379 734 2452; x_wconf 87' lang='lat' dir='ltr'><strong>absolutum;</strong></span> <span class='ocrx_word' id='word_1_132' title='bbox 758 2417 803 2427; x_wconf 89' lang='lat'><em>—</em></span> <span class='ocrx_word' id='word_1_133' title='bbox 825 2401 891 2446; x_wconf 91' lang='lat' dir='ltr'><strong>non</strong></span> <span class='ocrx_word' id='word_1_134' title='bbox 914 2379 1001 2464; x_wconf 93' lang='lat' dir='ltr'><strong>quod</strong></span> <span class='ocrx_word' id='word_1_135' title='bbox 1024 2401 1117 2445; x_wconf 91' lang='lat' dir='ltr'><strong>mens</strong></span> <span class='ocrx_word' id='word_1_136' title='bbox 1139 2385 1255 2446; x_wconf 91' lang='lat' dir='ltr'><strong>nostra</strong></span> <span class='ocrx_word' id='word_1_137' title='bbox 1269 2379 1354 2444; x_wconf 90' lang='lat' dir='ltr'><strong>hanc</strong></span> <span class='ocrx_word' id='word_1_138' title='bbox 1369 2377 1534 2444; x_wconf 88' lang='lat' dir='ltr'><strong>notionem</strong></span> 
     </span>
     <span class='ocr_line' id='line_1_17' title="bbox 283 2482 1534 2571; baseline 0.001 -24"><span class='ocrx_word' id='word_1_139' title='bbox 283 2482 411 2550; x_wconf 90' lang='lat' dir='ltr'><strong>habeat</strong></span> <span class='ocrx_word' id='word_1_140' title='bbox 433 2505 492 2570; x_wconf 87' lang='lat' dir='ltr'><strong>per</strong></span> <span class='ocrx_word' id='word_1_141' title='bbox 514 2484 644 2551; x_wconf 89' lang='lat' dir='ltr'><strong>modum</strong></span> <span class='ocrx_word' id='word_1_142' title='bbox 669 2485 762 2551; x_wconf 88' lang='lat' dir='ltr'><strong>ideae</strong></span> <span class='ocrx_word' id='word_1_143' title='bbox 777 2486 921 2564; x_wconf 84' lang='lat' dir='ltr'><strong>innatae,</strong></span> <span class='ocrx_word' id='word_1_144' title='bbox 946 2486 1001 2551; x_wconf 90' lang='lat' dir='ltr'><strong>vel</strong></span> <span class='ocrx_word' id='word_1_145' title='bbox 1016 2507 1076 2571; x_wconf 90' lang='lat' dir='ltr'><strong>per</strong></span> <span class='ocrx_word' id='word_1_146' title='bbox 1091 2483 1312 2550; x_wconf 85' lang='lat' dir='ltr'><strong>immediatam</strong></span> <span class='ocrx_word' id='word_1_147' title='bbox 1329 2483 1534 2550; x_wconf 87' lang='lat' dir='ltr'><strong>intuitionem</strong></span> 
     </span>
     <span class='ocr_line' id='line_1_18' title="bbox 284 2589 1536 2676; baseline 0.003 -22"><span class='ocrx_word' id='word_1_148' title='bbox 284 2590 427 2656; x_wconf 87' lang='lat' dir='ltr'><strong>rationis</strong></span> <span class='ocrx_word' id='word_1_149' title='bbox 458 2591 587 2658; x_wconf 88' lang='lat' dir='ltr'><strong>divinae</strong></span> <span class='ocrx_word' id='word_1_150' title='bbox 618 2595 785 2676; x_wconf 88' lang='lat' dir='ltr'><strong>tamquam</strong></span> <span class='ocrx_word' id='word_1_151' title='bbox 817 2591 939 2657; x_wconf 86' lang='lat' dir='ltr'><strong>ordinis</strong></span> <span class='ocrx_word' id='word_1_152' title='bbox 968 2613 1077 2657; x_wconf 92' lang='lat' dir='ltr'><strong>rerum</strong></span> <span class='ocrx_word' id='word_1_153' title='bbox 1109 2591 1251 2657; x_wconf 90' lang='lat' dir='ltr'><strong>absoluti</strong></span> <span class='ocrx_word' id='word_1_154' title='bbox 1274 2591 1340 2671; x_wconf 89' lang='lat' dir='ltr'><strong>(est</strong></span> <span class='ocrx_word' id='word_1_155' title='bbox 1369 2590 1455 2656; x_wconf 91' lang='lat' dir='ltr'><strong>enim</strong></span> <span class='ocrx_word' id='word_1_156' title='bbox 1478 2589 1536 2658; x_wconf 85' lang='lat' dir='ltr'><strong>illa</strong></span> 
     </span>
     <span class='ocr_line' id='line_1_19' title="bbox 284 2694 1536 2764; baseline 0.002 -3"><span class='ocrx_word' id='word_1_157' title='bbox 284 2694 363 2762; x_wconf 91' lang='lat' dir='ltr'><strong>idea</strong></span> <span class='ocrx_word' id='word_1_158' title='bbox 387 2697 510 2763; x_wconf 86' lang='lat' dir='ltr'><strong>ordinis</strong></span> <span class='ocrx_word' id='word_1_159' title='bbox 534 2697 695 2764; x_wconf 82' lang='lat' dir='ltr'><strong>abstracto</strong></span> <span class='ocrx_word' id='word_1_160' title='bbox 718 2719 783 2764; x_wconf 88' lang='lat' dir='ltr'><strong>uon</strong></span> <span class='ocrx_word' id='word_1_161' title='bbox 799 2718 894 2763; x_wconf 89' lang='lat' dir='ltr'><strong>secus</strong></span> <span class='ocrx_word' id='word_1_162' title='bbox 910 2719 949 2764; x_wconf 91' lang='lat' dir='ltr'><strong>ac</strong></span> <span class='ocrx_word' id='word_1_163' title='bbox 964 2697 1039 2763; x_wconf 91' lang='lat' dir='ltr'><strong>idea</strong></span> <span class='ocrx_word' id='word_1_164' title='bbox 1053 2700 1121 2762; x_wconf 85' lang='lat' dir='ltr'><strong>ceri</strong></span> <span class='ocrx_word' id='word_1_165' title='bbox 1136 2695 1332 2764; x_wconf 89' lang='lat' dir='ltr'><strong>universalis</strong></span> <span class='ocrx_word' id='word_1_166' title='bbox 1348 2701 1382 2763; x_wconf 90' lang='lat' dir='ltr'><strong>et</strong></span> <span class='ocrx_word' id='word_1_167' title='bbox 1397 2696 1536 2764; x_wconf 89' lang='lat' dir='ltr'><strong>similem</strong></span> 
     </span>
     <span class='ocr_line' id='line_1_20' title="bbox 285 2799 1535 2888; baseline 0.005 -23"><span class='ocrx_word' id='word_1_168' title='bbox 285 2799 414 2868; x_wconf 89' lang='lat' dir='ltr'><strong>habens</strong></span> <span class='ocrx_word' id='word_1_169' title='bbox 443 2803 710 2888; x_wconf 89' lang='lat' dir='ltr'><strong>psychologicam</strong></span> <span class='ocrx_word' id='word_1_170' title='bbox 741 2802 923 2887; x_wconf 81' lang='lat' dir='ltr'><strong>originem),</strong></span> <span class='ocrx_word' id='word_1_171' title='bbox 955 2804 1014 2870; x_wconf 91' lang='lat' dir='ltr'><strong>sed</strong></span> <span class='ocrx_word' id='word_1_172' title='bbox 1045 2804 1140 2887; x_wconf 89' lang='lat' dir='ltr'><strong>quod,</strong></span> <span class='ocrx_word' id='word_1_173' title='bbox 1171 2803 1227 2870; x_wconf 93' lang='lat' dir='ltr'><strong>ubi</strong></span> <span class='ocrx_word' id='word_1_174' title='bbox 1253 2803 1392 2887; x_wconf 89' lang='lat' dir='ltr'><strong>primum</strong></span> <span class='ocrx_word' id='word_1_175' title='bbox 1416 2805 1458 2872; x_wconf 92' lang='lat' dir='ltr'><strong>ad</strong></span> <span class='ocrx_word' id='word_1_176' title='bbox 1481 2825 1535 2871; x_wconf 88' lang='lat' dir='ltr'><strong>ra·</strong></span> 
     </span>
     <span class='ocr_line' id='line_1_21' title="bbox 285 2907 1535 2994; baseline 0.004 -22"><span class='ocrx_word' id='word_1_177' title='bbox 285 2907 388 2973; x_wconf 89' lang='lat' dir='ltr'><strong>tionis</strong></span> <span class='ocrx_word' id='word_1_178' title='bbox 420 2929 513 2974; x_wconf 91' lang='lat' dir='ltr'><strong>usum</strong></span> <span class='ocrx_word' id='word_1_179' title='bbox 546 2911 679 2977; x_wconf 89' lang='lat' dir='ltr'><strong>evoluta</strong></span> <span class='ocrx_word' id='word_1_180' title='bbox 710 2931 803 2976; x_wconf 90' lang='lat' dir='ltr'><strong>mens</strong></span> <span class='ocrx_word' id='word_1_181' title='bbox 832 2909 943 2990; x_wconf 90' lang='lat' dir='ltr'><strong>fuerit,</strong></span> <span class='ocrx_word' id='word_1_182' title='bbox 974 2910 1064 2976; x_wconf 92' lang='lat' dir='ltr'><strong>illam</strong></span> <span class='ocrx_word' id='word_1_183' title='bbox 1094 2910 1261 2976; x_wconf 86' lang='lat' dir='ltr'><strong>notionem</strong></span> <span class='ocrx_word' id='word_1_184' title='bbox 1289 2931 1348 2994; x_wconf 94' lang='lat' dir='ltr'><strong>per</strong></span> <span class='ocrx_word' id='word_1_185' title='bbox 1377 2910 1535 2977; x_wconf 88' lang='lat' dir='ltr'><strong>directam</strong></span> 
     </span>
     <span class='ocr_line' id='line_1_22' title="bbox 286 3013 1536 3098; baseline 0.006 -21"><span class='ocrx_word' id='word_1_186' title='bbox 286 3013 488 3080; x_wconf 87' lang='lat' dir='ltr'><strong>evidentiam</strong></span> <span class='ocrx_word' id='word_1_187' title='bbox 521 3016 718 3082; x_wconf 87' lang='lat' dir='ltr'><strong>necessitate</strong></span> <span class='ocrx_word' id='word_1_188' title='bbox 750 3020 889 3082; x_wconf 89' lang='lat' dir='ltr'><strong>naturae</strong></span> <span class='ocrx_word' id='word_1_189' title='bbox 921 3019 1127 3098; x_wconf 86' lang='lat' dir='ltr'><strong>assequatur,</strong></span> <span class='ocrx_word' id='word_1_190' title='bbox 1162 3037 1235 3082; x_wconf 89' lang='lat' dir='ltr'><strong>eam</strong></span> <span class='ocrx_word' id='word_1_191' title='bbox 1265 3015 1485 3083; x_wconf 90' lang='lat' dir='ltr'><strong>abstrahendo</strong></span> <span class='ocrx_word' id='word_1_192' title='bbox 1516 3039 1536 3084; x_wconf 91' lang='lat' dir='ltr'><strong>a</strong></span> 
     </span>
     <span class='ocr_line' id='line_1_23' title="bbox 288 3120 1535 3210; baseline 0.002 -24"><span class='ocrx_word' id='word_1_193' title='bbox 288 3120 433 3203; x_wconf 87' lang='lat' dir='ltr'><strong>coguitis</strong></span> <span class='ocrx_word' id='word_1_194' title='bbox 456 3121 593 3206; x_wconf 90' lang='lat' dir='ltr'><strong>primum</strong></span> <span class='ocrx_word' id='word_1_195' title='bbox 615 3122 869 3206; x_wconf 84' lang='lat' dir='ltr'><strong>particularibus</strong></span> <span class='ocrx_word' id='word_1_196' title='bbox 886 3146 949 3210; x_wconf 83' lang='lat' dir='ltr'><strong>quo</strong></span> <span class='ocrx_word' id='word_1_197' title='bbox 964 3132 1046 3188; x_wconf 84' lang='lat' dir='ltr'><strong>recte</strong></span> <span class='ocrx_word' id='word_1_198' title='bbox 1061 3123 1116 3188; x_wconf 91' lang='lat' dir='ltr'><strong>vel</strong></span> <span class='ocrx_word' id='word_1_199' title='bbox 1130 3146 1195 3188; x_wconf 84' lang='lat' dir='ltr'><strong>rrorr</strong></span> <span class='ocrx_word' id='word_1_200' title='bbox 1209 3129 1290 3188; x_wconf 84' lang='lat' dir='ltr'><strong>recte</strong></span> <span class='ocrx_word' id='word_1_201' title='bbox 1305 3125 1475 3189; x_wconf 80' lang='lat' dir='ltr'><strong>ordinatis,</strong></span> <span class='ocrx_word' id='word_1_202' title='bbox 1492 3158 1535 3168; x_wconf 95' lang='lat'><em>-</em></span> 
     </span>
     <span class='ocr_line' id='line_1_24' title="bbox 287 3225 1536 3311; baseline 0.004 -21"><span class='ocrx_word' id='word_1_203' title='bbox 287 3229 320 3292; x_wconf 83' lang='lat'><strong>4.</strong></span> <span class='ocrx_word' id='word_1_204' title='bbox 351 3225 458 3308; x_wconf 85' lang='lat' dir='ltr'><strong>Igitur</strong></span> <span class='ocrx_word' id='word_1_205' title='bbox 487 3227 572 3295; x_wconf 87' lang='lat' dir='ltr'><strong>ratio</strong></span> <span class='ocrx_word' id='word_1_206' title='bbox 601 3227 750 3311; x_wconf 87' lang='lat' dir='ltr'><strong>practica</strong></span> <span class='ocrx_word' id='word_1_207' title='bbox 772 3228 806 3292; x_wconf 92' lang='lat' dir='ltr'><strong>in</strong></span> <span class='ocrx_word' id='word_1_208' title='bbox 836 3228 934 3294; x_wconf 84' lang='lat' dir='ltr'><strong>sensu</strong></span> <span class='ocrx_word' id='word_1_209' title='bbox 962 3229 1095 3295; x_wconf 87' lang='lat' dir='ltr'><strong>theseos</strong></span> <span class='ocrx_word' id='word_1_210' title='bbox 1118 3227 1326 3294; x_wconf 87' lang='lat' dir='ltr'><strong>considerata</strong></span> <span class='ocrx_word' id='word_1_211' title='bbox 1347 3228 1434 3293; x_wconf 90' lang='lat' dir='ltr'><strong>idem</strong></span> <span class='ocrx_word' id='word_1_212' title='bbox 1457 3228 1536 3295; x_wconf 91' lang='lat' dir='ltr'><strong>dicit</strong></span> 
     </span>
     <span class='ocr_line' id='line_1_25' title="bbox 289 3334 1537 3421; baseline 0.002 -23"><span class='ocrx_word' id='word_1_213' title='bbox 289 3354 331 3398; x_wconf 90' lang='lat' dir='ltr'><strong>ac</strong></span> <span class='ocrx_word' id='word_1_214' title='bbox 361 3335 438 3399; x_wconf 89' lang='lat' dir='ltr'><strong>ordo</strong></span> <span class='ocrx_word' id='word_1_215' title='bbox 466 3335 675 3421; x_wconf 81' lang='lat' dir='ltr'><strong>operabilr&#39;um</strong></span> <span class='ocrx_word' id='word_1_216' title='bbox 706 3337 898 3400; x_wconf 79' lang='lat' dir='ltr'><strong>unirersolr&#39;s</strong></span> <span class='ocrx_word' id='word_1_217' title='bbox 926 3335 1083 3401; x_wconf 81' lang='lat' dir='ltr'><strong>euidenter</strong></span> <span class='ocrx_word' id='word_1_218' title='bbox 1106 3337 1202 3400; x_wconf 79' lang='lat' dir='ltr'><strong>menti</strong></span> <span class='ocrx_word' id='word_1_219' title='bbox 1223 3337 1428 3416; x_wconf 81' lang='lat' dir='ltr'><strong>innotescens,</strong></span> <span class='ocrx_word' id='word_1_220' title='bbox 1460 3334 1537 3417; x_wconf 90' lang='lat' dir='ltr'><strong>quia</strong></span> 
     </span>
     <span class='ocr_line' id='line_1_26' title="bbox 289 3439 1536 3522; baseline 0.001 -18"><span class='ocrx_word' id='word_1_221' title='bbox 289 3459 349 3522; x_wconf 92' lang='lat' dir='ltr'><strong>per</strong></span> <span class='ocrx_word' id='word_1_222' title='bbox 372 3439 457 3506; x_wconf 91' lang='lat' dir='ltr'><strong>huuc</strong></span> <span class='ocrx_word' id='word_1_223' title='bbox 480 3441 539 3507; x_wconf 88' lang='lat' dir='ltr'><strong>illa</strong></span> <span class='ocrx_word' id='word_1_224' title='bbox 567 3439 793 3518; x_wconf 89' lang='lat' dir='ltr'><strong>,essentialem</strong></span> <span class='ocrx_word' id='word_1_225' title='bbox 817 3443 956 3507; x_wconf 89' lang='lat' dir='ltr'><strong>naturae</strong></span> <span class='ocrx_word' id='word_1_226' title='bbox 980 3441 1193 3506; x_wconf 89' lang='lat' dir='ltr'><strong>directionem</strong></span> <span class='ocrx_word' id='word_1_227' title='bbox 1218 3440 1382 3507; x_wconf 79' lang='lat' dir='ltr'><strong>exhibet“.</strong></span> <span class='ocrx_word' id='word_1_228' title='bbox 1422 3439 1536 3506; x_wconf 82' lang='lat' dir='ltr'><strong>Eidem</strong></span> 
     </span>
     <span class='ocr_line' id='line_1_27' title="bbox 288 3545 1537 3631; baseline 0.002 -22"><span class='ocrx_word' id='word_1_229' title='bbox 288 3545 445 3612; x_wconf 84' lang='lat' dir='ltr'><strong>substitui</strong></span> <span class='ocrx_word' id='word_1_230' title='bbox 474 3551 642 3629; x_wconf 89' lang='lat' dir='ltr'><strong>tamquam</strong></span> <span class='ocrx_word' id='word_1_231' title='bbox 672 3546 840 3630; x_wconf 84' lang='lat' dir='ltr'><strong>expressio</strong></span> <span class='ocrx_word' id='word_1_232' title='bbox 869 3547 1004 3614; x_wconf 91' lang='lat' dir='ltr'><strong>realiter</strong></span> <span class='ocrx_word' id='word_1_233' title='bbox 1026 3547 1169 3613; x_wconf 89' lang='lat' dir='ltr'><strong>identica</strong></span> <span class='ocrx_word' id='word_1_234' title='bbox 1191 3551 1346 3631; x_wconf 89' lang='lat' dir='ltr'><strong>possunt:</strong></span> <span class='ocrx_word' id='word_1_235' title='bbox 1379 3548 1537 3612; x_wconf 76' lang='lat' dir='ltr'><strong>cvidmrtio</strong></span> 
     </span>
     <span class='ocr_line' id='line_1_28' title="bbox 290 3652 1536 3740; baseline 0.001 -24"><span class='ocrx_word' id='word_1_236' title='bbox 290 3655 428 3718; x_wconf 75' lang='lat' dir='ltr'><strong>rationis</strong></span> <span class='ocrx_word' id='word_1_237' title='bbox 450 3656 610 3738; x_wconf 76' lang='lat' dir='ltr'><strong>practicae</strong></span> <span class='ocrx_word' id='word_1_238' title='bbox 629 3655 804 3740; x_wconf 84' lang='lat' dir='ltr'><strong>principio,</strong></span> <span class='ocrx_word' id='word_1_239' title='bbox 833 3655 948 3737; x_wconf 87' lang='lat' dir='ltr'><strong>utpote</strong></span> <span class='ocrx_word' id='word_1_240' title='bbox 971 3674 1056 3736; x_wconf 92' lang='lat' dir='ltr'><strong>quae</strong></span> <span class='ocrx_word' id='word_1_241' title='bbox 1079 3652 1188 3719; x_wconf 91' lang='lat' dir='ltr'><strong>omnia</strong></span> <span class='ocrx_word' id='word_1_242' title='bbox 1211 3653 1340 3718; x_wconf 91' lang='lat' dir='ltr'><strong>demum</strong></span> <span class='ocrx_word' id='word_1_243' title='bbox 1364 3653 1405 3718; x_wconf 94' lang='lat' dir='ltr'><strong>ad</strong></span> <span class='ocrx_word' id='word_1_244' title='bbox 1429 3652 1536 3718; x_wconf 92' lang='lat' dir='ltr'><strong>obiec-</strong></span> 
     </span>
     <span class='ocr_line' id='line_1_29' title="bbox 287 3757 1538 3839; baseline 0.002 -17"><span class='ocrx_word' id='word_1_245' title='bbox 287 3757 394 3823; x_wconf 85' lang='lat' dir='ltr'><strong>tivam</strong></span> <span class='ocrx_word' id='word_1_246' title='bbox 419 3759 617 3827; x_wconf 88' lang='lat' dir='ltr'><strong>evidentiam</strong></span> <span class='ocrx_word' id='word_1_247' title='bbox 641 3760 785 3826; x_wconf 90' lang='lat' dir='ltr'><strong>eiusdem</strong></span> <span class='ocrx_word' id='word_1_248' title='bbox 808 3759 896 3824; x_wconf 92' lang='lat' dir='ltr'><strong>illius</strong></span> <span class='ocrx_word' id='word_1_249' title='bbox 920 3759 1116 3826; x_wconf 87' lang='lat' dir='ltr'><strong>universalis</strong></span> <span class='ocrx_word' id='word_1_250' title='bbox 1131 3758 1254 3825; x_wconf 90' lang='lat' dir='ltr'><strong>ordinis</strong></span> <span class='ocrx_word' id='word_1_251' title='bbox 1269 3759 1478 3839; x_wconf 89' lang='lat' dir='ltr'><strong>reducuntur,</strong></span> <span class='ocrx_word' id='word_1_252' title='bbox 1503 3762 1538 3825; x_wconf 88' lang='lat' dir='ltr'><strong>et</strong></span> 
     </span>
     <span class='ocr_line' id='line_1_30' title="bbox 289 3865 1536 3944; baseline 0 -14"><span class='ocrx_word' id='word_1_253' title='bbox 289 3865 500 3932; x_wconf 89' lang='lat' dir='ltr'><strong>essentialem</strong></span> <span class='ocrx_word' id='word_1_254' title='bbox 530 3865 766 3934; x_wconf 87' lang='lat' dir='ltr'><strong>rationalitatis</strong></span> <span class='ocrx_word' id='word_1_255' title='bbox 790 3867 1016 3932; x_wconf 89' lang='lat' dir='ltr'><strong>characterem</strong></span> <span class='ocrx_word' id='word_1_256' title='bbox 1040 3865 1252 3932; x_wconf 87' lang='lat' dir='ltr'><strong>constituunt.</strong></span> <span class='ocrx_word' id='word_1_257' title='bbox 1292 3865 1399 3944; x_wconf 81' lang='lat' dir='ltr'><strong>Quare</strong></span> <span class='ocrx_word' id='word_1_258' title='bbox 1421 3866 1536 3931; x_wconf 90' lang='lat' dir='ltr'><strong>eadem</strong></span> 
     </span>
     <span class='ocr_line' id='line_1_31' title="bbox 289 3971 1537 4056; baseline 0 -19"><span class='ocrx_word' id='word_1_259' title='bbox 289 3971 428 4038; x_wconf 89' lang='lat' dir='ltr'><strong>rationis</strong></span> <span class='ocrx_word' id='word_1_260' title='bbox 458 3972 623 4056; x_wconf 88' lang='lat' dir='ltr'><strong>practicae</strong></span> <span class='ocrx_word' id='word_1_261' title='bbox 652 3971 861 4038; x_wconf 90' lang='lat' dir='ltr'><strong>obiectivitas</strong></span> <span class='ocrx_word' id='word_1_262' title='bbox 884 3972 1160 4056; x_wconf 89' lang='lat' dir='ltr'><strong>subintellegitur,</strong></span> <span class='ocrx_word' id='word_1_263' title='bbox 1191 3973 1319 4055; x_wconf 90' lang='lat' dir='ltr'><strong>quoties</strong></span> <span class='ocrx_word' id='word_1_264' title='bbox 1341 3972 1376 4037; x_wconf 92' lang='lat' dir='ltr'><strong>in</strong></span> <span class='ocrx_word' id='word_1_265' title='bbox 1398 3994 1459 4037; x_wconf 90' lang='lat' dir='ltr'><strong>usu</strong></span> <span class='ocrx_word' id='word_1_266' title='bbox 1482 3993 1537 4037; x_wconf 92' lang='lat' dir='ltr'><strong>co·</strong></span> 
     </span>
     <span class='ocr_line' id='line_1_32' title="bbox 289 4077 1538 4163; baseline 0 -19"><span class='ocrx_word' id='word_1_267' title='bbox 289 4079 415 4144; x_wconf 92' lang='lat' dir='ltr'><strong>tidiano</strong></span> <span class='ocrx_word' id='word_1_268' title='bbox 440 4079 558 4162; x_wconf 86' lang='lat' dir='ltr'><strong>aliquis</strong></span> <span class='ocrx_word' id='word_1_269' title='bbox 581 4079 699 4163; x_wconf 89' lang='lat' dir='ltr'><strong>agendi</strong></span> <span class='ocrx_word' id='word_1_270' title='bbox 722 4079 837 4144; x_wconf 91' lang='lat' dir='ltr'><strong>modus</strong></span> <span class='ocrx_word' id='word_1_271' title='bbox 861 4077 1025 4146; x_wconf 90' lang='lat' dir='ltr'><strong>iudicatur</strong></span> <span class='ocrx_word' id='word_1_272' title='bbox 1048 4100 1121 4145; x_wconf 88' lang='lat' dir='ltr'><strong>esse</strong></span> <span class='ocrx_word' id='word_1_273' title='bbox 1141 4079 1336 4159; x_wconf 92' lang='lat' dir='ltr'><strong>,secundum</strong></span> <span class='ocrx_word' id='word_1_274' title='bbox 1353 4079 1406 4144; x_wconf 93' lang='lat' dir='ltr'><strong>vel</strong></span> <span class='ocrx_word' id='word_1_275' title='bbox 1422 4084 1538 4145; x_wconf 89' lang='lat' dir='ltr'><strong>contra</strong></span> 
     </span>
     <span class='ocr_line' id='line_1_33' title="bbox 289 4183 812 4268; baseline 0 -18"><span class='ocrx_word' id='word_1_276' title='bbox 289 4185 485 4252; x_wconf 83' lang='lat' dir='ltr'><strong>rationem“.</strong></span> <span class='ocrx_word' id='word_1_277' title='bbox 514 4183 574 4266; x_wconf 79' lang='lat' dir='ltr'><strong>(uf.</strong></span> <span class='ocrx_word' id='word_1_278' title='bbox 599 4207 630 4251; x_wconf 92' lang='lat' dir='ltr'><strong>n.</strong></span> <span class='ocrx_word' id='word_1_279' title='bbox 655 4185 812 4268; x_wconf 78' lang='lat'><strong>43-47.)</strong></span> 
     </span>
    </p>

    <p class='ocr_par' dir='ltr' id='par_1_3' title="bbox 380 4297 1160 4388">
     <span class='ocr_line' id='line_1_34' title="bbox 380 4297 1160 4388; baseline -0.001 -20"><span class='ocrx_word' id='word_1_280' title='bbox 380 4297 540 4371; x_wconf 79' lang='lat' dir='ltr'><strong>Probatur</strong></span> <span class='ocrx_word' id='word_1_281' title='bbox 562 4317 639 4388; x_wconf 76' lang='lat' dir='ltr'><strong>pure</strong></span> <span class='ocrx_word' id='word_1_282' title='bbox 661 4297 685 4370; x_wconf 90' lang='lat' dir='ltr'><strong>l.</strong></span> <span class='ocrx_word' id='word_1_283' title='bbox 735 4301 904 4382; x_wconf 80' lang='lat' dir='ltr'><strong>„Prorime</strong></span> <span class='ocrx_word' id='word_1_284' title='bbox 929 4353 935 4366; x_wconf 95' lang='lat'>.</span> <span class='ocrx_word' id='word_1_285' title='bbox 963 4354 969 4366; x_wconf 91' lang='lat'>.</span> <span class='ocrx_word' id='word_1_286' title='bbox 996 4353 1003 4366; x_wconf 90' lang='lat'><strong>.</strong></span> <span class='ocrx_word' id='word_1_287' title='bbox 1029 4299 1160 4367; x_wconf 56' lang='lat' dir='ltr'><strong>essetf</strong></span> 
     </span>
    </p>

    <p class='ocr_par' dir='ltr' id='par_1_4' title="bbox 291 4404 1538 5020">
     <span class='ocr_line' id='line_1_35' title="bbox 382 4404 1536 4492; baseline -0.001 -19"><span class='ocrx_word' id='word_1_288' title='bbox 382 4406 565 4474; x_wconf 87' lang='lat' dir='ltr'><strong>Secundum</strong></span> <span class='ocrx_word' id='word_1_289' title='bbox 588 4407 742 4489; x_wconf 89' lang='lat' dir='ltr'><strong>generale</strong></span> <span class='ocrx_word' id='word_1_290' title='bbox 764 4407 957 4492; x_wconf 91' lang='lat' dir='ltr'><strong>principium</strong></span> <span class='ocrx_word' id='word_1_291' title='bbox 978 4406 1230 4490; x_wconf 88' lang='lat' dir='ltr'><strong>cosmologicum</strong></span> <span class='ocrx_word' id='word_1_292' title='bbox 1247 4404 1402 4486; x_wconf 81' lang='lat' dir='ltr'><strong>(Axioma</strong></span> <span class='ocrx_word' id='word_1_293' title='bbox 1417 4405 1536 4486; x_wconf 84' lang='lat' dir='ltr'><strong>XXIV,</strong></span> 
     </span>
     <span class='ocr_line' id='line_1_36' title="bbox 291 4511 1536 4599; baseline -0.002 -19"><span class='ocrx_word' id='word_1_294' title='bbox 291 4535 323 4582; x_wconf 91' lang='lat' dir='ltr'><strong>n.</strong></span> <span class='ocrx_word' id='word_1_295' title='bbox 348 4515 405 4596; x_wconf 82' lang='lat'><strong>32)</strong></span> <span class='ocrx_word' id='word_1_296' title='bbox 431 4519 571 4594; x_wconf 65' lang='lat' dir='ltr'><strong>,nmero</strong></span> <span class='ocrx_word' id='word_1_297' title='bbox 595 4515 746 4599; x_wconf 82' lang='lat' dir='ltr'><strong>cuiusque</strong></span> <span class='ocrx_word' id='word_1_298' title='bbox 769 4517 849 4580; x_wconf 80' lang='lat' dir='ltr'><strong>catis</strong></span> <span class='ocrx_word' id='word_1_299' title='bbox 873 4521 917 4579; x_wconf 83' lang='lat' dir='ltr'><strong>rat</strong></span> <span class='ocrx_word' id='word_1_300' title='bbox 940 4517 1050 4599; x_wconf 75' lang='lat' dir='ltr'><strong>reputa</strong></span> <span class='ocrx_word' id='word_1_301' title='bbox 1072 4511 1254 4594; x_wconf 81' lang='lat' dir='ltr'><strong>(obiectioo)</strong></span> <span class='ocrx_word' id='word_1_302' title='bbox 1273 4513 1424 4597; x_wconf 77' lang='lat' dir='ltr'><strong>proxima</strong></span> <span class='ocrx_word' id='word_1_303' title='bbox 1446 4516 1536 4578; x_wconf 84' lang='lat' dir='ltr'><strong>recti·</strong></span> 
     </span>
     <span class='ocr_line' id='line_1_37' title="bbox 291 4617 1538 4704; baseline -0.001 -18"><span class='ocrx_word' id='word_1_304' title='bbox 291 4621 416 4686; x_wconf 78' lang='lat' dir='ltr'><strong>tudinis</strong></span> <span class='ocrx_word' id='word_1_305' title='bbox 436 4639 497 4704; x_wconf 87' lang='lat' dir='ltr'><strong>pro</strong></span> <span class='ocrx_word' id='word_1_306' title='bbox 520 4621 606 4683; x_wconf 84' lang='lat' dir='ltr'><strong>omor&#39;</strong></span> <span class='ocrx_word' id='word_1_307' title='bbox 628 4621 697 4684; x_wconf 82' lang='lat' dir='ltr'><strong>cius</strong></span> <span class='ocrx_word' id='word_1_308' title='bbox 720 4622 842 4684; x_wconf 80' lang='lat' dir='ltr'><strong>actione</strong></span> <span class='ocrx_word' id='word_1_309' title='bbox 864 4617 1042 4701; x_wconf 80' lang='lat' dir='ltr'><strong>natarali“,</strong></span> <span class='ocrx_word' id='word_1_310' title='bbox 1066 4617 1087 4684; x_wconf 92' lang='lat' dir='ltr'><strong>i.</strong></span> <span class='ocrx_word' id='word_1_311' title='bbox 1110 4639 1138 4684; x_wconf 92' lang='lat' dir='ltr'><strong>e.</strong></span> <span class='ocrx_word' id='word_1_312' title='bbox 1162 4621 1255 4683; x_wconf 89' lang='lat' dir='ltr'><strong>rocta</strong></span> <span class='ocrx_word' id='word_1_313' title='bbox 1278 4621 1336 4683; x_wconf 88' lang='lat' dir='ltr'><strong>aut</strong></span> <span class='ocrx_word' id='word_1_314' title='bbox 1358 4639 1424 4683; x_wconf 92' lang='lat' dir='ltr'><strong>uon</strong></span> <span class='ocrx_word' id='word_1_315' title='bbox 1446 4623 1538 4685; x_wconf 92' lang='lat' dir='ltr'><strong>recta</strong></span> 
     </span>
     <span class='ocr_line' id='line_1_38' title="bbox 291 4723 1536 4810; baseline -0.001 -18"><span class='ocrx_word' id='word_1_316' title='bbox 291 4725 429 4810; x_wconf 85' lang='lat' dir='ltr'><strong>quaevis</strong></span> <span class='ocrx_word' id='word_1_317' title='bbox 451 4723 539 4788; x_wconf 89' lang='lat' dir='ltr'><strong>illius</strong></span> <span class='ocrx_word' id='word_1_318' title='bbox 562 4723 647 4790; x_wconf 87' lang='lat' dir='ltr'><strong>actio</strong></span> <span class='ocrx_word' id='word_1_319' title='bbox 672 4727 733 4802; x_wconf 87' lang='lat' dir='ltr'><strong>est,</strong></span> <span class='ocrx_word' id='word_1_320' title='bbox 756 4729 855 4808; x_wconf 88' lang='lat' dir='ltr'><strong>prout</strong></span> <span class='ocrx_word' id='word_1_321' title='bbox 878 4727 1017 4790; x_wconf 88' lang='lat' dir='ltr'><strong>naturae</strong></span> <span class='ocrx_word' id='word_1_322' title='bbox 1036 4723 1213 4788; x_wconf 83' lang='lat' dir='ltr'><strong>conformis</strong></span> <span class='ocrx_word' id='word_1_323' title='bbox 1229 4725 1281 4788; x_wconf 90' lang='lat' dir='ltr'><strong>est</strong></span> <span class='ocrx_word' id='word_1_324' title='bbox 1297 4727 1355 4790; x_wconf 93' lang='lat' dir='ltr'><strong>aut</strong></span> <span class='ocrx_word' id='word_1_325' title='bbox 1370 4724 1536 4791; x_wconf 76' lang='lat' dir='ltr'><strong>diffamia.</strong></span> 
     </span>
     <span class='ocr_line' id='line_1_39' title="bbox 292 4828 1537 4914; baseline -0.001 -15"><span class='ocrx_word' id='word_1_326' title='bbox 292 4831 424 4900; x_wconf 87' lang='lat' dir='ltr'><strong>Natura</strong></span> <span class='ocrx_word' id='word_1_327' title='bbox 453 4830 573 4914; x_wconf 87' lang='lat' dir='ltr'><strong>quippe</strong></span> <span class='ocrx_word' id='word_1_328' title='bbox 601 4833 652 4896; x_wconf 90' lang='lat' dir='ltr'><strong>est</strong></span> <span class='ocrx_word' id='word_1_329' title='bbox 680 4829 877 4914; x_wconf 91' lang='lat' dir='ltr'><strong>ipsissimum</strong></span> <span class='ocrx_word' id='word_1_330' title='bbox 908 4830 1100 4914; x_wconf 91' lang='lat' dir='ltr'><strong>principium</strong></span> <span class='ocrx_word' id='word_1_331' title='bbox 1131 4828 1315 4895; x_wconf 87' lang='lat' dir='ltr'><strong>formaliter</strong></span> <span class='ocrx_word' id='word_1_332' title='bbox 1344 4829 1537 4898; x_wconf 88' lang='lat' dir='ltr'><strong>directivum</strong></span> 
     </span>
     <span class='ocr_line' id='line_1_40' title="bbox 292 4934 1538 5020; baseline -0.002 -16"><span class='ocrx_word' id='word_1_333' title='bbox 292 4937 335 5004; x_wconf 89' lang='lat' dir='ltr'><strong>ad</strong></span> <span class='ocrx_word' id='word_1_334' title='bbox 357 4939 454 5003; x_wconf 91' lang='lat' dir='ltr'><strong>finem</strong></span> <span class='ocrx_word' id='word_1_335' title='bbox 478 4935 548 5002; x_wconf 90' lang='lat' dir='ltr'><strong>enti</strong></span> <span class='ocrx_word' id='word_1_336' title='bbox 570 4955 591 5002; x_wconf 90' lang='lat' dir='ltr'><strong>a</strong></span> <span class='ocrx_word' id='word_1_337' title='bbox 607 4939 757 5003; x_wconf 87' lang='lat' dir='ltr'><strong>creatore</strong></span> <span class='ocrx_word' id='word_1_338' title='bbox 772 4937 953 5020; x_wconf 84' lang='lat' dir='ltr'><strong>praefixum</strong></span> <span class='ocrx_word' id='word_1_339' title='bbox 970 4935 1127 5019; x_wconf 85' lang='lat' dir='ltr'><strong>(Axioma</strong></span> <span class='ocrx_word' id='word_1_340' title='bbox 1141 4935 1181 5016; x_wconf 89' lang='grc' dir='ltr'><strong>Ι).</strong></span> <span class='ocrx_word' id='word_1_341' title='bbox 1212 4934 1353 5000; x_wconf 88' lang='lat' dir='ltr'><strong>Proinde</strong></span> <span class='ocrx_word' id='word_1_342' title='bbox 1368 4940 1403 5002; x_wconf 89' lang='lat' dir='ltr'><strong>et</strong></span> <span class='ocrx_word' id='word_1_343' title='bbox 1417 4946 1538 5002; x_wconf 82' lang='lat' dir='ltr'><strong>actura</strong></span> 
     </span>
    </p>
   </div>
   <div class='ocr_carea' id='block_1_3' title="bbox 292 5039 1538 5207">
    <p class='ocr_par' dir='ltr' id='par_1_5' title="bbox 292 5039 1538 5207">
     <span class='ocr_line' id='line_1_41' title="bbox 292 5039 1538 5126; baseline -0.001 -16"><span class='ocrx_word' id='word_1_344' title='bbox 292 5045 436 5110; x_wconf 77' lang='lat' dir='ltr'><strong>humano</strong></span> <span class='ocrx_word' id='word_1_345' title='bbox 458 5045 629 5109; x_wconf 83' lang='lat' dir='ltr'><strong>rationalia</strong></span> <span class='ocrx_word' id='word_1_346' title='bbox 653 5062 712 5126; x_wconf 86' lang='lat' dir='ltr'><strong>pro</strong></span> <span class='ocrx_word' id='word_1_347' title='bbox 735 5063 795 5108; x_wconf 90' lang='lat' dir='ltr'><strong>sua</strong></span> <span class='ocrx_word' id='word_1_348' title='bbox 818 5041 908 5108; x_wconf 89' lang='lat' dir='ltr'><strong>finali</strong></span> <span class='ocrx_word' id='word_1_349' title='bbox 932 5041 1110 5109; x_wconf 87' lang='lat' dir='ltr'><strong>directione</strong></span> <span class='ocrx_word' id='word_1_350' title='bbox 1131 5039 1267 5107; x_wconf 89' lang='lat' dir='ltr'><strong>dicenda</strong></span> <span class='ocrx_word' id='word_1_351' title='bbox 1283 5044 1335 5106; x_wconf 89' lang='lat' dir='ltr'><strong>est</strong></span> <span class='ocrx_word' id='word_1_352' title='bbox 1349 5043 1466 5126; x_wconf 86' lang='lat' dir='ltr'><strong>regula</strong></span> <span class='ocrx_word' id='word_1_353' title='bbox 1481 5044 1538 5109; x_wconf 94' lang='lat' dir='ltr'><strong>ob·</strong></span> 
     </span>
     <span class='ocr_line' id='line_1_42' title="bbox 345 5146 1329 5207; baseline -0.008 -10"><span class='ocrx_word' id='word_1_354' title='bbox 345 5153 506 5207; x_wconf 79' lang='lat' dir='ltr'><strong>lleyer,1ua</strong></span> <span class='ocrx_word' id='word_1_355' title='bbox 520 5151 630 5194; x_wconf 77' lang='lat' dir='ltr'><strong>naturale.</strong></span> <span class='ocrx_word' id='word_1_356' title='bbox 651 5153 668 5196; x_wconf 88' lang='lat' dir='ltr'><strong>l.</strong></span> <span class='ocrx_word' id='word_1_357' title='bbox 689 5151 728 5195; x_wconf 82' lang='lat' dir='ltr'><strong>Ed.</strong></span> <span class='ocrx_word' id='word_1_358' title='bbox 742 5152 762 5194; x_wconf 81' lang='grc'><strong>2.</strong></span> <span class='ocrx_word' id='word_1_359' title='bbox 1297 5146 1329 5199; x_wconf 83' lang='lat'><strong>11</strong></span> 
     </span>
    </p>
   </div>
   <div class='ocr_carea' id='block_1_4' title="bbox 0 0 1972 5842">
    <p class='ocr_par' dir='ltr' id='par_1_6' title="bbox 0 0 1972 5842">
     <span class='ocr_line' id='line_1_43' title="bbox 0 0 1972 5842; baseline 0 0"><span class='ocrx_word' id='word_1_360' title='bbox 0 0 1972 5842; x_wconf 95' lang='lat' dir='ltr'><strong> </strong></span> 
     </span>
    </p>
   </div>
  </div>
 </body>
</html>
