3909 5842
441 687 505 750 240
655 683 745 739 Sestio
765 685 783 738 l.
821 683 902 739 Liber
919 685 966 740 ΙΙΙ.
1005 686 1094 757 Caput
1113 686 1145 740 11.
1184 685 1322 742 Articulus
1341 687 1366 741 5.
1405 687 1465 756 51.

440 857 672 920 essentialiter
692 858 889 936 innotescit,
912 863 951 921 ut
972 859 1268 924 universalissima
1289 861 1473 942 (‚‚prima“)
1496 861 1570 924 eius
1593 879 1680 939 prae·

440 959 538 1031 cepta
551 955 829 1032 nullatenus,
850 956 893 1018 ab
909 957 963 1019 his
977 957 1130 1034 proxime
1145 957 1299 1023 derivata
1313 959 1595 1039 („seouudaria“)
1610 977 1679 1022 non

439 1050 528 1112 nisi
557 1051 840 1114 vincibiliter
869 1052 1025 1132 ignorari
1057 1058 1203 1132 queant3
1233 1055 1456 1131 particulares
1486 1061 1603 1119 tamen
1634 1056 1681 1120 vel

439 1147 638 1210 remotiores
659 1148 738 1210 inde
759 1147 880 1211 (luctae
901 1149 1139 1214 conclusiones
1161 1149 1404 1214 accidentalem
1419 1169 1570 1216 errorem
1585 1154 1682 1216 etiam

437 1244 670 1308 invincibilem
691 1262 762 1306 uon
782 1245 976 1308 excludant.

528 1362 834 1432 Praeuotauda.
867 1364 983 1430 Thesis
1007 1365 1114 1446 quoad
1138 1366 1185 1430 rei
1209 1367 1427 1433 substantiam
1443 1367 1549 1434 refert
1565 1369 1684 1436 doetri-

438 1487 515 1534 nam
540 1469 572 1536 S.
597 1469 743 1536 Thomas
767 1470 813 1553 (S.
838 1471 937 1538 theol.
964 1475 994 1550 1,
1021 1475 1051 1541 2.
1076 1493 1106 1553 q.
1132 1475 1175 1538 94
1199 1493 1228 1539 a.
1254 1477 1274 1537 4
1298 1479 1332 1540 et
1356 1477 1392 1546 6:
1425 1477 1559 1557 q.-100‚
1586 1495 1617 1540 a.
1646 1475 1684 1556 1).

527 1575 696 1658 Duplioem
712 1577 799 1642 enim
815 1578 953 1642 classem
970 1581 1221 1661 praeceptorum
1235 1578 1320 1662 lagia
1336 1579 1496 1646 naturalis
1513 1581 1544 1647 S.
1562 1581 1686 1648 Doctor

438 1679 627 1764 distinguit:
654 1686 682 1748 1.
706 1682 889 1767 Praecepta
914 1683 1060 1769 „pared
1088 1704 1145 1750 seu
1170 1685 1400 1768 „eernmenio“,
1425 1707 1580 1770 suprema
1597 1688 1686 1752 vide-

436 1787 517 1852 licet
539 1792 574 1854 et
597 1788 877 1855 universalissima
900 1789 983 1871 legis
1008 1789 1177 1874 principia,
1202 1812 1221 1856 e
1244 1791 1360 1873 quibus
1384 1797 1550 1875 tamquam
1569 1815 1631 1878 per
1654 1816 1686 1860 se

437 1893 524 1960 notis
546 1895 674 1977 reliqua
690 1895 799 1960 omnia
813 1917 873 1979 per
886 1895 1018 1961 modurn
1034 1896 1250 1962 conclusionis
1268 1897 1457 1964 deriventur
1473 1919 1609 1965 necesse
1626 1905 1685 1966 est.

437 1999 482 2066 Et
504 1998 586 2066 haee
609 2001 748 2082 quidem,
772 2002 836 2068 atei
860 2022 899 2067 eo
922 2023 1020 2068 sensu
1044 2003 1140 2086 plura
1163 2008 1387 2082 numerantur,
1412 2025 1475 2085 quo
1499 2011 1534 2071 et
1556 2006 1591 2071 in
1613 2028 1687 2090 spe

436 2105 590 2171 eulativis
614 2106 709 2190 plura
736 2105 840 2188 prima
867 2106 1027 2191 principia
1052 2107 1314 2175 demonstrativa
1338 2109 1602 2192 distinguuntur,
1635 2134 1686 2178 re·
1767 2193 1768 2200 ἶ

437 2213 568 2278 ductive
583 2219 695 2280 tamen
710 2213 743 2278 in
760 2237 859 2281 eoum
875 2221 1003 2292 coeunt,
1029 2215 1115 2297 quod
1131 2217 1175 2282 sit
1191 2217 1286 2282 radix
1304 2219 1483 2283 communie
1506 2219 1655 2284 emnium
1666 2223 1685 2284 ¹.
1767 2219 1768 2224 ’

437 2322 467 2384 2.
492 2321 667 2405 Praecepta
695 2323 917 2405 „secundaria
948 2324 1051 2406 meqia
1078 2327 1228 2408 proprie,
1260 2344 1345 2405 quae
1376 2329 1453 2390 sunt
1484 2324 1577 2406 quasi
1612 2347 1686 2390 eeu-

436 2425 597 2492 clusioues
619 2427 823 2511 propinquae
845 2427 1045 2512 principiis“.
1085 2428 1247 2496 Dicuntur
1272 2434 1394 2514 „mepta
1415 2429 1584 2516 proprw,
1610 2431 1686 2514 quia

435 2533 630 2600 rationalem
661 2535 817 2610 ordinem,
849 2557 945 2618 quem
974 2540 1155 2620 praecepta
1181 2536 1287 2620 prima
1311 2536 1571 2602 communissima
1597 2559 1686 2604 eom-

435 2640 651 2722 prehenduut‚
675 2643 740 2707 iam
764 2642 807 2708 ad
830 2643 974 2726 aliquam
997 2646 1163 2729 specialem
1185 2643 1358 2710 materiam
1379 2644 1432 2709 vel
1449 2643 1491 2710 ed
1507 2645 1685 2728 specialem

434 2749 575 2810 naturae
598 2747 770 2812 rationalis
793 2752 990 2832 respectum,
1015 2770 1079 2814 nou
1102 2749 1263 2816 tamenin
1279 2748 1456 2828 individuo,
1481 2751 1537 2816 sed
1553 2773 1686 2836 patero

436 2853 508 2916 liler
522 2853 700 2935 applicant.
737 2854 844 2930 Quare
860 2861 895 2922 et
909 2855 985 2934 ista,
1010 2856 1141 2924 tametsi
1158 2877 1223 2922 nou
1239 2857 1498 2939 generalissime,
1516 2859 1685 2941 generalia

436 2959 546 3022 tamen
570 2957 653 3039 legis
671 2963 839 3045 principio
863 2961 1028 3027 exhibent.
1069 2962 1262 3028 Huiusmodi
1285 2967 1363 3029 suut
1386 2968 1564 3048 praecepte
1587 2965 1684 3031 deca-

434 3062 513 3146 logi,
537 3069 699 3146 quatenus
721 3067 755 3131 iu
777 3073 898 3133 natura
920 3068 1060 3134 fundata
1084 3089 1157 3134 esse
1179 3068 1426 3152 intelleguntur.
1471 3069 1516 3135 Et
1538 3071 1600 3136 hac
1626 3071 1683 3136 du·

435 3168 510 3252 plici
543 3169 671 3252 quidem
702 3179 951 3258 praeceptorum
979 3195 1037 3240 seu
1068 3173 1299 3258 principiorum
1323 3176 1429 3241 classe
1452 3179 1526 3242 tcta
1548 3177 1605 3242 lex
1626 3199 1685 3263 per

435 3297 468 3342 ee
484 3277 691 3345 considerata
707 3280 868 3346 consistit.
887 3315 928 3324 —
944 3279 1117 3346 Accedunt
1131 3286 1207 3365 post
1223 3281 1303 3348 haec
1320 3286 1500 3348 remotiores
1515 3305 1554 3350 ea·
1569 3285 1681 3350 isdem

432 3386 604 3470 principiis
626 3388 849 3468 medratense,
874 3386 990 3468 quihus
1014 3387 1068 3452 lex
1092 3387 1257 3452 mediante
1280 3387 1421 3454 humano
1444 3389 1618 3456 ratiocinio
1642 3390 1684 3456 ad

435 3490 542 3572 magis
564 3492 778 3575 particularia
800 3497 836 3558 et
858 3499 1013 3560 concreta
1036 3493 1229 3577 applicatur.
1254 3532 1299 3542 -
1322 3495 1406 3560 Huic
1421 3517 1529 3560 rerum
1547 3495 1682 3562 distino

435 3596 515 3662 tieni
541 3597 624 3662 duae
647 3597 751 3663 thesis
774 3602 908 3664 nestrae
926 3608 1039 3684 paries
1067 3600 1277 3684 respondent,
1302 3621 1439 3684 quarum
1462 3605 1572 3688 primo
1595 3603 1682 3668 eirea

434 3700 507 3784 ipsa
529 3701 613 3786 legis
635 3704 795 3788 principia
817 3709 887 3770 tum
913 3705 1018 3789 prima
1042 3707 1112 3770 tum
1136 3706 1339 3784 secundaria,
1371 3711 1473 3773 allero
1497 3709 1583 3774 eirca
1606 3731 1681 3792 per·

435 3806 590 3873 tieuieres
623 3813 657 3874 et
688 3809 882 3875 remotiores
916 3809 1142 3876 conclusiones
1174 3816 1337 3878 versatur.
1363 3811 1467 3876 -In
1499 3815 1681 3879 assertione

435 3913 559 3996 primae
582 3916 687 3999 partis
711 3915 842 3983 additur
865 3917 1014 3982 clausula
1037 3917 1077 3982 de
1104 3917 1251 3995 „ratione
1267 3919 1501 3984 convenienter
1516 3921 1680 3996 evoluta',

435 4026 472 4087 ut
501 4022 696 4088 excludatur
726 4023 929 4108 hypothesis,
960 4043 1025 4107 que
1049 4023 1144 4088 homo
1168 4027 1265 4090 extra
1288 4045 1417 4090 omnem
1439 4025 1609 4092 societatis
1631 4027 1680 4092 in-

434 4128 558 4194 flexum
586 4129 750 4195 exsistens
775 4134 833 4195 aut
855 4115 950 4195 secus
973 4129 1060 4196 omni
1083 4130 1153 4196 fere
1177 4131 1320 4197 naturali
1343 4132 1487 4198 subsidio
1511 4134 1679 4200 rationalis

435 4237 648 4303 exsistentiae
679 4258 794 4302 carens
816 4239 970 4320 fingatur.
1018 4236 1103 4303 Fieri
1127 4239 1213 4302 enim
1237 4259 1295 4322 per
1319 4238 1470 4304 accidens
1493 4245 1612 4324 potest,
1643 4245 1679 4306 ut

435 4341 564 4425 aliquod
594 4341 795 4408 individuum
819 4343 996 4408 humanum
1020 4335 1171 4428 spectate
1193 4344 1332 4410 rationis
1355 4367 1416 4411 usu
1439 4346 1509 4412 fere
1533 4347 1676 4430 potentia
1769 4345 1770 4372 l

434 4449 543 4532 potius
572 4471 670 4532 quam
700 4456 778 4517 actu
808 4449 904 4514 homo
936 4450 999 4515 diei
1028 4456 1204 4518 mereatur.
1251 4451 1354 4518 Immo
1377 4453 1462 4518 idem
1486 4475 1551 4518 uon
1574 4451 1677 4518 miuus
1769 4523 1770 4536 ἶ

435 4554 474 4619 de
503 4555 634 4637 integra
656 4560 756 4638 geute
778 4556 916 4632 valeret,
948 4577 1032 4638 quae
1056 4557 1243 4624 inveterate
1266 4561 1406 4624 naturae
1428 4559 1600 4626 rationalis
1623 4560 1676 4624 de·
1769 4575 1770 4628 i

433 4661 646 4740 generatione
669 4663 711 4726 ad
735 4667 887 4729 naturam
910 4663 980 4728 fere
997 4663 1165 4728 brutorum
1181 4664 1314 4748 propius
1331 4685 1428 4747 quam
1445 4665 1486 4731 ad
1503 4666 1674 4732 humanam
1769 4743 1770 4756 χ

434 4787 704 4794 -——-—-—.

525 4843 594 4898 ¹cl.
615 4847 642 4899 S.
666 4845 767 4914 illem,
793 4843 922 4899 scheol.
944 4845 1014 4909 1‚2‚
1035 4847 1129 4914 qen,
1156 4863 1180 4900 a.
1200 4846 1225 4900 2.
1246 4877 1278 4885 -
1299 4845 1439 4911 Quodnam
1457 4851 1622 4904 censendum
1640 4851 1675 4903 sit

433 4933 483 4987 hoc
502 4951 657 5003 supremum
677 4939 706 4987 et
724 4932 987 4988 universalissimum
1006 4933 1076 5002 legis
1095 4935 1417 5006 nutriraliapraeceptum
1433 4937 1675 5006 („summu1ulegia

432 5021 565 5076 naturalis
584 5021 786 5091 principium),
805 5022 878 5075 inira
895 5021 1042 5091 specialius
1061 5021 1282 5092 investigandum
1302 5025 1361 5078 erit,
