3909 5842
436 673 500 738 298
656 671 746 726 Sectio
765 673 785 726 l.
821 672 902 727 Liber
920 673 966 728 IV.
1005 673 1094 745 Caput
1113 675 1146 730 ll.
1183 676 1323 731 Articulus
1345 679 1367 731 l.
1404 677 1467 745 52.

435 844 491 927 qui
513 846 601 946 omni
624 848 806 932 operationi
829 849 1003 929 humanae,
1028 856 1066 917 ut
1088 852 1245 919 moralem
1271 852 1500 920 rectitudinem
1528 853 1698 935 attingat.

434 952 616 1019 arationis
639 953 797 1037 regimine
820 955 943 1040 imponi
966 957 1074 1025 debet.
1121 959 1207 1024 Hinc
1230 961 1277 1036 lit,
1309 963 1347 1024 ut
1376 963 1482 1039 actus,
1516 960 1576 1042 qui
1610 960 1698 1026 alias

435 1062 530 1126 actus
560 1060 694 1126 virtutis
725 1065 846 1141 essent,
877 1062 1009 1130 defectu
1039 1063 1134 1130 huius
1162 1063 1330 1146 regiminis
1353 1068 1453 1147 atque
1477 1065 1698 1132 rationabilis

434 1164 521 1230 modi
539 1187 602 1250 per
624 1189 783 1233 excessum
807 1169 849 1234 ad
872 1169 946 1235 vitii
969 1169 1130 1236 rationem
1153 1170 1330 1238 deflectere
1352 1171 1491 1256 possint.

524 1271 702 1340 Praeterea
717 1274 823 1341 virtus
840 1274 950 1342 varios
966 1275 1113 1343 admittit
1128 1277 1261 1358 gradm,
1278 1297 1382 1360 eoque
1394 1282 1445 1344 est
1457 1278 1697 1361 praestantior

435 1380 470 1443 et
492 1377 670 1458 sublimior,
697 1382 725 1446 l.
751 1401 814 1462 quo
837 1380 996 1447 nobiliore
1019 1381 1142 1448 motivo
1167 1383 1210 1449 ad
1231 1403 1304 1449 eam
1320 1383 1512 1450 sectandam
1528 1384 1695 1450 voluntas

436 1482 617 1564 inducitur,
653 1489 684 1552 2.
718 1508 782 1568 quo
816 1488 913 1571 plura
946 1488 1119 1554 obstacula
1153 1488 1223 1554 sive
1258 1490 1300 1555 ab
1334 1489 1474 1556 internis
1509 1490 1696 1557 contrariis

435 1592 715 1676 propensioribus,
746 1593 817 1660 sive
847 1594 889 1660 ab
920 1594 1068 1661 externis
1097 1595 1338 1680 impedimentis
1361 1596 1549 1680 superanda
1574 1596 1694 1670 habet,

436 1699 466 1764 3.
491 1720 554 1782 quo
569 1701 644 1784 plus
660 1701 735 1766 boni
752 1701 883 1767 efficere
900 1705 1048 1778 conatur,
1074 1707 1109 1770 et
1124 1705 1155 1768 4.
1172 1723 1236 1784 quo
1252 1703 1453 1786 promptiore
1470 1709 1505 1770 et
1521 1703 1695 1769 alacriore

436 1804 544 1871 animo
566 1805 646 1871 illud
670 1807 780 1874 efficit.

436 1988 501 2070 §2
534 1987 809 2055 Devirtutum
830 1987 1049 2056 moralium
1071 1990 1335 2058 necessitate
1358 1999 1399 2058 et
1423 1992 1693 2059 condicione.

436 2108 506 2181 335.
596 2111 703 2177 Homo
727 2112 998 2194 quemadmodum
1022 2112 1200 2178 universim
1223 2111 1266 2179 ad
1288 2113 1435 2197 perfecte
1451 2119 1486 2180 et
1501 2114 1696 2182 efficaciter

435 2217 635 2300 operandum
659 2221 792 2300 praeter
814 2217 994 2284 facultates
1017 2218 1187 2284 naturales
1210 2217 1343 2303 insuper
1362 2219 1528 2286 habitibus
1544 2221 1693 2304 indiget,

434 2320 539 2404 iisque
562 2322 632 2407 ipso
656 2328 796 2390 naturae
820 2323 974 2390 beneficio
998 2327 1115 2409 sponte
1138 2323 1322 2401 instruitur,
1346 2323 1394 2392 ita
1418 2325 1464 2390 au
1484 2329 1692 2412 operandum

434 2428 570 2513 perfecte
593 2431 628 2494 iu
649 2451 763 2513 peuerc
785 2433 978 2497 moralitatis
996 2433 1127 2495 virtutes
1144 2434 1171 2495 ci
1186 2433 1384 2498 necessariae
1400 2441 1485 2515 suut,
1509 2453 1548 2498 eo
1566 2435 1693 2518 magis,

436 2556 499 2616 quo
522 2535 618 2618 plura
641 2539 675 2601 et
698 2536 822 2600 maiora
846 2537 1017 2602 obstacula
1039 2536 1072 2601 in
1095 2536 1157 2600 hac
1173 2536 1228 2601 via
1244 2538 1429 2620 superanda
1444 2537 1555 2605 habet.
1588 2540 1692 2608 Hanc

436 2641 522 2706 enim
546 2641 702 2724 operandi
717 2641 951 2725 perfectionem
968 2642 1066 2708 homo
1089 2641 1437 2710 sensitivo-rationalis
1452 2665 1517 2710 non
1532 2649 1691 2731 assequi-

436 2752 507 2826 tur,
539 2747 602 2812 nisi
625 2747 667 2813 ad
690 2749 899 2816 honestatem
921 2750 1050 2816 interne
1081 2755 1116 2816 et
1142 2753 1374 2834 permanenter
1400 2751 1449 2818 ita
1476 2751 1689 2837 disponatur,

436 2857 474 2919 ut
504 2874 577 2918 eam
606 2859 762 2921 exerceat
788 2860 948 2940 prompte,
981 2855 1219 2922 delectabiliter
1242 2861 1276 2921 et
1299 2861 1500 2936 constanter,
1530 2858 1565 2923 id
1598 2863 1692 2944 quod

436 2959 615 3027 moralibus
638 2962 804 3028 habitibus
827 2962 978 3030 efficitur.

524 3067 576 3132 Ad
599 3068 684 3135 hane
706 3090 775 3134 rem
806 3069 956 3154 apposite
979 3071 1012 3137 S.
1041 3071 1194 3135 ibamus:
1229 3069 1421 3146 ,Habitibus
1451 3069 1616 3136 virtutum
1648 3073 1691 3138 ad

434 3173 500 3238 tria
522 3173 722 3258 indigemus:
748 3176 866 3257 Pm'mo,
891 3179 928 3241 ut
951 3175 995 3242 sit
1015 3175 1220 3257 urciformc'tue
1236 3173 1269 3239 in
1285 3175 1485 3258 operatione.
1517 3176 1569 3242 Ea
1585 3179 1689 3256 enim,

435 3301 519 3363 quae
549 3301 591 3346 ex
622 3283 694 3347 sola
725 3281 915 3366 operatione
938 3281 1134 3365 dependent,
1166 3281 1262 3346 facile
1288 3281 1513 3362 immutentur,
1544 3283 1610 3348 uisi
1636 3305 1689 3349 se·

435 3388 575 3453 cundum
605 3387 747 3471 aliquam
776 3387 1020 3453 inclinationem
1053 3385 1252 3453 habitualem
1276 3388 1398 3455 fuerint
1421 3389 1580 3455 stabilita.
1633 3393 1687 3456 Se·

436 3497 549 3577 cundo,
573 3499 611 3561 ut
634 3493 782 3578 operatio
806 3494 955 3578 perfecta
977 3494 1011 3558 in
1033 3502 1181 3580 promptu
1205 3494 1376 3560 habeatur.
1416 3494 1490 3559 Nisi
1514 3495 1600 3560 enim
1627 3519 1687 3582 po-

435 3599 541 3665 tentia
570 3599 742 3667 rationalis
772 3621 831 3685 per
859 3601 1009 3667 habitum
1040 3599 1149 3684 aliquo
1180 3601 1275 3666 modo
1305 3599 1481 3667 inclinetur
1504 3601 1546 3667 ad
1570 3623 1685 3683 unum,

436 3705 600 3787 oportebit
630 3727 768 3790 semper,
800 3729 872 3772 cum
902 3728 1036 3774 necesse
1059 3707 1161 3774 bresit
1184 3707 1323 3792 operari,
1355 3709 1552 3792 praecedere
1576 3707 1685 3793 iuqui-

435 3857 574 3864 --—--
594 3857 746 3864 ...a-—

435 3931 541 3986 animae
560 3932 633 3986 circa
651 3931 769 4001 aliquam
786 3932 995 3986 determinatam
1008 3931 1159 3986 materiam.
1184 3931 1312 3986 Mensura
1325 3937 1416 3986 autem
1430 3935 1458 3985 et
1471 3931 1566 4000 regula
1579 3936 1684 4003 appeti·

435 4020 486 4074 tivi
511 4023 601 4074 motus
626 4021 699 4075 circa
723 4021 883 4092 appetibilis
908 4025 951 4075 est
975 4021 1036 4091 ipsa
1061 4021 1139 4074 ratio.
1176 4019 1280 4074 Bonum
1299 4025 1391 4075 autem
1410 4019 1556 4075 cuiuslibet
1575 4039 1681 4075 mensu·

434 4109 488 4163 rati
507 4113 535 4162 et
553 4109 671 4174 regulati
690 4111 816 4164 consistit
833 4111 860 4164 iu
879 4110 942 4172 hoc,
968 4109 1040 4178 quod
1059 4110 1243 4163 conformetur
1261 4125 1327 4163 suae
1345 4109 1472 4176 regulae,
1491 4109 1564 4163 sicut
1582 4109 1679 4164 bonum

434 4200 462 4252 iu
481 4198 636 4253 artificiatis
654 4202 704 4263 est,
723 4203 755 4253 nt
772 4203 904 4269 sequatur
921 4198 1047 4267 regulam
1066 4199 1142 4252 artis.
1167 4197 1270 4252 Malum
1289 4201 1380 4252 antem
1400 4215 1448 4267 per
1466 4199 1679 4266 cousequensin

434 4286 588 4341 huiusmodi
607 4291 650 4342 est
668 4305 717 4357 per
734 4288 793 4354 hoc,
812 4288 883 4357 quod
902 4285 1003 4355 aliquid
1023 4285 1160 4340 discordat
1179 4302 1196 4338 s
1213 4301 1264 4339 sua
1282 4285 1378 4353 regula
1391 4284 1436 4337 vel
1449 4301 1591 4348 mensura;
1610 4287 1679 4354 quod

435 4376 544 4444 quidem
562 4376 703 4445 contingit,
722 4377 768 4430 vel
786 4395 836 4446 per
853 4376 913 4440 hoc,
932 4376 1001 4444 quod
1022 4375 1212 4445 superexcedit
1230 4391 1395 4440 mensuram,
1413 4372 1458 4428 vel
1471 4392 1519 4444 per
1531 4373 1590 4438 hoc,
1610 4375 1677 4442 quod

435 4462 526 4518 deficit
544 4464 578 4518 ab
597 4483 637 4529 ea,
656 4465 737 4519 sicuti
755 4464 901 4518 manifeste
920 4469 1035 4534 apparet
1053 4463 1080 4517 in
1100 4462 1225 4517 omnibus
1243 4463 1376 4531 regulatls
1396 4467 1424 4517 et
1442 4462 1613 4516 mensuratis.
1646 4461 1676 4515 El

433 4553 494 4607 ideo
512 4556 597 4622 patet,
616 4553 687 4622 quod
700 4555 800 4606 bonum
815 4552 926 4605 virtutis
943 4551 1055 4606 moralis
1074 4551 1200 4606 consistit
1217 4549 1246 4604 in
1264 4549 1460 4619 adaequatione
1478 4549 1512 4603 ad
1525 4565 1677 4604 mensuram

434 4641 556 4695 rationis.
582 4641 758 4696 Manifestum
778 4643 821 4695 est
839 4645 939 4704 autem
958 4641 1029 4708 quod
1048 4641 1120 4695 inter
1139 4657 1285 4695 excessum
1304 4641 1333 4692 et
1345 4637 1482 4693 detectum
1501 4638 1618 4692 medium
1638 4645 1683 4693 est

435 4731 588 4800 aequalitas
605 4731 665 4784 sive
690 4729 874 4785 conformitas.
911 4729 990 4783 Unde
1010 4729 1154 4784 manifeste
1173 4731 1301 4798 apparet,
1328 4726 1399 4795 quod
1418 4727 1507 4781 virtus
1525 4725 1633 4780 moralis
1654 4729 1680 4782 in

435 4821 522 4875 medio
535 4820 684 4874 consistit*
708 4820 750 4873 Ita
761 4819 787 4872 S.
798 4819 898 4872 Ductor
911 4835 1029 4886 sequens
1043 4817 1217 4871 Aristotelem
1233 4817 1332 4883 (ethic.
1346 4815 1405 4870 Nic.
1415 4817 1441 4881 2,
1455 4819 1479 4880 6,
1495 4815 1571 4878 1106,
1585 4815 1609 4877 b,
1623 4814 1681 4882 36),

435 4909 481 4977 qui
500 4909 603 4978 pariter
621 4907 742 4962 dixerat:
772 4907 924 4974 ,Virtutem
950 4905 1080 4960 moralem
1100 4923 1161 4960 esse
1180 4905 1302 4959 habitum
1322 4904 1468 4958 electivum
1487 4903 1515 4956 in
1534 4901 1681 4956 medietate
1718 4917 1731 4985 p

435 4997 638 5050 exsistentem*
678 4995 718 5048 De
737 4996 831 5049 eadem
851 5014 880 5049 re
899 4995 934 5048 ct.
955 4997 1068 5062 Succos,
1088 4993 1127 5046 De
1146 4993 1265 5063 passion.
1285 4995 1313 5046 et
1330 4993 1415 5046 habit.
1435 4992 1504 5062 disp.
1524 4991 1549 5056 3,
1568 4995 1635 5046 sect.
1655 4993 1680 5046 6.
1719 4988 1727 4999 “
