3909 5842
462 640 527 706 312
694 632 784 688 Sectio
802 633 838 688 ll.
874 634 955 690 Liber
973 635 995 689 1.
1032 633 1120 706 Caput
1139 633 1159 688 l.
1197 631 1336 688 Ardeulus
1356 633 1380 687 1.
1416 632 1476 700 fill.

550 812 653 880 Porro
676 812 823 880 eiusdem
845 811 977 879 socialis
1000 811 1129 878 unionis
1152 813 1318 878 essentiale
1337 814 1538 898 principium
1562 830 1629 876 esse
1649 809 1684 874 in·

460 919 631 1002 tellegitur
662 919 734 1003 ipse
760 919 837 1003 finis
867 922 1041 986 communis
1071 917 1287 984 communiter
1317 917 1469 1000 cognitus
1492 921 1530 983 et
1553 915 1685 991 intentus

461 1028 576 1111 utpote
606 1046 627 1092 a
657 1045 721 1106 quo
750 1028 921 1107 tamquam
951 1045 1011 1091 suo
1042 1023 1175 1091 formali
1204 1023 1333 1090 obiecto
1363 1022 1421 1090 illa
1449 1021 1627 1088 intrinsece
1645 1021 1687 1088 de

461 1132 593 1216 pendet
639 1130 736 1198 Unde
766 1131 988 1214 consequitur,
1019 1151 1147 1198 omnem
1179 1130 1373 1198 societatem
1400 1151 1461 1215 par
1490 1151 1588 1194 auum
1613 1131 1688 1213 fissa

461 1239 646 1323 specificam,
676 1236 698 1306 i.
722 1257 750 1304 e.
775 1237 959 1322 specificam
983 1235 1220 1321 proprietatem
1243 1234 1473 1318 cuiuscumque
1496 1233 1689 1301 societatiss

461 1366 520 1411 suo
552 1345 618 1412 fine
649 1349 818 1426 tamquam
851 1342 1015 1411 obiectivo
1047 1341 1208 1428 principio
1238 1340 1370 1408 socialis
1400 1339 1532 1408 unionis
1563 1341 1690 1426 specifice

461 1452 594 1536 proprio
617 1449 769 1520 derivari.

598 1651 671 1733 §3-
717 1651 775 1716 De
803 1648 956 1716 morali
985 1647 1304 1732 personalitate
1331 1647 1574 1715 societatis.

462 1787 532 1860 ³49.
624 1791 688 1856 Per
719 1791 874 1857 socialem
907 1789 1059 1856 unionem
1091 1809 1246 1855 numerus
1275 1788 1410 1866 endum,
1443 1789 1500 1871 qui
1532 1789 1568 1855 in
1598 1787 1691 1855 sociali

462 1897 602 1964 materia
632 1896 855 1980 distinguitur,
886 1896 927 1963 ad
958 1915 1079 1962 novam
1110 1895 1274 1979 quandum
1305 1895 1517 1962 entitativam
1551 1896 1691 1962 unitatem

462 2003 629 2083 coalescit,
654 2002 695 2069 ab
719 2003 859 2070 entitate
883 2002 1085 2085 singulorum
1110 2001 1284 2082 diversam,
1309 2023 1375 2084 qua
1395 2001 1551 2082 societas,
1576 2001 1693 2069 licetsit

461 2108 597 2192 physice
619 2109 777 2176 distincta
799 2114 834 2176 et
863 2109 1046 2194 multiplex,
1077 2109 1219 2178 efficitur
1248 2130 1366 2194 corpus
1395 2109 1572 2176 moraliter
1602 2131 1693 2188 unua,

462 2215 547 2296 quod
571 2237 685 2302 corpus
707 2217 823 2281 sociale
844 2219 994 2281 vocatur.

551 2321 613 2388 Vel
636 2323 708 2406 ipso
731 2320 793 2388 hoc
816 2321 947 2387 nomine
962 2320 1046 2387 satis
1061 2320 1208 2386 innuitur
1224 2320 1388 2403 analogia,
1412 2342 1497 2404 quae
1514 2321 1693 2388 societatem

462 2425 548 2494 inter
578 2433 613 2496 et
645 2449 763 2513 corpus
795 2426 982 2511 physicum,
1014 2425 1204 2509 organicum
1237 2425 1397 2510 imprimis
1431 2431 1466 2493 et
1498 2427 1628 2506 vivens,
1655 2447 1694 2492 re·

462 2531 597 2616 peritur.
649 2532 928 2611 Quemadmodum
965 2531 1052 2598 enim
1084 2553 1202 2617 corpus
1235 2531 1406 2598 elementis
1434 2533 1588 2616 pluribus
1621 2555 1692 2599 oom-

463 2640 606 2723 ponitur,
630 2659 714 2723 quae
737 2643 850 2705 minen
873 2638 1036 2704 communi
1059 2642 1094 2705 et
1111 2637 1268 2706 intestina
1284 2638 1424 2720 quadam
1440 2639 1533 2704 viad
1550 2640 1693 2708 unitatem

463 2745 610 2829 corporis
632 2745 760 2830 physici
788 2751 956 2829 tamquam
985 2744 1054 2811 eius
1077 2749 1190 2830 partes
1221 2745 1430 2828 colliguntur,
1460 2745 1510 2813 ita
1534 2751 1572 2813 et
1595 2765 1694 2828 corpus

463 2851 584 2916 sociale
607 2873 650 2917 ex
673 2852 864 2936 pluralitate
887 2853 1123 2918 elementorum
1146 2851 1356 2918 rationalium
1379 2871 1439 2936 per
1460 2873 1634 2918 commune
1648 2851 1694 2917 ali·

465 2957 551 3040 quod
573 2959 708 3026 moralis
731 2958 935 3025 cohaesionis
951 2964 986 3026 et
1002 2958 1243 3042 cooperationis
1258 2959 1423 3024 vinculum
1439 2979 1541 3024 unum
1559 2959 1693 3030 efficitur,

464 3085 485 3130 a
508 3064 646 3148 siugulis
668 3065 817 3148 partibus
841 3063 1017 3142 diversum,
1041 3063 1082 3129 iis
1104 3068 1218 3130 tamen
1233 3069 1354 3132 natura
1370 3064 1620 3147 homogeneum,
1642 3066 1659 3130 i.
1673 3082 1693 3126 e.

463 3171 589 3254 paritor
618 3174 786 3240 rationale.
832 3171 1013 3238 Praeterea
1042 3171 1091 3238 uti
1122 3191 1240 3256 eorpus
1263 3171 1453 3254 organicum
1475 3171 1564 3237 idem
1589 3172 1694 3240 manet,

463 3277 527 3342 etsi
550 3276 620 3360 iugi
643 3277 824 3344 decessioni
848 3280 883 3343 et
906 3275 1087 3342 accessioni
1110 3277 1346 3344 elementorum
1370 3277 1549 3342 obnoxium
1581 3277 1633 3357 sit,
1659 3275 1695 3341 ita

463 3389 498 3451 et
520 3384 673 3463 societas,
697 3386 815 3451 saltem
840 3383 1053 3463 numerosior,
1084 3405 1149 3449 non
1172 3384 1245 3451 ideo
1269 3383 1501 3468 exstinguitur,
1533 3384 1621 3468 quod
1642 3383 1694 3448 sin·

463 3490 541 3574 gula
563 3491 720 3571 membra,
745 3490 977 3557 accedentibus
1001 3491 1084 3570 aliis,
1110 3489 1295 3556 successive
1319 3489 1482 3557 desinunt.

552 3605 603 3671 Ad
627 3627 725 3690 quarn
749 3605 936 3689 analogiam
959 3605 1148 3689 generalem
1172 3606 1278 3672 alteru
1294 3603 1466 3690 specialior
1482 3605 1622 3682 accedit,
1644 3623 1695 3686 qua

463 3710 606 3777 societas
627 3711 772 3779 humana
794 3711 963 3777 individuo
987 3709 1110 3777 homini
1132 3710 1343 3788 assimilatur,
1368 3714 1402 3777 et
1418 3711 1599 3776 secundum
1614 3731 1694 3795 quam

461 3839 601 3902 persono
622 3822 754 3885 moralia
776 3822 867 3886 recte
890 3818 1088 3903 appellatur.
1120 3816 1398 3894 Quemadmodum
1414 3815 1500 3883 enim
1523 3817 1695 3884 individuus

463 3924 559 3991 horno
583 3947 648 4009 qua
672 3929 890 4012 ,suppoutum
913 3922 1116 3992 rationale“¹
1139 3923 1274 4008 physice
1298 3945 1397 3988 unum
1417 3945 1559 4010 persona
1579 3925 1694 4011 physico

463 4035 531 4110 est,
567 4032 616 4099 ita
644 4033 787 4100 societas
816 4053 882 4115 qua
912 4034 1109 4118 suppositam
1140 4033 1298 4098 rationale
1328 4033 1517 4098 sodomicam
1550 4053 1609 4098 seu
1638 4049 1693 4094 mo·

462 4139 579 4205 raliter
607 4159 706 4204 unum
732 4161 889 4224 personae
917 4142 1049 4205 moralis
1078 4137 1185 4203 ideam
1215 4137 1374 4222 suggerit.
1420 4137 1538 4220 Itaque
1567 4137 1692 4204 socians

463 4267 529 4328 qua
557 4265 698 4329 persona
725 4245 860 4312 moralis
882 4266 948 4310 non
971 4245 1078 4310 solum
1101 4243 1173 4327 ipsa
1198 4264 1218 4309 a
1241 4241 1380 4328 singulis
1402 4243 1563 4327 personis,
1595 4242 1693 4327 quibus

464 4351 680 4436 componitur,
708 4350 875 4429 distincta,
907 4352 965 4418 sed
985 4355 1123 4438 proprio
1147 4353 1242 4416 etiam
1265 4353 1355 4416 vitali
1378 4351 1538 4416 nativitate
1555 4349 1692 4436 praedita

466 4519 729 4528 ———-——--—
741 4518 774 4524 —

554 4610 701 4665 ¹Persoua
720 4611 825 4666 definiri
844 4611 929 4667 solet:
959 4611 1143 4682 ,suppositum
1163 4610 1321 4675 rationale‘;
1345 4611 1516 4681 suppositum
1536 4607 1692 4676 (ὑπόστασις)

463 4701 555 4752 autem
574 4702 617 4753 eat
634 4701 749 4770 quasvis
771 4701 941 4767 ,substantia
960 4701 1109 4769 singularis
1128 4699 1263 4771 completa
1282 4703 1313 4753 ut
1331 4699 1433 4769 aliquid
1452 4704 1542 4755 totum
1561 4701 1589 4756 in
1606 4695 1691 4754 sssut

463 4787 591 4842 sistens'.
628 4787 780 4844 Secundum
799 4789 944 4844 Boethium
969 4807 1086 4859 persona
1111 4793 1155 4844 est
1175 4789 1332 4856 ,rationalis
1356 4791 1472 4844 naturas
1491 4789 1627 4844 individua
1643 4783 1690 4839 sub·

463 4876 582 4930 euntia*
599 4875 669 4943 (Lib.
683 4877 716 4932 ds
728 4895 845 4948 persona
857 4880 886 4931 at
898 4877 1004 4931 duabus
1016 4877 1121 4932 naturis
1133 4897 1156 4933 a.
1171 4878 1209 4946 3).
1231 4877 1272 4932 De
1285 4896 1339 4948 qua
1351 4877 1508 4933 definitione
1521 4878 1558 4934 cl.
1569 4879 1595 4932 S.
1608 4877 1689 4936 mam

464 4962 539 5018 Ssnt.
560 4965 582 5029 1,
602 4964 663 5019 dist.
684 4965 726 5031 23,
746 4983 771 5034 q.
793 4967 816 5031 l,
836 4982 860 5019 a.
880 4965 910 5030 3;
931 4965 958 5019 S.
976 4965 1059 5020 theol.
1081 4965 1103 5030 l,
1123 4983 1148 5034 q.
1168 4966 1210 5031 29,
1230 4982 1254 5020 s.
1276 4969 1288 5020 1
1308 4967 1334 5021 4.
