3909 5842
463 667 505 731 34
694 662 784 717 Sestio
802 662 822 716 1.
861 662 940 717 Liber
959 663 979 717 l.
1017 662 1107 733 Caput
1126 662 1159 717 ll.
1197 663 1337 717 Articulus
1358 665 1381 717 l.
1419 662 1481 730 53.

461 842 666 925 intellegitur
688 841 807 908 ultima
826 840 985 924 perfectio
1003 842 1173 907 rationalis
1197 862 1255 907 seu
1271 841 1505 909 intellectualis
1521 844 1693 907 naturae.·¹

462 950 507 1016 Et
529 948 682 1032 quoniam
698 948 803 1013 omnis
820 948 978 1014 eiusmodi
1002 948 1145 1016 felicitas
1168 950 1220 1014 vel
1245 948 1403 1033 perfectio
1419 948 1550 1014 nonnisi
1574 947 1605 1012 in
1628 946 1695 1009 bono
1747 958 1748 1017 l

461 1055 600 1140 reperiri
623 1059 742 1138 potest,
767 1054 893 1121 scilieet
916 1055 987 1120 sive
1011 1056 1043 1121 in
1068 1056 1178 1139 aliqua
1202 1056 1395 1121 collectione
1410 1056 1572 1121 bonorum
1595 1052 1695 1117 sivein

462 1162 572 1245 aliquo
595 1163 679 1226 bono
702 1160 865 1245 perfecto,
897 1161 983 1243 quod
1014 1162 1232 1229 multitudinis
1259 1164 1416 1229 bonerum
1442 1162 1537 1244 quasi
1563 1179 1696 1241 compen·

462 1268 549 1333 dium
573 1268 627 1345 sit,
650 1267 757 1350 magis
773 1274 926 1334 concrete
942 1268 1082 1351 quidem,
1108 1269 1166 1335 aed
1190 1268 1315 1353 pariter
1335 1268 1520 1353 generatim
1545 1266 1697 1331 beatitudo

461 1376 588 1441 deliniri
608 1378 719 1459 potest
743 1374 795 1439 val
812 1394 884 1439 cum
901 1374 1058 1441 Boethio:
1086 1384 1207 1457 „statue
1230 1380 1369 1441 manium
1391 1376 1547 1441 donorum
1564 1392 1698 1457 apprope-

461 1484 545 1549 tione
566 1480 767 1567 pe0secfua‘⁴²
791 1481 843 1545 vel
867 1489 969 1547 atotuc
994 1483 1067 1547 doni
1086 1483 1287 1567 plenitudine
1308 1482 1474 1567 perfectus.
1519 1480 1596 1543 Hoc
1618 1498 1698 1541 sensu

461 1594 496 1655 et
512 1591 544 1654 S.
562 1590 763 1671 Augustinus
778 1584 875 1651 dicit:
904 1585 1046 1665 „Beatus
1062 1592 1122 1665 eat,
1149 1586 1202 1669 qui
1222 1585 1322 1654 habet
1338 1588 1456 1662 omnia.
1481 1607 1570 1669 quae
1587 1582 1698 1655 vult‘³;

461 1702 496 1760 et
519 1696 552 1761 S.
574 1695 727 1759 leemas:
750 1693 985 1758 beatitudinem
1010 1714 1083 1759 esse
1111 1694 1311 1777 „perfectum
1334 1700 1368 1760 et
1391 1692 1561 1759 sufficiens
1586 1692 1699 1763 bonurn,

461 1820 557 1866 omne
579 1800 702 1865 malum
725 1799 904 1865 excludens
927 1804 962 1865 et
985 1820 1081 1866 omne
1104 1799 1298 1865 desiderium
1323 1799 1477 1884 implens“
1493 1801 1516 1865 ⁴.

550 1905 625 1971 Non
655 1926 732 1971 raro
754 1909 867 1972 tamen
896 1906 1109 1972 beatitudinis
1132 1928 1251 1973 nomen
1274 1907 1374 1972 etiam
1398 1927 1496 1971 sensu
1519 1906 1635 1987 aliquo
1656 1908 1700 1967 tu·

459 2014 591 2097 prepete
621 2014 809 2095 usurpatur,
838 2010 910 2075 sive
933 2011 975 2077 ad
1000 2012 1234 2094 designandam
1262 2012 1454 2078 felicitatem
1483 2012 1628 2077 hominis
1650 2032 1701 2074 nou

461 2116 591 2200 quidem
623 2116 822 2201 perfectam.
855 2117 913 2182 sed
942 2117 976 2181 in
1007 2118 1252 2201 comparatione
1282 2118 1323 2183 ad
1353 2122 1477 2185 statum
1508 2138 1701 2183 communen

461 2223 637 2300 hominum,
661 2222 768 2305 qualis
792 2224 831 2287 de
851 2222 941 2289 facto
964 2224 998 2288 in
1022 2223 1072 2289 his
1096 2224 1193 2291 terris
1217 2228 1366 2309 apparet,
1390 2224 1530 2289 relative
1546 2244 1701 2306 magnam
1749 2254 1750 2257 ¹

459 2328 593 2396 tametsi
616 2350 677 2394 nec
700 2348 796 2393 omne
819 2329 939 2394 malum
960 2330 1116 2395 excludat
1141 2350 1199 2395 nec
1223 2350 1317 2395 omne
1339 2330 1533 2395 desiderium
1562 2330 1702 2413 impleat:

460 2435 531 2501 sive
562 2435 603 2501 ad
634 2434 881 2519 significandam
911 2435 1104 2503 felicitatem
1128 2436 1304 2502 maximam
1329 2436 1468 2519 quidem,
1493 2456 1595 2518 quam
1621 2436 1703 2501 bomo

460 2543 578 2608 morali
606 2541 827 2627 possibilitate
857 2542 1023 2625 attingere
1054 2547 1169 2625 quent,
1202 2542 1314 2609 habito
1345 2548 1455 2610 tamen
1486 2547 1642 2625 respectu
1671 2540 1702 2606 ad

461 2652 584 2713 certam
607 2649 699 2715 vitae
722 2649 941 2715 condicionem
974 2671 1004 2716 v.
1029 2672 1061 2732 g.
1088 2648 1177 2715 vitae
1204 2648 1388 2734 praesentis
1413 2648 1576 2715 mortalis.
1626 2646 1703 2713 Talis

462 2760 514 2822 est
534 2754 714 2834 beatitudo,
739 2757 779 2822 de
795 2778 861 2838 qua
876 2759 1060 2822 Aristotelea
1079 2756 1232 2823 disserit5
1248 2776 1319 2821 eam
1345 2776 1402 2839 pro
1426 2756 1497 2821 sola
1521 2756 1597 2822 vita
1622 2774 1704 2839 prae·

461 2862 547 2928 senti
571 2862 789 2928 considerans.
834 2861 942 2939 Quare
965 2863 1005 2927 de
1029 2862 1212 2929 hominibus
1242 2862 1303 2927 hoc
1325 2862 1421 2927 modo
1444 2862 1551 2928 beatis
1576 2864 1705 2944 loquens
1750 2860 1751 2863 ’

461 2968 569 3035 addit:
604 2970 744 3047 „Beatos
773 2974 883 3035 autem
913 2968 1048 3033 dicimus
1079 2973 1116 3035 ut
1146 2969 1351 3045 homines“⁶‚
1383 2968 1403 3033 i.
1433 2990 1460 3035 e.
1492 2976 1653 3051 quantum
1678 2968 1704 3031 in

462 3075 512 3141 his
535 3075 633 3140 terris
655 3095 727 3139 sors
750 3072 893 3141 humana
917 3075 991 3141 fert.
1031 3074 1153 3139 Verum
1172 3074 1383 3140 manifestum
1400 3076 1452 3139 est
1475 3094 1606 3139 omnem
1630 3075 1704 3139 eius·

462 3180 549 3247 modi
579 3180 790 3265 impropriam
818 3180 1115 3246 denominationem
1146 3178 1358 3247 beatitudinis
1387 3180 1514 3245 nonnisi
1544 3201 1607 3264 per
1634 3200 1704 3246 ana-

460 3288 581 3370 logiam
612 3288 755 3369 aliquam
786 3287 828 3352 ad
858 3287 1094 3355 beatitudinem
1123 3307 1201 3353 vere
1229 3292 1263 3353 et
1292 3286 1484 3370 simpliciter
1507 3285 1632 3351 dictam
1655 3286 1704 3351 ad·

459 3394 564 3459 hiberi
580 3394 714 3477 eiusque
730 3398 922 3477 conceptum
942 3414 1135 3478 supponere.
1172 3392 1378 3478 Quapropter
1393 3394 1426 3458 in
1442 3394 1656 3475 sequentibus
1671 3392 1704 3456 de
1751 3422 1752 3425 ¹

460 3500 663 3566 beatitudine
687 3503 824 3582 agentes
847 3521 944 3565 sensu
966 3505 1096 3567 tantum
1119 3500 1251 3585 proprio
1269 3520 1340 3565 eam
1362 3502 1532 3583 acceptam
1548 3500 1702 3564 volumus.

460 3639 511 3709 bl).
601 3641 703 3705 Porro
727 3640 761 3706 in
789 3641 993 3709 beatitudine
1017 3641 1079 3707 duo
1103 3641 1308 3725 potissimum
1333 3639 1534 3706 considerari
1556 3642 1703 3723 possunt:

459 3747 567 3831 ipsum
589 3747 708 3812 bonum
732 3768 796 3829 quo
812 3748 885 3831 quis
905 3748 1031 3825 beetur,
1057 3752 1090 3813 et
1112 3748 1275 3813 assecutio
1298 3746 1391 3811 huius
1415 3746 1508 3821 boni;
1532 3746 1703 3811 secundum

460 3852 601 3937 priorem
631 3859 817 3937 respectum
846 3858 983 3937 accepta
1006 3854 1176 3920 beatitudo
1200 3854 1262 3919 dici
1286 3854 1372 3920 solet
1395 3855 1543 3919 obiectiec
1566 3858 1602 3918 et
1625 3852 1703 3916 idem

460 3958 640 4041 significat,
665 3960 751 4043 quod
775 3959 937 4026 obiectum
960 3959 1192 4033 beatitudinis;
1217 3959 1393 4025 secundum
1417 3958 1557 4025 alterum
1580 3977 1703 4039 respec-

460 4070 529 4131 tum
559 4071 698 4133 vocatur
727 4068 908 4147 subiectiora,
939 4072 1100 4150 quaeest
1130 4072 1201 4153 ipsa
1226 4068 1413 4151 beatificatio
1435 4064 1573 4132 subiecti
1603 4062 1702 4148 possi·

459 4172 568 4239 dentis
591 4172 764 4240 obiectum.
799 4174 876 4257 Ipsa
898 4173 1038 4255 denique
1062 4174 1230 4239 beatitudo
1247 4173 1428 4239 subiectiua
1444 4172 1545 4238 etiem
1559 4172 1702 4255 formalis

551 4384 560 4416 ¹
579 4383 606 4437 S.
624 4382 706 4436 theol.
729 4384 750 4446 1,
770 4400 796 4450 q.
816 4382 858 4446 62,
877 4400 901 4435 a.
923 4384 936 4436 l
956 4383 984 4435 in
1004 4400 1075 4452 corp.
1182 4383 1187 4391 '

550 4471 619 4524 ’De
637 4470 739 4525 consol.
757 4470 776 4524 1.
795 4472 819 4531 3,
838 4489 861 4524 c.
880 4472 905 4523 2.

550 4562 560 4591 ³
579 4558 618 4612 De
636 4560 760 4613 trinitate
779 4560 795 4612 l.
818 4560 858 4619 15,
877 4577 900 4612 o.
921 4561 945 4612 5.

550 4652 559 4681 ⁴
581 4648 608 4701 S.
627 4647 709 4701 theol.
732 4648 754 4708 l.
772 4648 797 4708 2,
817 4649 882 4715 (1.5.
901 4648 956 4701 ad
975 4647 1003 4699 in
1023 4664 1095 4717 corp.
1116 4676 1150 4687 -
1170 4646 1211 4701 Cf.
1232 4647 1265 4701 de
1283 4646 1334 4700 lucc
1353 4651 1515 4713 argumento
1536 4648 1645 4712 Sciam,
1663 4640 1698 4694 De

459 4737 514 4789 fine
531 4735 648 4789 hominia
666 4735 735 4805 disp.
754 4736 780 4788 4.

550 4824 737 4878 ⁵lltbicorum
755 4823 912 4878 Nicomach.
930 4824 949 4877 l.
970 4826 993 4887 1,
1013 4842 1036 4879 c.
1059 4827 1099 4879 ll.

549 4913 632 4976 ⁸lb.;
658 4913 700 4966 ed.
724 4912 844 4980 meae,
873 4913 956 4978 1101,
983 4930 1013 4975 a,
1043 4914 1089 4967 19:
1120 4916 1161 4979 „al
1186 4910 1209 4965 δ’
1231 4914 1315 4967 οὕτω.
1339 4914 1489 4979 μακαρίους
1514 4907 1625 4979 ἐροῦμεν
1651 4913 1695 4960 τῶν

461 5004 566 5063 ζώντων
584 5000 624 5061 οἷς
642 5003 755 5071 ὑπάρχει
773 5002 816 5053 καὶ
835 5002 945 5069 ὑπάρξει
964 5004 996 5053 τὰ
1016 5002 1153 5072 λεχθέντα,
1170 5003 1321 5069 μακαρίους
1340 4998 1364 5055 δ’
1386 5002 1573 5069 ἀνθρώπους.“
