3909 5842
555 668 700 723 Societatis
719 668 810 724 civilis
829 669 905 738 origo
923 667 1059 726 naturalis
1078 666 1239 722 ostenditur.
1455 675 1518 739 361

270 867 365 912 suam
389 850 424 916 et
446 846 729 929 supernaturalem
755 845 900 930 paradisi
923 845 1117 912 felicitatem
1136 845 1302 929 peccando
1318 845 1520 930 dissipasset.

271 953 317 1020 ut
340 973 419 1018 vero
443 952 575 1018 dubium
599 973 664 1018 non
686 958 747 1032 est,
773 952 850 1036 quin
866 953 899 1018 in
923 953 981 1020 illo
1003 951 1192 1020 felicissimo
1208 955 1299 1018 statu
1314 952 1521 1018 innocentiae

271 1058 437 1126 hominum
468 1057 611 1124 societas
634 1057 774 1126 formam
797 1059 941 1141 aliquam
964 1058 1059 1142 regni
1082 1057 1144 1124 Dei
1168 1063 1227 1124 aut
1248 1079 1390 1140 magnae
1413 1058 1520 1124 cuius·

271 1165 347 1230 dam
371 1169 405 1232 et
428 1164 659 1248 pacatissimae
683 1165 828 1232 familiae
851 1166 991 1232 filiorum
1007 1165 1069 1232 Dei
1093 1165 1152 1230 sub
1171 1164 1315 1232 eiusdem
1331 1165 1521 1232 immediato

270 1275 306 1338 et
328 1275 468 1355 paterno
490 1271 649 1354 regimine
673 1271 861 1340 exhibitura
883 1271 1010 1347 fuisset,
1035 1271 1068 1338 in
1093 1291 1157 1354 qua
1181 1289 1241 1334 nec
1264 1271 1394 1352 vulgari
1414 1269 1520 1336 civilis

269 1378 441 1446 societatis
471 1383 633 1464 apparatu
657 1401 717 1446 nec
741 1379 811 1446 fere
841 1379 950 1463 aliquo
982 1379 1159 1444 coercitivo
1190 1378 1332 1444 humano
1363 1375 1521 1460 regimine

269 1505 353 1569 opus
384 1489 465 1552 erat.
513 1486 558 1553 Et
587 1487 648 1552 hoo
677 1487 774 1554 modo
804 1508 884 1552 sane
907 1485 1079 1554 verissime
1108 1485 1171 1552 dici
1201 1490 1313 1569 petest
1342 1483 1438 1550 civile
1460 1483 1521 1548 im·

268 1590 407 1674 perium,
433 1592 481 1658 eui
508 1615 592 1658 nunc
614 1595 732 1675 gentes
755 1593 982 1672 subiiciuntur,
1007 1614 1027 1661 a
1049 1597 1186 1677 peccato
1210 1592 1369 1674 originem
1391 1590 1519 1656 ducere.

269 1695 383 1779 Atque
406 1698 454 1764 ita
478 1720 596 1766 revera
618 1699 858 1782 intellegendus
882 1700 1014 1767 videtur
1028 1702 1063 1767 S.
1080 1701 1291 1786 depactione,
1315 1697 1380 1776 ubi,
1405 1697 1520 1764 distin·

269 1825 376 1886 guens
399 1825 536 1887 regnum
560 1828 618 1871 seu
642 1806 810 1873 civitatem
827 1806 888 1872 Dei
909 1810 943 1873 et
959 1805 1128 1872 civitatem
1144 1809 1320 1878 terrenam,
1345 1803 1430 1870 hanc
1444 1823 1521 1888 pro-

269 1909 341 1994 prie
371 1933 430 1994 pro
460 1911 645 1976 hominibus
674 1911 814 1978 terrenis
844 1910 877 1992 (i.
903 1932 931 1977 e.
957 1932 1015 1994 per
1044 1913 1216 1995 peccatum
1240 1929 1260 1974 a
1283 1908 1353 1972 Deo
1384 1911 1418 1973 et
1445 1928 1520 1972 cae·

268 2015 408 2081 lestibus
432 2015 473 2082 ad
496 2019 620 2082 terram
645 2017 825 2098 conversis)
849 2015 1036 2082 institutam
1057 2035 1130 2080 esse
1147 2014 1281 2091 docet¹;
1306 2014 1355 2080 ita
1370 2014 1522 2080 similiter

269 2125 347 2204 poet
369 2121 474 2206 ipsum
500 2121 678 2207 scriptores
701 2122 799 2188 medii
824 2123 897 2188 aeri
921 2121 1056 2208 passim,
1087 2120 1343 2200 necimmerito,
1373 2121 1520 2204 regimen

271 2227 367 2292 civile
391 2227 579 2294 historicum
604 2229 770 2312 sequelam
796 2249 867 2294 esse
890 2228 1020 2312 peccati
1043 2227 1197 2294 dixerunt
1207 2228 1230 2294 2.

360 2332 407 2400 At
435 2355 515 2400 vero
538 2333 669 2400 aliunde
692 2355 756 2400 non
781 2333 887 2398 minus
911 2339 1002 2399 recte
1023 2332 1110 2398 idem
1133 2333 1320 2400 institutum
1342 2332 1377 2398 in
1399 2341 1521 2400 natura

271 2438 402 2503 fundari
425 2439 600 2516 asseritur3
625 2443 787 2522 quatenus
810 2439 937 2506 scilicet
960 2439 1102 2504 societas
1125 2437 1231 2502 civilis
1254 2459 1320 2504 non
1342 2439 1520 2506 secundum

272 2543 508 2612 accidentalem
530 2545 673 2628 aliquem
690 2546 886 2614 evolutionis
902 2546 1053 2625 formam,
1076 2545 1136 2612 sed
1151 2545 1329 2612 secundum
1345 2566 1391 2625 ee,
1416 2566 1521 2627 neque

270 2671 331 2734 pro
354 2673 415 2718 sua
437 2652 598 2720 relatione
622 2653 663 2719 ad
687 2653 826 2719 hominis
850 2657 1004 2720 naturam
1027 2651 1332 2737 supernaturalibus
1356 2649 1449 2716 donis
1472 2649 1521 2714 di·

270 2756 395 2823 vinitus
427 2763 588 2836 ornatam,
620 2760 678 2825 sed
705 2761 739 2826 in
762 2760 875 2826 ordine
899 2760 940 2824 ad
963 2767 1118 2825 naturam
1136 2779 1258 2845 puram
1281 2757 1370 2841 (post
1392 2759 1521 2841 lapsum

270 2864 304 2928 in
334 2865 403 2930 suis
434 2867 663 2933 essentialibus
689 2868 852 2948 illaesam)
883 2868 1119 2935 consideratur.
1166 2867 1204 2932 In
1234 2864 1374 2931 hominis
1402 2863 1521 2947 quippe

270 2974 392 3036 natura
421 2971 483 3037 hoc
512 2973 608 3039 modo
633 2979 769 3058 accepta
793 2979 913 3041 cuncta
935 2974 993 3039 illa
1016 2978 1182 3040 momenta
1204 2973 1404 3047 radicantur,
1437 2989 1521 3050 quae

271 3077 402 3142 civilem
426 3079 573 3145 ordinem
596 3101 656 3164 pro
679 3080 821 3146 humano
847 3102 966 3163 genere
990 3080 1072 3146 satis
1094 3080 1314 3164 multiplicato
1330 3075 1522 3159 simpliciter

271 3185 494 3251 necessarium
518 3207 590 3252 esse
614 3186 779 3254 evincunt.
826 3187 899 3252 Huc
922 3193 956 3253 et
979 3187 1051 3271 ipsa
1074 3185 1213 3252 hominis
1236 3186 1366 3250 libertas
1390 3184 1521 3248 moralia

270 3290 426 3378 pertinet,
451 3313 515 3376 qua
537 3294 657 3358 bonurn
681 3297 739 3360 aut
761 3295 884 3360 malum
902 3315 961 3380 pro
978 3293 1115 3359 arbitrio
1131 3292 1254 3378 eligere
1270 3291 1371 3367 valet,
1395 3309 1520 3354 necnon

270 3397 430 3464 intestina
448 3421 560 3486 papea
582 3403 780 3486 passionum,
807 3399 858 3467 cui
882 3421 940 3466 ens
963 3399 1302 3468 sensium-rationale
1324 3394 1521 3462 naturaliter

273 3503 449 3572 obnoxium
473 3527 545 3574 esse
561 3507 775 3592 intellegitur.
807 3507 877 3585 Qua
896 3509 967 3574 sola
983 3512 1121 3574 naturae
1137 3506 1325 3575 condicione
1339 3502 1520 3590 supposita,

273 3609 401 3676 etiamsi
425 3611 531 3680 tristis
554 3613 612 3680 illa
627 3613 784 3680 vitiorum
799 3614 966 3693 colluvies,
991 3635 1075 3697 quae
1090 3614 1217 3698 lapsam
1233 3615 1386 3679 naturam
1401 3629 1521 3676 revera

365 3865 371 3893 ¹
392 3861 431 3916 De
450 3863 563 3916 civitate
582 3863 631 3917 Dei
650 3864 669 3918 l.
690 3867 730 3930 14,
750 3883 772 3919 0.
793 3865 861 3926 531.
884 3866 924 3928 15,
944 3883 966 3920 0.
988 3865 1055 3928 1;1.
1077 3865 1118 3928 19,
1138 3881 1161 3918 0.
1182 3865 1224 3918 15.

362 3951 373 3982 ²
392 3949 536 4020 Complura
556 3951 687 4006 eiusmodi
706 3953 789 4006 011111
807 3954 875 4006 citat
895 3953 981 4020 smel,
1000 3951 1175 4020 Philosophie
1194 3951 1519 4019 (10011001101115300,

272 4039 288 4102 ξ
309 4039 351 4103 50,
370 4037 535 4107 Heidelberg
556 4039 633 4094 1854.
667 4041 713 4094 Sic
731 4059 754 4094 e.
774 4059 800 4110 g.
820 4043 965 4096 Mamilius
983 4043 1017 4094 dc
1034 4042 1148 4094 Paduo:
1168 4039 1215 4106 ,ln
1233 4058 1287 4109 qno
1307 4039 1426 4107 (scillcet
1443 4041 1519 4093 statu

272 4126 455 4194 innocentiae)
481 4127 616 4196 siquidem
635 4128 832 4197 pertransisset
852 4128 980 4196 (Adam),
1008 4145 1059 4182 nec
1077 4127 1130 4182 sibi
1148 4144 1199 4181 neo
1216 4145 1283 4181 snae
1301 4127 1456 4197 posteritati
1474 4143 1519 4180 ne·

273 4215 392 4270 cessaria
411 4216 510 4270 luisset
527 4217 679 4272 officiorum
692 4217 814 4274 cirillum
827 4217 989 4280 institutio‘3
1010 4219 1038 4272 et
1050 4218 1147 4271 Petrus
1158 4219 1191 4270 de
1203 4217 1310 4270 Audio:
1331 4215 1441 4281 ,Omnis
1453 4231 1519 4270 vero

272 4303 384 4358 humani
403 4304 544 4372 regiminis
563 4307 591 4360 01
608 4306 809 4375 superioritatis
828 4306 979 4360 necessitas
999 4323 1032 4360 ex
1051 4310 1165 4376 peceato
1183 4305 1318 4376 provenit.
1336 4334 1372 4344 -
1391 4305 1518 4360 Ceterum

272 4393 385 4448 eandem
404 4393 568 4450 senteutiam
587 4395 646 4464 ipse
659 4396 795 4450 Lutlremrs
812 4413 863 4450 sua
882 4398 973 4450 aetate
992 4395 1151 4450 nouaclum
1171 4411 1231 4450 curn
1250 4394 1373 4464 emphasi
1392 4395 1518 4458 asseruit,

272 4499 368 4536 rerum
394 4481 476 4538 etiam
502 4483 683 4552 exaggeravit
708 4483 747 4538 ita
772 4484 894 4538 scribens
919 4485 946 4538 in
970 4484 1038 4539 Gen.
1064 4484 1091 4538 11
1116 4485 1166 4540 30:
1198 4483 1312 4550 ,Politia
1337 4486 1429 4538 autem
1454 4487 1518 4538 ante

272 4574 414 4640 peceatum
440 4571 515 4625 nulla
540 4571 606 4636 fnit,
633 4588 721 4640 neque
746 4571 818 4624 enim
844 4589 875 4625 ea
901 4589 969 4642 opus
994 4571 1055 4625 fuit
1092 4571 1143 4625 uso
1161 4572 1233 4625 enim
1252 4571 1351 4625 Politia
1369 4572 1517 4626 remedium

272 4658 457 4712 necessarium
476 4662 591 4713 naturae
610 4663 761 4729 corruptae.
799 4659 914 4729 Oportet
939 4659 1011 4714 enim
1037 4660 1214 4730 cupiditatem
1233 4659 1382 4728 constringi
1401 4660 1519 4714 vinculis
1615 4683 1620 4691 ·

272 4745 363 4813 logum
383 4749 536 4816 etpumia,
562 4765 597 4801 ne
615 4747 699 4802 libere
719 4751 843 4815 vagetur.
881 4749 944 4803 Ideo
963 4749 1090 4803 Politiam
1110 4752 1184 4802 recte
1202 4749 1306 4802 dixeris
1324 4767 1438 4818 regnum
1457 4767 1518 4820 pec·

271 4834 350 4888 cati.u
391 4833 495 4889 Similia
519 4853 613 4890 omnes
631 4837 688 4890 fere
707 4835 838 4891 Doctores
858 4837 1007 4892 Lutberani
1032 4855 1119 4907 usque
1138 4837 1173 4891 ad
1191 4837 1365 4892 Thomasium
1385 4839 1414 4908 (†
1434 4839 1516 4908 1728)

271 4923 476 4993 profitebantur,
489 4925 524 4978 ci.
538 4943 577 4990 ea,
591 4943 661 4994 quae
674 4926 752 4980 Oard.
767 4927 974 4996 Herem-orte,
992 4927 1115 4994 ‚Kathol
1126 4926 1226 4981 Kirche
1238 4928 1293 4981 und
1306 4927 1410 4983 christi.
1420 4929 1515 4984 Staat‘

271 5012 335 5076 460,
355 5012 387 5066 de
406 5013 500 5067 eadem
518 5015 634 5068 materia
653 5016 732 5070 affert
751 5015 913 5070 documenta
931 5016 1068 5086 simulque
1086 5016 1216 5070 historice
1233 5015 1362 5071 illustrat
