3909 5842
414 605 479 669 392
642 599 731 654 Sestio
749 599 783 654 H.
822 599 902 654 Liber
919 600 954 655 11.
992 599 1082 670 Caput
1098 600 1120 654 Ι.
1159 598 1298 654 Articulus
1317 599 1343 653 3.
1379 598 1442 663 §3-

415 784 483 847 est:
500 801 577 844 oum
593 779 670 844 toea
686 777 889 844 subsidiaria
905 779 1037 864 copeadi
1048 785 1188 864 potestas
1204 777 1306 842 eidem
1317 777 1461 842 sabaeo
1478 775 1685 842 naturaliter

413 892 575 972 competat,
600 887 652 949 cai
676 887 727 949 ios
752 887 854 970 ipsam
878 891 1038 970 tamquam
1058 887 1232 968 propriam
1254 883 1427 948 inliceret?

503 989 561 1056 Oui
593 988 777 1072 quaestioni
810 989 1016 1056 verissimum
1051 1010 1243 1074 responsum
1278 987 1529 1054 subministrat
1568 987 1688 1072 partim
1756 1040 1758 1053 ,

412 1105 533 1164 natura
558 1099 605 1161 rei
628 1095 748 1180 partim
773 1099 954 1162 necessario
978 1097 1121 1162 condicio
1145 1099 1222 1164 recti
1245 1097 1373 1162 sociatis
1394 1096 1557 1176 ordinis,
1597 1115 1688 1177 quem
1756 1088 1758 1093 ’

414 1223 509 1268 omns
531 1201 583 1268 ius
605 1202 749 1270 finaliter
771 1201 915 1287 respicit.

413 1340 485 1414 482.
576 1343 629 1409 an
651 1351 772 1410 acturo
796 1345 844 1409 rei
863 1367 924 1430 per
946 1367 978 1411 se
1002 1346 1206 1411 etatstracte
1221 1344 1425 1410 considerata
1441 1341 1615 1409 dubitari
1631 1363 1689 1406 uon

413 1453 534 1534 potest,
566 1450 643 1533 quin
673 1453 823 1534 potestas
846 1450 897 1517 ius
921 1473 1016 1517 suurn
1040 1451 1219 1518 efficaciter
1241 1450 1381 1533 urgendi
1401 1473 1465 1537 per
1492 1471 1537 1516 se
1564 1451 1607 1514 et
1627 1453 1691 1533 pri-

414 1559 510 1623 mitas
540 1559 582 1623 ad
613 1578 685 1622 eum
716 1557 892 1642 pertineat,
923 1558 1014 1623 cuius
1045 1561 1097 1624 est
1126 1558 1234 1642 ipsum
1262 1557 1313 1622 ius
1343 1560 1378 1623 et
1403 1555 1493 1622 iuris
1522 1575 1630 1631 usus,
1653 1553 1691 1618 sd

337 1683 343 1702 ·
414 1663 496 1730 alios
519 1667 630 1730 autem
653 1665 783 1730 nonnisi
806 1666 998 1732 secundario
1021 1670 1055 1732 et
1078 1665 1172 1747 quasi
1188 1663 1311 1729 vicario
1327 1683 1476 1730 munere.
1514 1663 1565 1728 Id
1583 1661 1690 1746 ipsum

414 1772 585 1837 confirmat
609 1791 726 1837 caecus
749 1775 889 1838 naturae
912 1770 1074 1848 stimulus,
1105 1791 1170 1854 quo
1197 1769 1420 1853 uuusquisque
1444 1770 1493 1835 ad
1520 1770 1612 1835 iura
1634 1787 1690 1834 sura

413 1876 573 1960 imprimis
596 1877 786 1944 essentialia
814 1877 973 1944 adversus
1002 1877 1124 1944 iniusta
1153 1877 1388 1962 impedimenta
1416 1876 1492 1941 suis
1524 1876 1689 1960 propriis,

414 1981 470 2048 ubi
493 1985 682 2067 suppetunt,
712 1983 838 2048 viribus
862 1982 1067 2050 defendenda
1090 1984 1144 2048 vel
1167 1984 1268 2050 etiam
1290 1982 1495 2048 vindicanda
1522 1981 1688 2066 instigari

415 2108 451 2154 se
474 2089 576 2155 sentit
586 2091 607 2155 1.

414 2227 485 2298 483.
576 2229 698 2307 Quodsi
721 2249 801 2294 vero
825 2228 921 2294 horno
944 2228 1069 2294 iuribus
1092 2229 1262 2313 praeditus
1284 2236 1424 2295 concrete
1439 2237 1477 2293 ot
1493 2231 1684 2296 memorie

414 2337 570 2402 societatis
601 2335 837 2414 consideratur,
869 2335 1015 2420 practice
1046 2335 1246 2402 contrarium
1275 2339 1368 2400 recta
1394 2334 1484 2400 ratio
1513 2338 1683 2420 postulat

414 2439 576 2506 Nimirum
599 2441 633 2506 vi
657 2441 779 2508 ordinis
802 2441 934 2508 socialis
958 2443 1179 2508 necessarium
1195 2461 1269 2508 esse
1283 2440 1505 2524 intellegitur,
1535 2448 1580 2509 ut
1598 2466 1682 2509 erer-

414 2549 522 2613 citium
553 2547 750 2613 coercitivae
780 2549 967 2632 potestatis,
999 2570 1084 2631 quae
1113 2549 1155 2614 ad
1184 2547 1308 2614 tuenda
1331 2551 1366 2614 et
1389 2549 1587 2616 evincenda
1613 2551 1682 2615 iura

414 2656 484 2718 tum
508 2653 731 2737 publicatum
754 2654 888 2739 privata
911 2655 1098 2738 requiritur,
1117 2659 1280 2742 primario
1302 2655 1433 2738 quidem
1450 2656 1519 2722 soli
1538 2661 1680 2724 auctori·

414 2762 474 2824 toti
496 2759 612 2825 sociali
635 2765 811 2845 competat,
836 2761 877 2826 ad
901 2761 1032 2844 singula
1055 2766 1166 2828 autem
1190 2763 1337 2828 membra
1360 2761 1562 2847 inproprie
1578 2783 1680 2830 causa

414 2885 479 2930 non
503 2867 566 2932 nisi
589 2867 780 2933 secundario
805 2871 839 2933 et
860 2891 918 2953 per
941 2870 1090 2935 accidens
1112 2868 1220 2935 redire
1243 2868 1358 2953 possit.
1397 2867 1570 2936 Coactiva
1593 2870 1677 2936 enim

415 2971 495 3036 iuris
518 2976 677 3055 potestas,
702 2995 743 3040 ne
765 2973 828 3059 ipsi
850 2975 916 3054 fini,
942 2975 994 3041 cui
1017 2981 1135 3059 suapte
1150 2979 1270 3042 natura
1286 2975 1578 3055 accommodatur,
1602 2997 1677 3043 cou-

415 3079 560 3146 tradicat
583 3085 774 3164 rectumque
798 3082 943 3148 ordinem
968 3082 1125 3147 socialem
1148 3081 1320 3166 perturbet
1342 3081 1453 3165 potius
1478 3103 1588 3164 quam
1605 3103 1678 3148 rsa-

415 3185 491 3252 liter
514 3186 703 3271 adimpleat,
728 3191 806 3254 ante
830 3189 939 3256 omnia
962 3187 1139 3254 secundum
1158 3187 1364 3254 condiciones
1380 3187 1532 3254 eiusdem
1552 3191 1677 3256 ordinis

415 3294 600 3359 exercenda
624 3297 685 3371 est,
709 3295 730 3360 i.
755 3315 782 3362 e.
807 3315 867 3380 per
890 3299 1110 3362 auctoritatem
1133 3297 1288 3379 socialem,
1314 3294 1365 3360 cui
1383 3295 1468 3360 haec
1484 3316 1574 3362 cura
1589 3301 1676 3363 taur·

416 3417 513 3480 quam
545 3401 689 3484 speciale
719 3401 861 3468 officium
893 3405 965 3469 iure
994 3410 1135 3467 acturae
1166 3401 1365 3467 demandata
1388 3404 1450 3467 est.
1475 3437 1520 3446 -
1548 3402 1675 3468 Secun-

415 3503 507 3570 dario
523 3510 634 3573 autern
651 3511 685 3574 et
700 3529 759 3592 per
775 3509 926 3576 accidens
942 3508 1042 3574 etiam
1059 3507 1148 3574 intra
1163 3507 1358 3602 societatem
1374 3509 1457 3573 bene
1477 3508 1675 3575 ordinatam

415 3610 466 3676 ius
489 3612 602 3678 utendi
625 3612 796 3680 defensiva
819 3615 990 3681 coactione
1014 3613 1189 3696 aliquando
1205 3612 1248 3678 ad
1263 3613 1369 3697 ipsum
1384 3613 1464 3679 iuris
1480 3613 1673 3682 subiectum

415 3714 523 3782 redire
554 3721 589 3784 et
617 3723 787 3802 tamquam
817 3724 869 3787 ias
895 3723 1067 3806 propriam
1098 3743 1136 3785 ac
1154 3721 1325 3806 personate
1348 3718 1594 3802 quodammodo
1621 3741 1674 3786 re-

416 3821 577 3888 viviscere
600 3828 720 3908 potest.
767 3826 804 3891 Id
828 3831 896 3893 tum
921 3827 1052 3910 quidem
1076 3825 1267 3908 contingere
1290 3824 1489 3890 censendum
1505 3829 1570 3904 est,
1594 3847 1672 3891 cum

415 3927 448 3994 in
473 3949 551 3996 casu
575 3931 723 4014 urgentis
745 3932 954 4000 necessitatis
978 3933 1083 3998 omnis
1105 3943 1258 3998 recursus
1281 3931 1324 3997 ad
1346 3932 1573 3998 interventum
1590 3953 1674 3998 auc·

417 4036 562 4103 toritatis
592 4037 787 4105 excluditur.
834 4039 910 4104 Non
941 4039 1028 4105 euim
1055 4039 1203 4104 homiues
1232 4042 1369 4122 propter
1398 4037 1557 4103 socialem
1588 4059 1672 4104 auc-

415 4143 596 4223 toritatem,
621 4144 678 4210 sed
695 4137 929 4213 auctoritatem
945 4145 1101 4212 socialem
1117 4147 1253 4229 propter
1267 4142 1415 4209 homines
1431 4163 1505 4209 esse
1520 4148 1671 4210 constat.

415 4279 485 4352 484.
576 4285 770 4351 Adversarii
800 4285 895 4352 huius
925 4286 1110 4353 sententiae
1139 4284 1209 4350 fere
1234 4287 1459 4363 numerantur,
1490 4287 1668 4366 quotquot,

415 4410 436 4454 a
450 4388 576 4456 tradita
599 4391 761 4457 communi
777 4391 976 4459 christianae
992 4391 1217 4477 philosophiae
1232 4389 1444 4474 persuasione
1459 4389 1667 4462 recedentes,

415 4495 506 4564 nulla
528 4495 651 4564 homini
673 4498 746 4566 iura
769 4500 967 4568 naturaliter
986 4499 1106 4578 valida,
1131 4498 1188 4564 sed
1203 4501 1323 4565 cuncta
1338 4497 1482 4582 positiva
1496 4518 1570 4563 esse
1586 4518 1666 4564 cou-

415 4604 564 4682 tendunt,
595 4604 616 4672 i.
641 4626 669 4673 s.
694 4606 862 4685 eiusmodi,
895 4626 979 4688 quae
1010 4610 1115 4673 totam
1146 4625 1240 4671 suam
1270 4604 1336 4670 vim
1367 4603 1447 4670 iuris
1477 4623 1521 4670 ex
1549 4603 1667 4670 ordine

418 4719 726 4730 -α--νο--ψ-ψύ

508 4763 515 4794 ¹
535 4759 576 4816 Cl.
602 4764 860 4834 licemini-Sorbati,
885 4762 1013 4818 Filosofia
1038 4761 1082 4817 del
1107 4762 1208 4816 Diritto
1233 4762 1246 4816 1
1274 4761 1339 4816 137:
1368 4758 1481 4827 ,Qualla
1504 4759 1565 4815 solu
1589 4761 1663 4814 som

415 4849 537 4903 coattiva
556 4853 571 4903 s
590 4849 712 4904 inurente
731 4851 758 4906 sl
775 4853 869 4907 diritto
888 4851 938 4908 che
957 4853 981 4906 si
1000 4851 1104 4906 riti-ovs
1127 4851 1155 4905 di
1173 4851 1243 4904 lutto
1261 4849 1324 4904 uell'
1343 4849 1455 4903 attivitt
1474 4847 1519 4902 del
1535 4854 1663 4918 soggalto

416 4936 459 4992 del
479 4937 596 4993 diritto.“
636 4939 706 4995 Vide
725 4945 753 4995 st
772 4944 799 4997 S.
823 4943 914 4998 Ttora
935 4943 959 5006 2,
979 4942 1003 5005 2,
1024 4959 1049 5011 q.
1070 4941 1112 5006 64,
1132 4957 1156 4994 s.
1177 4941 1208 5004 73
1227 4956 1253 5008 q.
1275 4939 1334 5004 108,
1353 4953 1378 4992 s.
1399 4939 1412 4992 1
1433 4937 1459 4992 2.
