<?xml version="1.0" encoding="UTF-8"?>
<!DOCTYPE html PUBLIC "-//W3C//DTD XHTML 1.0 Transitional//EN"
    "http://www.w3.org/TR/xhtml1/DTD/xhtml1-transitional.dtd">
<html xmlns="http://www.w3.org/1999/xhtml" xml:lang="en" lang="en">
 <head>
  <title>
</title>
<meta http-equiv="Content-Type" content="text/html;charset=utf-8" />
  <meta name='ocr-system' content='tesseract 3.04.00' />
  <meta name='ocr-capabilities' content='ocr_page ocr_carea ocr_par ocr_line ocrx_word'/>
</head>
<body>
  <div class='ocr_page' id='page_1' title='image "./institutionesiu00meyegoog_0401.png"; bbox 0 0 3909 5842; ppageno 0'>
   <div class='ocr_carea' id='block_1_1' title="bbox 523 676 1494 747">
    <p class='ocr_par' dir='ltr' id='par_1_1' title="bbox 523 676 1494 747">
     <span class='ocr_line' id='line_1_1' title="bbox 523 676 1494 747; baseline 0.005 -17"><span class='ocrx_word' id='word_1_1' title='bbox 523 676 563 731; x_wconf 92' lang='lat' dir='ltr'><strong>Dc</strong></span> <span class='ocrx_word' id='word_1_2' title='bbox 581 677 745 732; x_wconf 73' lang='lat' dir='ltr'><strong>naturaliter</strong></span> <span class='ocrx_word' id='word_1_3' title='bbox 763 677 891 731; x_wconf 87' lang='lat' dir='ltr'><strong>instituta</strong></span> <span class='ocrx_word' id='word_1_4' title='bbox 909 677 1040 731; x_wconf 86' lang='lat' dir='ltr'><strong>societate</strong></span> <span class='ocrx_word' id='word_1_5' title='bbox 1059 677 1216 731; x_wconf 74' lang='lat' dir='ltr'><strong>domestica.</strong></span> <span class='ocrx_word' id='word_1_6' title='bbox 1430 681 1494 747; x_wconf 84' lang='grc'><strong>349</strong></span> 
     </span>
    </p>
   </div>
   <div class='ocr_carea' id='block_1_2' title="bbox 241 854 1497 1455">
    <p class='ocr_par' dir='ltr' id='par_1_2' title="bbox 241 854 1497 1455">
     <span class='ocr_line' id='line_1_2' title="bbox 243 854 1497 939; baseline 0.002 -21"><span class='ocrx_word' id='word_1_7' title='bbox 243 855 290 918; x_wconf 89' lang='lat' dir='ltr'><strong>ab</strong></span> <span class='ocrx_word' id='word_1_8' title='bbox 314 857 448 920; x_wconf 90' lang='lat' dir='ltr'><strong>auctore</strong></span> <span class='ocrx_word' id='word_1_9' title='bbox 470 857 609 920; x_wconf 91' lang='lat' dir='ltr'><strong>naturae</strong></span> <span class='ocrx_word' id='word_1_10' title='bbox 629 854 791 921; x_wconf 77' lang='lat' dir='ltr'><strong>intentam</strong></span> <span class='ocrx_word' id='word_1_11' title='bbox 807 856 889 922; x_wconf 87' lang='lat' dir='ltr'><strong>satis</strong></span> <span class='ocrx_word' id='word_1_12' title='bbox 904 855 1059 921; x_wconf 84' lang='lat' dir='ltr'><strong>insinuat.</strong></span> <span class='ocrx_word' id='word_1_13' title='bbox 1095 856 1269 922; x_wconf 90' lang='lat' dir='ltr'><strong>Sociantur</strong></span> <span class='ocrx_word' id='word_1_14' title='bbox 1284 855 1403 939; x_wconf 89' lang='lat' dir='ltr'><strong>quippe</strong></span> <span class='ocrx_word' id='word_1_15' title='bbox 1419 876 1497 921; x_wconf 90' lang='lat' dir='ltr'><strong>con·</strong></span> 
     </span>
     <span class='ocr_line' id='line_1_3' title="bbox 242 958 1497 1045; baseline 0.004 -23"><span class='ocrx_word' id='word_1_16' title='bbox 242 958 341 1042; x_wconf 87' lang='lat' dir='ltr'><strong>iuges</strong></span> <span class='ocrx_word' id='word_1_17' title='bbox 364 959 548 1026; x_wconf 85' lang='lat' dir='ltr'><strong>arctissimo</strong></span> <span class='ocrx_word' id='word_1_18' title='bbox 572 964 692 1027; x_wconf 82' lang='lat' dir='ltr'><strong>amoris</strong></span> <span class='ocrx_word' id='word_1_19' title='bbox 714 965 847 1030; x_wconf 84' lang='lat' dir='ltr'><strong>vincalo.</strong></span> <span class='ocrx_word' id='word_1_20' title='bbox 896 960 1010 1027; x_wconf 83' lang='lat' dir='ltr'><strong>Omnis</strong></span> <span class='ocrx_word' id='word_1_21' title='bbox 1033 965 1143 1027; x_wconf 91' lang='lat' dir='ltr'><strong>autem</strong></span> <span class='ocrx_word' id='word_1_22' title='bbox 1163 961 1250 1040; x_wconf 86' lang='lat' dir='ltr'><strong>unio,</strong></span> <span class='ocrx_word' id='word_1_23' title='bbox 1275 983 1373 1045; x_wconf 90' lang='lat' dir='ltr'><strong>quam</strong></span> <span class='ocrx_word' id='word_1_24' title='bbox 1393 961 1497 1027; x_wconf 85' lang='lat' dir='ltr'><strong>nectit</strong></span> 
     </span>
     <span class='ocr_line' id='line_1_4' title="bbox 244 1067 1497 1155; baseline 0.002 -25"><span class='ocrx_word' id='word_1_25' title='bbox 244 1087 340 1130; x_wconf 91' lang='lat' dir='ltr'><strong>amor</strong></span> <span class='ocrx_word' id='word_1_26' title='bbox 363 1071 463 1149; x_wconf 90' lang='lat' dir='ltr'><strong>atque</strong></span> <span class='ocrx_word' id='word_1_27' title='bbox 487 1067 641 1148; x_wconf 79' lang='lat' dir='ltr'><strong>amicitia,</strong></span> <span class='ocrx_word' id='word_1_28' title='bbox 664 1092 723 1155; x_wconf 87' lang='lat' dir='ltr'><strong>per</strong></span> <span class='ocrx_word' id='word_1_29' title='bbox 745 1091 778 1134; x_wconf 84' lang='lat' dir='ltr'><strong>aa</strong></span> <span class='ocrx_word' id='word_1_30' title='bbox 800 1069 953 1153; x_wconf 85' lang='lat' dir='ltr'><strong>perennis</strong></span> <span class='ocrx_word' id='word_1_31' title='bbox 977 1072 1029 1135; x_wconf 82' lang='lat' dir='ltr'><strong>est</strong></span> <span class='ocrx_word' id='word_1_32' title='bbox 1051 1089 1156 1150; x_wconf 91' lang='lat' dir='ltr'><strong>neque</strong></span> <span class='ocrx_word' id='word_1_33' title='bbox 1172 1068 1273 1134; x_wconf 90' lang='lat' dir='ltr'><strong>ullum</strong></span> <span class='ocrx_word' id='word_1_34' title='bbox 1290 1068 1497 1152; x_wconf 85' lang='lat' dir='ltr'><strong>praefinitum</strong></span> 
     </span>
     <span class='ocr_line' id='line_1_5' title="bbox 244 1173 1496 1257; baseline 0.002 -21"><span class='ocrx_word' id='word_1_35' title='bbox 244 1173 429 1238; x_wconf 81' lang='lat' dir='ltr'><strong>durationis</strong></span> <span class='ocrx_word' id='word_1_36' title='bbox 452 1175 629 1240; x_wconf 89' lang='lat' dir='ltr'><strong>terminum</strong></span> <span class='ocrx_word' id='word_1_37' title='bbox 652 1175 809 1242; x_wconf 80' lang='lat' dir='ltr'><strong>admittit.</strong></span> <span class='ocrx_word' id='word_1_38' title='bbox 849 1175 988 1242; x_wconf 82' lang='lat' dir='ltr'>Cessare</span> <span class='ocrx_word' id='word_1_39' title='bbox 1010 1174 1113 1257; x_wconf 87' lang='lat' dir='ltr'><strong>igitur</strong></span> <span class='ocrx_word' id='word_1_40' title='bbox 1135 1174 1201 1240; x_wconf 87' lang='lat' dir='ltr'><strong>iata</strong></span> <span class='ocrx_word' id='word_1_41' title='bbox 1223 1173 1356 1240; x_wconf 84' lang='lat' dir='ltr'><strong>socialis</strong></span> <span class='ocrx_word' id='word_1_42' title='bbox 1378 1173 1496 1239; x_wconf 88' lang='lat' dir='ltr'><strong>relatio</strong></span> 
     </span>
     <span class='ocr_line' id='line_1_6' title="bbox 243 1278 1497 1366; baseline 0.002 -24"><span class='ocrx_word' id='word_1_43' title='bbox 243 1278 335 1343; x_wconf 89' lang='lat' dir='ltr'><strong>inter</strong></span> <span class='ocrx_word' id='word_1_44' title='bbox 363 1279 514 1346; x_wconf 86' lang='lat' dir='ltr'><strong>viventes</strong></span> <span class='ocrx_word' id='word_1_45' title='bbox 547 1283 702 1364; x_wconf 87' lang='lat' dir='ltr'><strong>coniuges</strong></span> <span class='ocrx_word' id='word_1_46' title='bbox 726 1304 791 1349; x_wconf 93' lang='lat' dir='ltr'><strong>non</strong></span> <span class='ocrx_word' id='word_1_47' title='bbox 815 1285 926 1366; x_wconf 87' lang='lat' dir='ltr'><strong>potest</strong></span> <span class='ocrx_word' id='word_1_48' title='bbox 949 1282 1013 1348; x_wconf 88' lang='lat' dir='ltr'><strong>nisi</strong></span> <span class='ocrx_word' id='word_1_49' title='bbox 1034 1301 1095 1366; x_wconf 90' lang='lat' dir='ltr'><strong>per</strong></span> <span class='ocrx_word' id='word_1_50' title='bbox 1117 1281 1281 1364; x_wconf 91' lang='lat' dir='ltr'><strong>quandam</strong></span> <span class='ocrx_word' id='word_1_51' title='bbox 1305 1280 1497 1346; x_wconf 85' lang='lat' dir='ltr'><strong>violentiam</strong></span> 
     </span>
     <span class='ocr_line' id='line_1_7' title="bbox 241 1386 677 1455; baseline 0.011 -5"><span class='ocrx_word' id='word_1_52' title='bbox 241 1387 387 1452; x_wconf 87' lang='lat' dir='ltr'><strong>naturae</strong></span> <span class='ocrx_word' id='word_1_53' title='bbox 400 1386 516 1452; x_wconf 77' lang='lat' dir='ltr'><strong>‘ordini</strong></span> <span class='ocrx_word' id='word_1_54' title='bbox 539 1387 677 1455; x_wconf 86' lang='lat' dir='ltr'><strong>illatam.</strong></span> 
     </span>
    </p>
   </div>
   <div class='ocr_carea' id='block_1_3' title="bbox 241 1523 1500 2780">
    <p class='ocr_par' dir='ltr' id='par_1_3' title="bbox 241 1523 1186 1616">
     <span class='ocr_line' id='line_1_8' title="bbox 241 1523 1186 1616; baseline 0.001 -23"><span class='ocrx_word' id='word_1_55' title='bbox 241 1523 317 1594; x_wconf 82' lang='grc'><strong>409.</strong></span> <span class='ocrx_word' id='word_1_56' title='bbox 409 1523 569 1596; x_wconf 68' lang='lat' dir='ltr'><strong>Probatur</strong></span> <span class='ocrx_word' id='word_1_57' title='bbox 589 1544 666 1616; x_wconf 74' lang='lat' dir='ltr'><strong>part</strong></span> <span class='ocrx_word' id='word_1_58' title='bbox 689 1525 730 1598; x_wconf 90' lang='grc' dir='ltr'><strong>Π.</strong></span> <span class='ocrx_word' id='word_1_59' title='bbox 776 1531 826 1596; x_wconf 89' lang='lat' dir='ltr'><strong>Dc</strong></span> <span class='ocrx_word' id='word_1_60' title='bbox 849 1533 993 1596; x_wconf 81' lang='lat' dir='ltr'><strong>societate</strong></span> <span class='ocrx_word' id='word_1_61' title='bbox 1012 1532 1186 1615; x_wconf 79' lang='lat' dir='ltr'><strong>parentali.</strong></span> 
     </span>
    </p>

    <p class='ocr_par' dir='ltr' id='par_1_4' title="bbox 244 1631 1500 2780">
     <span class='ocr_line' id='line_1_9' title="bbox 339 1631 1499 1718; baseline 0.002 -22"><span class='ocrx_word' id='word_1_62' title='bbox 339 1631 531 1716; x_wconf 84' lang='lat' dir='ltr'><strong>Coniugium</strong></span> <span class='ocrx_word' id='word_1_63' title='bbox 555 1633 598 1699; x_wconf 87' lang='lat' dir='ltr'><strong>ad</strong></span> <span class='ocrx_word' id='word_1_64' title='bbox 620 1637 825 1718; x_wconf 80' lang='lat' dir='ltr'><strong>parentalem</strong></span> <span class='ocrx_word' id='word_1_65' title='bbox 850 1636 1044 1702; x_wconf 87' lang='lat' dir='ltr'><strong>relationem</strong></span> <span class='ocrx_word' id='word_1_66' title='bbox 1067 1636 1265 1702; x_wconf 79' lang='lat' dir='ltr'><strong>naturaliter</strong></span> <span class='ocrx_word' id='word_1_67' title='bbox 1288 1634 1422 1700; x_wconf 85' lang='lat' dir='ltr'><strong>extendi</strong></span> <span class='ocrx_word' id='word_1_68' title='bbox 1440 1655 1499 1718; x_wconf 87' lang='lat' dir='ltr'><strong>per</strong></span> 
     </span>
     <span class='ocr_line' id='line_1_10' title="bbox 244 1738 1500 1819; baseline 0.002 -17"><span class='ocrx_word' id='word_1_69' title='bbox 244 1757 285 1802; x_wconf 87' lang='lat' dir='ltr'><strong>se</strong></span> <span class='ocrx_word' id='word_1_70' title='bbox 308 1738 391 1803; x_wconf 88' lang='lat' dir='ltr'><strong>satis</strong></span> <span class='ocrx_word' id='word_1_71' title='bbox 414 1738 626 1805; x_wconf 83' lang='lat' dir='ltr'><strong>manifestum</strong></span> <span class='ocrx_word' id='word_1_72' title='bbox 650 1743 712 1819; x_wconf 86' lang='lat' dir='ltr'><strong>est,</strong></span> <span class='ocrx_word' id='word_1_73' title='bbox 743 1763 815 1808; x_wconf 89' lang='lat' dir='ltr'><strong>eam</strong></span> <span class='ocrx_word' id='word_1_74' title='bbox 840 1764 919 1808; x_wconf 90' lang='lat' dir='ltr'><strong>vero</strong></span> <span class='ocrx_word' id='word_1_75' title='bbox 942 1763 986 1808; x_wconf 84' lang='lat' dir='ltr'><strong>ex</strong></span> <span class='ocrx_word' id='word_1_76' title='bbox 1009 1746 1148 1808; x_wconf 89' lang='lat' dir='ltr'><strong>naturae</strong></span> <span class='ocrx_word' id='word_1_77' title='bbox 1171 1742 1324 1808; x_wconf 90' lang='lat' dir='ltr'><strong>instituto</strong></span> <span class='ocrx_word' id='word_1_78' title='bbox 1348 1740 1500 1806; x_wconf 86' lang='lat' dir='ltr'><strong>similiter</strong></span> 
     </span>
     <span class='ocr_line' id='line_1_11' title="bbox 244 1847 1499 1934; baseline 0.001 -24"><span class='ocrx_word' id='word_1_79' title='bbox 244 1847 374 1910; x_wconf 78' lang='lat' dir='ltr'><strong>stabilis</strong></span> <span class='ocrx_word' id='word_1_80' title='bbox 398 1848 526 1912; x_wconf 82' lang='lat' dir='ltr'><strong>socialis</strong></span> <span class='ocrx_word' id='word_1_81' title='bbox 548 1849 679 1914; x_wconf 82' lang='lat' dir='ltr'><strong>animis</strong></span> <span class='ocrx_word' id='word_1_82' title='bbox 698 1847 859 1914; x_wconf 92' lang='lat' dir='ltr'><strong>rationem</strong></span> <span class='ocrx_word' id='word_1_83' title='bbox 875 1849 1006 1926; x_wconf 89' lang='lat' dir='ltr'><strong>habere,</strong></span> <span class='ocrx_word' id='word_1_84' title='bbox 1030 1870 1090 1934; x_wconf 89' lang='lat' dir='ltr'><strong>per</strong></span> <span class='ocrx_word' id='word_1_85' title='bbox 1104 1849 1236 1914; x_wconf 91' lang='lat' dir='ltr'><strong>modum</strong></span> <span class='ocrx_word' id='word_1_86' title='bbox 1253 1847 1416 1914; x_wconf 85' lang='lat' dir='ltr'><strong>corollarii</strong></span> <span class='ocrx_word' id='word_1_87' title='bbox 1431 1847 1499 1930; x_wconf 91' lang='lat' dir='ltr'><strong>pri·</strong></span> 
     </span>
     <span class='ocr_line' id='line_1_12' title="bbox 244 1953 1499 2038; baseline 0.002 -22"><span class='ocrx_word' id='word_1_88' title='bbox 244 1973 337 2016; x_wconf 89' lang='lat' dir='ltr'><strong>mam</strong></span> <span class='ocrx_word' id='word_1_89' title='bbox 360 1955 489 2035; x_wconf 86' lang='lat' dir='ltr'><strong>partem</strong></span> <span class='ocrx_word' id='word_1_90' title='bbox 512 1953 636 2020; x_wconf 90' lang='lat' dir='ltr'><strong>invicte</strong></span> <span class='ocrx_word' id='word_1_91' title='bbox 660 1955 879 2038; x_wconf 82' lang='lat' dir='ltr'><strong>consequitur,</strong></span> <span class='ocrx_word' id='word_1_92' title='bbox 904 1977 965 2022; x_wconf 89' lang='lat' dir='ltr'><strong>nec</strong></span> <span class='ocrx_word' id='word_1_93' title='bbox 988 1977 1053 2021; x_wconf 90' lang='lat' dir='ltr'><strong>non</strong></span> <span class='ocrx_word' id='word_1_94' title='bbox 1076 1957 1200 2022; x_wconf 88' lang='lat' dir='ltr'><strong>directe</strong></span> <span class='ocrx_word' id='word_1_95' title='bbox 1222 1956 1339 2020; x_wconf 90' lang='lat' dir='ltr'><strong>iisdem</strong></span> <span class='ocrx_word' id='word_1_96' title='bbox 1359 1953 1430 2019; x_wconf 85' lang='lat' dir='ltr'><strong>fere</strong></span> <span class='ocrx_word' id='word_1_97' title='bbox 1445 1975 1499 2019; x_wconf 90' lang='lat' dir='ltr'><strong>ar-</strong></span> 
     </span>
     <span class='ocr_line' id='line_1_13' title="bbox 246 2058 1499 2145; baseline 0.002 -22"><span class='ocrx_word' id='word_1_98' title='bbox 246 2058 416 2140; x_wconf 87' lang='lat' dir='ltr'><strong>gumentis</strong></span> <span class='ocrx_word' id='word_1_99' title='bbox 438 2060 503 2124; x_wconf 90' lang='lat' dir='ltr'><strong>iarn</strong></span> <span class='ocrx_word' id='word_1_100' title='bbox 527 2061 702 2145; x_wconf 89' lang='lat' dir='ltr'><strong>probatum</strong></span> <span class='ocrx_word' id='word_1_101' title='bbox 726 2063 851 2127; x_wconf 87' lang='lat' dir='ltr'><strong>censeri</strong></span> <span class='ocrx_word' id='word_1_102' title='bbox 867 2065 987 2145; x_wconf 89' lang='lat' dir='ltr'><strong>potest.</strong></span> <span class='ocrx_word' id='word_1_103' title='bbox 1019 2062 1143 2127; x_wconf 84' lang='lat' dir='ltr'><strong>Eadem</strong></span> <span class='ocrx_word' id='word_1_104' title='bbox 1160 2083 1240 2127; x_wconf 91' lang='lat' dir='ltr'><strong>vero</strong></span> <span class='ocrx_word' id='word_1_105' title='bbox 1256 2061 1355 2127; x_wconf 90' lang='lat' dir='ltr'><strong>etiam</strong></span> <span class='ocrx_word' id='word_1_106' title='bbox 1372 2061 1499 2126; x_wconf 88' lang='lat' dir='ltr'><strong>ratione</strong></span> 
     </span>
     <span class='ocr_line' id='line_1_14' title="bbox 246 2165 1498 2252; baseline 0.002 -23"><span class='ocrx_word' id='word_1_107' title='bbox 246 2165 324 2248; x_wconf 82' lang='lat' dir='ltr'><strong>fiais</strong></span> <span class='ocrx_word' id='word_1_108' title='bbox 340 2169 419 2232; x_wconf 91' lang='lat' dir='ltr'><strong>nota</strong></span> <span class='ocrx_word' id='word_1_109' title='bbox 435 2186 536 2232; x_wconf 90' lang='lat' dir='ltr'><strong>verae</strong></span> <span class='ocrx_word' id='word_1_110' title='bbox 548 2171 705 2234; x_wconf 70' lang='lat' dir='ltr'><strong>camelolis</strong></span> <span class='ocrx_word' id='word_1_111' title='bbox 717 2189 924 2252; x_wconf 90' lang='lat' dir='ltr'><strong>nequaquam</strong></span> <span class='ocrx_word' id='word_1_112' title='bbox 937 2171 1039 2245; x_wconf 89' lang='lat' dir='ltr'><strong>caret,</strong></span> <span class='ocrx_word' id='word_1_113' title='bbox 1057 2168 1211 2251; x_wconf 92' lang='lat' dir='ltr'><strong>quidquid</strong></span> <span class='ocrx_word' id='word_1_114' title='bbox 1224 2189 1310 2233; x_wconf 91' lang='lat' dir='ltr'><strong>vane</strong></span> <span class='ocrx_word' id='word_1_115' title='bbox 1322 2171 1498 2251; x_wconf 81' lang='lat' dir='ltr'><strong>opponant,</strong></span> 
     </span>
     <span class='ocr_line' id='line_1_15' title="bbox 250 2251 1500 2358; baseline 0.003 -24"><span class='ocrx_word' id='word_1_116' title='bbox 250 2271 307 2352; x_wconf 93' lang='lat' dir='ltr'><strong>qui</strong></span> <span class='ocrx_word' id='word_1_117' title='bbox 338 2272 461 2337; x_wconf 87' lang='lat' dir='ltr'><strong>nullam</strong></span> <span class='ocrx_word' id='word_1_118' title='bbox 494 2251 606 2338; x_wconf 78' lang='lat' dir='ltr'><strong>veram</strong></span> <span class='ocrx_word' id='word_1_119' title='bbox 638 2273 830 2340; x_wconf 89' lang='lat' dir='ltr'><strong>societatem</strong></span> <span class='ocrx_word' id='word_1_120' title='bbox 862 2273 922 2339; x_wconf 91' lang='lat' dir='ltr'><strong>nisi</strong></span> <span class='ocrx_word' id='word_1_121' title='bbox 952 2274 1123 2358; x_wconf 88' lang='lat' dir='ltr'><strong>paetitiam</strong></span> <span class='ocrx_word' id='word_1_122' title='bbox 1148 2294 1221 2340; x_wconf 87' lang='lat' dir='ltr'><strong>esse</strong></span> <span class='ocrx_word' id='word_1_123' title='bbox 1244 2275 1391 2343; x_wconf 84' lang='lat' dir='ltr'><strong>volunt1.</strong></span> <span class='ocrx_word' id='word_1_124' title='bbox 1438 2272 1500 2338; x_wconf 82' lang='lat' dir='ltr'><strong>Est</strong></span> 
     </span>
     <span class='ocr_line' id='line_1_16' title="bbox 252 2376 1500 2466; baseline 0.001 -24"><span class='ocrx_word' id='word_1_125' title='bbox 252 2376 339 2442; x_wconf 88' lang='lat' dir='ltr'><strong>enim</strong></span> <span class='ocrx_word' id='word_1_126' title='bbox 363 2379 506 2444; x_wconf 81' lang='lat' dir='ltr'><strong>educatio</strong></span> <span class='ocrx_word' id='word_1_127' title='bbox 530 2383 659 2466; x_wconf 79' lang='lat' dir='ltr'><strong>eiusque</strong></span> <span class='ocrx_word' id='word_1_128' title='bbox 676 2381 813 2464; x_wconf 74' lang='lat' dir='ltr'><strong>fractus,</strong></span> <span class='ocrx_word' id='word_1_129' title='bbox 838 2381 893 2462; x_wconf 93' lang='lat' dir='ltr'><strong>qui</strong></span> <span class='ocrx_word' id='word_1_130' title='bbox 908 2384 1078 2462; x_wconf 88' lang='lat' dir='ltr'><strong>tamquam</strong></span> <span class='ocrx_word' id='word_1_131' title='bbox 1094 2380 1169 2445; x_wconf 89' lang='lat' dir='ltr'><strong>finis</strong></span> <span class='ocrx_word' id='word_1_132' title='bbox 1184 2381 1346 2445; x_wconf 88' lang='lat' dir='ltr'><strong>naturalis</strong></span> <span class='ocrx_word' id='word_1_133' title='bbox 1361 2379 1409 2444; x_wconf 89' lang='lat' dir='ltr'><strong>illi</strong></span> <span class='ocrx_word' id='word_1_134' title='bbox 1424 2400 1500 2463; x_wconf 89' lang='lat' dir='ltr'><strong>pro·</strong></span> 
     </span>
     <span class='ocr_line' id='line_1_17' title="bbox 251 2483 1500 2571; baseline 0.002 -23"><span class='ocrx_word' id='word_1_135' title='bbox 251 2483 393 2567; x_wconf 88' lang='lat' dir='ltr'><strong>ponitur,</strong></span> <span class='ocrx_word' id='word_1_136' title='bbox 418 2489 452 2550; x_wconf 90' lang='lat' dir='ltr'><strong>et</strong></span> <span class='ocrx_word' id='word_1_137' title='bbox 475 2485 517 2549; x_wconf 92' lang='lat' dir='ltr'><strong>ad</strong></span> <span class='ocrx_word' id='word_1_138' title='bbox 541 2507 637 2568; x_wconf 91' lang='lat' dir='ltr'><strong>quem</strong></span> <span class='ocrx_word' id='word_1_139' title='bbox 660 2489 729 2552; x_wconf 92' lang='lat' dir='ltr'><strong>tum</strong></span> <span class='ocrx_word' id='word_1_140' title='bbox 749 2491 904 2571; x_wconf 88' lang='lat' dir='ltr'><strong>parentes</strong></span> <span class='ocrx_word' id='word_1_141' title='bbox 927 2491 998 2552; x_wconf 90' lang='lat' dir='ltr'><strong>tum</strong></span> <span class='ocrx_word' id='word_1_142' title='bbox 1014 2486 1184 2552; x_wconf 87' lang='lat' dir='ltr'><strong>liberisue</strong></span> <span class='ocrx_word' id='word_1_143' title='bbox 1199 2487 1296 2552; x_wconf 91' lang='lat' dir='ltr'><strong>modo</strong></span> <span class='ocrx_word' id='word_1_144' title='bbox 1313 2485 1500 2570; x_wconf 89' lang='lat' dir='ltr'><strong>conspirare</strong></span> 
     </span>
     <span class='ocr_line' id='line_1_18' title="bbox 252 2590 1500 2677; baseline 0.002 -23"><span class='ocrx_word' id='word_1_145' title='bbox 252 2590 382 2668; x_wconf 90' lang='lat' dir='ltr'><strong>debent,</strong></span> <span class='ocrx_word' id='word_1_146' title='bbox 414 2611 491 2656; x_wconf 88' lang='lat' dir='ltr'><strong>vere</strong></span> <span class='ocrx_word' id='word_1_147' title='bbox 522 2593 636 2658; x_wconf 80' lang='lat' dir='ltr'><strong>tonum</strong></span> <span class='ocrx_word' id='word_1_148' title='bbox 667 2615 827 2660; x_wconf 82' lang='lat' dir='ltr'><strong>commune</strong></span> <span class='ocrx_word' id='word_1_149' title='bbox 858 2615 1055 2677; x_wconf 90' lang='lat' dir='ltr'><strong>quamquam</strong></span> <span class='ocrx_word' id='word_1_150' title='bbox 1085 2594 1234 2677; x_wconf 84' lang='lat' dir='ltr'><strong>proxime</strong></span> <span class='ocrx_word' id='word_1_151' title='bbox 1261 2593 1359 2659; x_wconf 88' lang='lat' dir='ltr'><strong>aliter</strong></span> <span class='ocrx_word' id='word_1_152' title='bbox 1381 2594 1500 2658; x_wconf 92' lang='lat' dir='ltr'><strong>bonum</strong></span> 
     </span>
     <span class='ocr_line' id='line_1_19' title="bbox 249 2697 706 2780; baseline 0.015 -19"><span class='ocrx_word' id='word_1_153' title='bbox 249 2697 442 2780; x_wconf 87' lang='lat' dir='ltr'><strong>parentibus</strong></span> <span class='ocrx_word' id='word_1_154' title='bbox 465 2699 563 2767; x_wconf 89' lang='lat' dir='ltr'><strong>aliter</strong></span> <span class='ocrx_word' id='word_1_155' title='bbox 585 2700 706 2768; x_wconf 79' lang='lat' dir='ltr'><strong>liberie.</strong></span> 
     </span>
    </p>
   </div>
   <div class='ocr_carea' id='block_1_4' title="bbox 250 2835 1134 2932">
    <p class='ocr_par' dir='ltr' id='par_1_5' title="bbox 250 2835 1134 2932">
     <span class='ocr_line' id='line_1_20' title="bbox 250 2835 1134 2932; baseline 0.005 -26"><span class='ocrx_word' id='word_1_156' title='bbox 250 2835 318 2908; x_wconf 84' lang='lat'><strong>410.</strong></span> <span class='ocrx_word' id='word_1_157' title='bbox 409 2836 569 2911; x_wconf 84' lang='lat' dir='ltr'><strong>Probatur</strong></span> <span class='ocrx_word' id='word_1_158' title='bbox 589 2859 667 2932; x_wconf 74' lang='lat' dir='ltr'><strong>part</strong></span> <span class='ocrx_word' id='word_1_159' title='bbox 689 2839 746 2912; x_wconf 91' lang='grc' dir='ltr'><strong>ΙΠ.</strong></span> <span class='ocrx_word' id='word_1_160' title='bbox 791 2844 841 2908; x_wconf 86' lang='lat' dir='ltr'><strong>De</strong></span> <span class='ocrx_word' id='word_1_161' title='bbox 864 2847 1007 2910; x_wconf 85' lang='lat' dir='ltr'><strong>societate</strong></span> <span class='ocrx_word' id='word_1_162' title='bbox 1031 2845 1134 2910; x_wconf 78' lang='lat' dir='ltr'><strong>herili.</strong></span> 
     </span>
    </p>
   </div>
   <div class='ocr_carea' id='block_1_5' title="bbox 251 2945 1554 4837">
    <p class='ocr_par' dir='ltr' id='par_1_6' title="bbox 251 2945 1504 3331">
     <span class='ocr_line' id='line_1_21' title="bbox 342 2945 1502 3033; baseline 0.003 -24"><span class='ocrx_word' id='word_1_163' title='bbox 342 2945 415 3009; x_wconf 89' lang='lat' dir='ltr'><strong>Hoc</strong></span> <span class='ocrx_word' id='word_1_164' title='bbox 444 2946 575 3010; x_wconf 89' lang='lat' dir='ltr'><strong>nomine</strong></span> <span class='ocrx_word' id='word_1_165' title='bbox 597 2946 649 3010; x_wconf 93' lang='lat' dir='ltr'><strong>hic</strong></span> <span class='ocrx_word' id='word_1_166' title='bbox 673 2951 856 3030; x_wconf 83' lang='lat' dir='ltr'><strong>generatim</strong></span> <span class='ocrx_word' id='word_1_167' title='bbox 879 2949 1084 3033; x_wconf 89' lang='lat' dir='ltr'><strong>intellegitur</strong></span> <span class='ocrx_word' id='word_1_168' title='bbox 1107 2951 1300 3033; x_wconf 87' lang='lat' dir='ltr'><strong>quicumque</strong></span> <span class='ocrx_word' id='word_1_169' title='bbox 1323 2949 1502 3014; x_wconf 87' lang='lat' dir='ltr'><strong>famulatus</strong></span> 
     </span>
     <span class='ocr_line' id='line_1_22' title="bbox 251 3051 1504 3137; baseline 0.002 -21"><span class='ocrx_word' id='word_1_170' title='bbox 251 3073 325 3116; x_wconf 90' lang='lat' dir='ltr'><strong>cum</strong></span> <span class='ocrx_word' id='word_1_171' title='bbox 347 3051 508 3117; x_wconf 90' lang='lat' dir='ltr'><strong>relatione</strong></span> <span class='ocrx_word' id='word_1_172' title='bbox 523 3075 595 3118; x_wconf 84' lang='lat' dir='ltr'><strong>aere</strong></span> <span class='ocrx_word' id='word_1_173' title='bbox 610 3055 722 3118; x_wconf 85' lang='lat' dir='ltr'><strong>sociali</strong></span> <span class='ocrx_word' id='word_1_174' title='bbox 738 3054 779 3118; x_wconf 92' lang='lat' dir='ltr'><strong>ad</strong></span> <span class='ocrx_word' id='word_1_175' title='bbox 795 3053 937 3133; x_wconf 90' lang='lat' dir='ltr'><strong>domum,</strong></span> <span class='ocrx_word' id='word_1_176' title='bbox 962 3059 1063 3137; x_wconf 88' lang='lat' dir='ltr'><strong>atque</strong></span> <span class='ocrx_word' id='word_1_177' title='bbox 1078 3075 1117 3121; x_wconf 89' lang='lat' dir='ltr'><strong>eo</strong></span> <span class='ocrx_word' id='word_1_178' title='bbox 1133 3076 1231 3120; x_wconf 84' lang='lat' dir='ltr'><strong>sensu</strong></span> <span class='ocrx_word' id='word_1_179' title='bbox 1246 3057 1357 3121; x_wconf 79' lang='lat' dir='ltr'><strong>herilia</strong></span> <span class='ocrx_word' id='word_1_180' title='bbox 1372 3057 1504 3119; x_wconf 73' lang='lat' dir='ltr'><strong>accidas</strong></span> 
     </span>
     <span class='ocr_line' id='line_1_23' title="bbox 251 3161 1502 3244; baseline 0.001 -21"><span class='ocrx_word' id='word_1_181' title='bbox 251 3168 417 3244; x_wconf 81' lang='lat' dir='ltr'><strong>tamquam</strong></span> <span class='ocrx_word' id='word_1_182' title='bbox 443 3180 526 3243; x_wconf 81' lang='lat' dir='ltr'><strong>para</strong></span> <span class='ocrx_word' id='word_1_183' title='bbox 555 3161 721 3242; x_wconf 67' lang='lat' dir='ltr'><strong>integralis</strong></span> <span class='ocrx_word' id='word_1_184' title='bbox 751 3162 908 3225; x_wconf 79' lang='lat' dir='ltr'><strong>societatis</strong></span> <span class='ocrx_word' id='word_1_185' title='bbox 940 3161 1127 3226; x_wconf 81' lang='lat' dir='ltr'><strong>domesticae</strong></span> <span class='ocrx_word' id='word_1_186' title='bbox 1154 3163 1348 3226; x_wconf 80' lang='lat' dir='ltr'><strong>naturaliter</strong></span> <span class='ocrx_word' id='word_1_187' title='bbox 1370 3163 1502 3226; x_wconf 79' lang='lat' dir='ltr'><strong>inducta</strong></span> 
     </span>
     <span class='ocr_line' id='line_1_24' title="bbox 253 3268 510 3331; baseline 0 0"><span class='ocrx_word' id='word_1_188' title='bbox 253 3288 319 3331; x_wconf 82' lang='lat' dir='ltr'><strong>esse</strong></span> <span class='ocrx_word' id='word_1_189' title='bbox 344 3268 510 3331; x_wconf 78' lang='lat' dir='ltr'><strong>asseritur.</strong></span> 
     </span>
    </p>

    <p class='ocr_par' dir='ltr' id='par_1_7' title="bbox 253 3370 1554 3970">
     <span class='ocr_line' id='line_1_25' title="bbox 345 3370 1503 3458; baseline 0 -22"><span class='ocrx_word' id='word_1_190' title='bbox 345 3375 479 3458; x_wconf 78' lang='lat' dir='ltr'><strong>Arpem.</strong></span> <span class='ocrx_word' id='word_1_191' title='bbox 504 3372 531 3438; x_wconf 91' lang='lat' dir='ltr'><strong>I.</strong></span> <span class='ocrx_word' id='word_1_192' title='bbox 567 3370 604 3434; x_wconf 94' lang='lat' dir='ltr'><strong>In</strong></span> <span class='ocrx_word' id='word_1_193' title='bbox 629 3372 792 3436; x_wconf 91' lang='lat' dir='ltr'><strong>communi</strong></span> <span class='ocrx_word' id='word_1_194' title='bbox 811 3372 926 3438; x_wconf 88' lang='lat' dir='ltr'><strong>sociali</strong></span> <span class='ocrx_word' id='word_1_195' title='bbox 941 3375 1062 3438; x_wconf 89' lang='lat' dir='ltr'><strong>natura</strong></span> <span class='ocrx_word' id='word_1_196' title='bbox 1077 3395 1194 3438; x_wconf 83' lang='lat' dir='ltr'><strong>caueae</strong></span> <span class='ocrx_word' id='word_1_197' title='bbox 1209 3375 1343 3438; x_wconf 83' lang='lat' dir='ltr'><strong>morales</strong></span> <span class='ocrx_word' id='word_1_198' title='bbox 1359 3375 1503 3449; x_wconf 86' lang='lat' dir='ltr'><strong>exstant,</strong></span> 
     </span>
     <span class='ocr_line' id='line_1_26' title="bbox 253 3477 1506 3561; baseline -0.001 -20"><span class='ocrx_word' id='word_1_199' title='bbox 253 3499 274 3541; x_wconf 90' lang='lat' dir='ltr'><strong>e</strong></span> <span class='ocrx_word' id='word_1_200' title='bbox 298 3477 414 3558; x_wconf 90' lang='lat' dir='ltr'><strong>quibua</strong></span> <span class='ocrx_word' id='word_1_201' title='bbox 436 3477 494 3542; x_wconf 88' lang='lat' dir='ltr'><strong>illa</strong></span> <span class='ocrx_word' id='word_1_202' title='bbox 517 3477 648 3542; x_wconf 89' lang='lat' dir='ltr'><strong>socialis</strong></span> <span class='ocrx_word' id='word_1_203' title='bbox 671 3478 788 3544; x_wconf 86' lang='lat' dir='ltr'><strong>relatio</strong></span> <span class='ocrx_word' id='word_1_204' title='bbox 811 3482 982 3560; x_wconf 87' lang='lat' dir='ltr'><strong>tamquam</strong></span> <span class='ocrx_word' id='word_1_205' title='bbox 1006 3479 1142 3544; x_wconf 86' lang='lat' dir='ltr'><strong>effectus</strong></span> <span class='ocrx_word' id='word_1_206' title='bbox 1166 3477 1423 3561; x_wconf 85' lang='lat' dir='ltr'><strong>correspondens</strong></span> <span class='ocrx_word' id='word_1_207' title='bbox 1446 3496 1506 3559; x_wconf 91' lang='lat' dir='ltr'><strong>per</strong></span> 
     </span>
     <span class='ocr_line' id='line_1_27' title="bbox 253 3582 1504 3666; baseline -0.002 -17"><span class='ocrx_word' id='word_1_208' title='bbox 253 3605 292 3649; x_wconf 88' lang='lat' dir='ltr'><strong>se</strong></span> <span class='ocrx_word' id='word_1_209' title='bbox 309 3588 344 3649; x_wconf 89' lang='lat' dir='ltr'><strong>et</strong></span> <span class='ocrx_word' id='word_1_210' title='bbox 359 3585 542 3666; x_wconf 76' lang='lat' dir='ltr'><strong>generatim</strong></span> <span class='ocrx_word' id='word_1_211' title='bbox 559 3583 720 3666; x_wconf 87' lang='lat' dir='ltr'><strong>loquendo</strong></span> <span class='ocrx_word' id='word_1_212' title='bbox 736 3585 921 3651; x_wconf 84' lang='lat' dir='ltr'><strong>necessario</strong></span> <span class='ocrx_word' id='word_1_213' title='bbox 937 3586 1087 3651; x_wconf 89' lang='lat' dir='ltr'><strong>resultat.</strong></span> <span class='ocrx_word' id='word_1_214' title='bbox 1112 3585 1207 3649; x_wconf 93' lang='lat' dir='ltr'><strong>Hanc</strong></span> <span class='ocrx_word' id='word_1_215' title='bbox 1223 3589 1313 3650; x_wconf 91' lang='lat' dir='ltr'><strong>certe</strong></span> <span class='ocrx_word' id='word_1_216' title='bbox 1324 3582 1504 3648; x_wconf 90' lang='lat' dir='ltr'><strong>efficaciam</strong></span> 
     </span>
     <span class='ocr_line' id='line_1_28' title="bbox 253 3675 1554 3779; baseline -0.002 -24"><span class='ocrx_word' id='word_1_217' title='bbox 253 3689 415 3755; x_wconf 86' lang='lat' dir='ltr'><strong>moralem</strong></span> <span class='ocrx_word' id='word_1_218' title='bbox 439 3695 572 3756; x_wconf 82' lang='lat' dir='ltr'><strong>exercet</strong></span> <span class='ocrx_word' id='word_1_219' title='bbox 594 3693 756 3756; x_wconf 81' lang='lat' dir='ltr'><strong>naturalis</strong></span> <span class='ocrx_word' id='word_1_220' title='bbox 779 3693 955 3779; x_wconf 75' lang='lat' dir='ltr'><strong>ineliqeatia</strong></span> <span class='ocrx_word' id='word_1_221' title='bbox 979 3692 1110 3776; x_wconf 83' lang='lat' dir='ltr'><strong>duplex,</strong></span> <span class='ocrx_word' id='word_1_222' title='bbox 1141 3695 1243 3757; x_wconf 88' lang='lat' dir='ltr'><strong>altera</strong></span> <span class='ocrx_word' id='word_1_223' title='bbox 1265 3690 1367 3775; x_wconf 86' lang='lat' dir='ltr'><strong>ipsius</strong></span> <span class='ocrx_word' id='word_1_224' title='bbox 1391 3690 1506 3754; x_wconf 91' lang='lat' dir='ltr'><strong>domus</strong></span> <span class='ocrx_word' id='word_1_225' title='bbox 1545 3675 1554 3683; x_wconf 55' lang='grc'><strong>’</strong></span> 
     </span>
     <span class='ocr_line' id='line_1_29' title="bbox 253 3794 1506 3878; baseline -0.002 -15"><span class='ocrx_word' id='word_1_226' title='bbox 253 3799 291 3863; x_wconf 90' lang='lat' dir='ltr'><strong>in</strong></span> <span class='ocrx_word' id='word_1_227' title='bbox 314 3797 382 3862; x_wconf 88' lang='lat' dir='ltr'><strong>suis</strong></span> <span class='ocrx_word' id='word_1_228' title='bbox 404 3797 617 3863; x_wconf 88' lang='lat' dir='ltr'><strong>relationibus</strong></span> <span class='ocrx_word' id='word_1_229' title='bbox 640 3798 825 3864; x_wconf 87' lang='lat' dir='ltr'><strong>intrinsecis</strong></span> <span class='ocrx_word' id='word_1_230' title='bbox 847 3800 912 3865; x_wconf 90' lang='lat' dir='ltr'><strong>iam</strong></span> <span class='ocrx_word' id='word_1_231' title='bbox 937 3798 1148 3877; x_wconf 88' lang='lat' dir='ltr'><strong>constitutae,</strong></span> <span class='ocrx_word' id='word_1_232' title='bbox 1179 3800 1281 3862; x_wconf 82' lang='lat' dir='ltr'><strong>altera</strong></span> <span class='ocrx_word' id='word_1_233' title='bbox 1304 3817 1426 3871; x_wconf 83' lang='lat' dir='ltr'><strong>eorum,</strong></span> <span class='ocrx_word' id='word_1_234' title='bbox 1451 3794 1506 3878; x_wconf 91' lang='lat' dir='ltr'><strong>qui</strong></span> 
     </span>
     <span class='ocr_line' id='line_1_30' title="bbox 255 3903 1120 3970; baseline 0 0"><span class='ocrx_word' id='word_1_235' title='bbox 255 3906 291 3970; x_wconf 90' lang='lat' dir='ltr'><strong>in</strong></span> <span class='ocrx_word' id='word_1_236' title='bbox 314 3903 460 3969; x_wconf 83' lang='lat' dir='ltr'><strong>familiae</strong></span> <span class='ocrx_word' id='word_1_237' title='bbox 483 3924 602 3968; x_wconf 85' lang='lat' dir='ltr'><strong>nexum</strong></span> <span class='ocrx_word' id='word_1_238' title='bbox 627 3905 668 3969; x_wconf 88' lang='lat' dir='ltr'><strong>ab</strong></span> <span class='ocrx_word' id='word_1_239' title='bbox 692 3905 878 3970; x_wconf 89' lang='lat' dir='ltr'><strong>extrinseco</strong></span> <span class='ocrx_word' id='word_1_240' title='bbox 902 3911 1120 3970; x_wconf 90' lang='lat' dir='ltr'><strong>assumantur.</strong></span> 
     </span>
    </p>

    <p class='ocr_par' dir='ltr' id='par_1_8' title="bbox 256 4009 1509 4837">
     <span class='ocr_line' id='line_1_31' title="bbox 349 4009 1506 4094; baseline -0.002 -20"><span class='ocrx_word' id='word_1_241' title='bbox 349 4009 500 4092; x_wconf 90' lang='lat' dir='ltr'><strong>Namque</strong></span> <span class='ocrx_word' id='word_1_242' title='bbox 531 4011 564 4092; x_wconf 89' lang='lat' dir='ltr'><strong>a)</strong></span> <span class='ocrx_word' id='word_1_243' title='bbox 595 4011 710 4076; x_wconf 91' lang='lat' dir='ltr'><strong>domus</strong></span> <span class='ocrx_word' id='word_1_244' title='bbox 740 4011 781 4076; x_wconf 91' lang='lat' dir='ltr'><strong>ad</strong></span> <span class='ocrx_word' id='word_1_245' title='bbox 810 4011 993 4094; x_wconf 82' lang='lat' dir='ltr'><strong>perfectum</strong></span> <span class='ocrx_word' id='word_1_246' title='bbox 1022 4032 1116 4076; x_wconf 87' lang='lat' dir='ltr'><strong>suum</strong></span> <span class='ocrx_word' id='word_1_247' title='bbox 1140 4013 1264 4075; x_wconf 89' lang='lat' dir='ltr'><strong>statum</strong></span> <span class='ocrx_word' id='word_1_248' title='bbox 1287 4012 1321 4074; x_wconf 93' lang='lat' dir='ltr'><strong>et</strong></span> <span class='ocrx_word' id='word_1_249' title='bbox 1344 4010 1385 4074; x_wconf 91' lang='lat' dir='ltr'><strong>ad</strong></span> <span class='ocrx_word' id='word_1_250' title='bbox 1409 4011 1506 4073; x_wconf 88' lang='lat' dir='ltr'><strong>finem</strong></span> 
     </span>
     <span class='ocr_line' id='line_1_32' title="bbox 256 4114 1507 4202; baseline -0.004 -19"><span class='ocrx_word' id='word_1_251' title='bbox 256 4116 423 4202; x_wconf 88' lang='lat' dir='ltr'><strong>parentali</strong></span> <span class='ocrx_word' id='word_1_252' title='bbox 446 4117 640 4200; x_wconf 89' lang='lat' dir='ltr'><strong>praesertim</strong></span> <span class='ocrx_word' id='word_1_253' title='bbox 664 4117 815 4183; x_wconf 88' lang='lat' dir='ltr'><strong>societati</strong></span> <span class='ocrx_word' id='word_1_254' title='bbox 839 4137 1018 4199; x_wconf 89' lang='lat' dir='ltr'><strong>congruum</strong></span> <span class='ocrx_word' id='word_1_255' title='bbox 1041 4115 1104 4181; x_wconf 90' lang='lat' dir='ltr'><strong>rite</strong></span> <span class='ocrx_word' id='word_1_256' title='bbox 1121 4137 1159 4181; x_wconf 92' lang='lat' dir='ltr'><strong>ac</strong></span> <span class='ocrx_word' id='word_1_257' title='bbox 1174 4115 1311 4199; x_wconf 91' lang='lat' dir='ltr'><strong>provide</strong></span> <span class='ocrx_word' id='word_1_258' title='bbox 1326 4114 1507 4198; x_wconf 90' lang='lat' dir='ltr'><strong>adimplen-</strong></span> 
     </span>
     <span class='ocr_line' id='line_1_33' title="bbox 259 4221 1506 4306; baseline -0.004 -18"><span class='ocrx_word' id='word_1_259' title='bbox 259 4225 335 4288; x_wconf 93' lang='lat' dir='ltr'><strong>dum</strong></span> <span class='ocrx_word' id='word_1_260' title='bbox 360 4222 543 4306; x_wconf 87' lang='lat' dir='ltr'><strong>generatim</strong></span> <span class='ocrx_word' id='word_1_261' title='bbox 566 4223 693 4305; x_wconf 88' lang='lat' dir='ltr'><strong>indiget</strong></span> <span class='ocrx_word' id='word_1_262' title='bbox 715 4223 839 4288; x_wconf 89' lang='lat' dir='ltr'><strong>viribus</strong></span> <span class='ocrx_word' id='word_1_263' title='bbox 863 4224 897 4287; x_wconf 89' lang='lat' dir='ltr'><strong>et</strong></span> <span class='ocrx_word' id='word_1_264' title='bbox 920 4221 1117 4286; x_wconf 88' lang='lat' dir='ltr'><strong>adiumentis</strong></span> <span class='ocrx_word' id='word_1_265' title='bbox 1133 4221 1310 4297; x_wconf 76' lang='lat' dir='ltr'><strong>extraneis,</strong></span> <span class='ocrx_word' id='word_1_266' title='bbox 1335 4240 1506 4301; x_wconf 89' lang='lat' dir='ltr'><strong>quaecum</strong></span> 
     </span>
     <span class='ocr_line' id='line_1_34' title="bbox 259 4324 1508 4412; baseline -0.003 -18"><span class='ocrx_word' id='word_1_267' title='bbox 259 4329 447 4412; x_wconf 82' lang='lat' dir='ltr'><strong>originariis</strong></span> <span class='ocrx_word' id='word_1_268' title='bbox 476 4327 621 4393; x_wconf 82' lang='lat' dir='ltr'><strong>familiae</strong></span> <span class='ocrx_word' id='word_1_269' title='bbox 651 4328 804 4393; x_wconf 88' lang='lat' dir='ltr'><strong>membris</strong></span> <span class='ocrx_word' id='word_1_270' title='bbox 835 4326 985 4394; x_wconf 91' lang='lat' dir='ltr'><strong>ordinate</strong></span> <span class='ocrx_word' id='word_1_271' title='bbox 1013 4328 1244 4410; x_wconf 81' lang='lat' dir='ltr'><strong>cooperentur3</strong></span> <span class='ocrx_word' id='word_1_272' title='bbox 1276 4324 1405 4391; x_wconf 89' lang='lat' dir='ltr'><strong>aliunde</strong></span> <span class='ocrx_word' id='word_1_273' title='bbox 1429 4345 1508 4390; x_wconf 90' lang='lat' dir='ltr'><strong>vero</strong></span> 
     </span>
     <span class='ocr_line' id='line_1_35' title="bbox 260 4431 1509 4520; baseline -0.004 -19"><span class='ocrx_word' id='word_1_274' title='bbox 260 4438 296 4520; x_wconf 90' lang='lat' dir='ltr'><strong>b)</strong></span> <span class='ocrx_word' id='word_1_275' title='bbox 320 4435 450 4520; x_wconf 86' lang='lat' dir='ltr'><strong>plurimi</strong></span> <span class='ocrx_word' id='word_1_276' title='bbox 480 4455 608 4518; x_wconf 90' lang='lat' dir='ltr'><strong>semper</strong></span> <span class='ocrx_word' id='word_1_277' title='bbox 630 4435 841 4500; x_wconf 87' lang='lat' dir='ltr'><strong>inveniuntur</strong></span> <span class='ocrx_word' id='word_1_278' title='bbox 863 4433 1021 4511; x_wconf 88' lang='lat' dir='ltr'><strong>homines,</strong></span> <span class='ocrx_word' id='word_1_279' title='bbox 1052 4432 1106 4514; x_wconf 92' lang='lat' dir='ltr'><strong>qui</strong></span> <span class='ocrx_word' id='word_1_280' title='bbox 1130 4435 1220 4496; x_wconf 89' lang='lat' dir='ltr'><strong>sorte</strong></span> <span class='ocrx_word' id='word_1_281' title='bbox 1242 4435 1379 4497; x_wconf 89' lang='lat' dir='ltr'><strong>utuntur</strong></span> <span class='ocrx_word' id='word_1_282' title='bbox 1401 4431 1509 4496; x_wconf 87' lang='lat' dir='ltr'><strong>minus</strong></span> 
     </span>
     <span class='ocr_line' id='line_1_36' title="bbox 260 4537 1509 4626; baseline -0.004 -19"><span class='ocrx_word' id='word_1_283' title='bbox 260 4561 419 4626; x_wconf 89' lang='lat' dir='ltr'><strong>prospera</strong></span> <span class='ocrx_word' id='word_1_284' title='bbox 442 4545 477 4606; x_wconf 88' lang='lat' dir='ltr'><strong>et</strong></span> <span class='ocrx_word' id='word_1_285' title='bbox 499 4562 702 4623; x_wconf 89' lang='lat' dir='ltr'><strong>quacumque</strong></span> <span class='ocrx_word' id='word_1_286' title='bbox 725 4541 853 4606; x_wconf 90' lang='lat' dir='ltr'><strong>demum</strong></span> <span class='ocrx_word' id='word_1_287' title='bbox 878 4561 920 4605; x_wconf 85' lang='lat' dir='ltr'><strong>ex</strong></span> <span class='ocrx_word' id='word_1_288' title='bbox 944 4560 1044 4604; x_wconf 82' lang='lat' dir='ltr'><strong>causa</strong></span> <span class='ocrx_word' id='word_1_289' title='bbox 1061 4538 1204 4622; x_wconf 87' lang='lat' dir='ltr'><strong>impares</strong></span> <span class='ocrx_word' id='word_1_290' title='bbox 1218 4542 1304 4616; x_wconf 88' lang='lat' dir='ltr'><strong>sunt,</strong></span> <span class='ocrx_word' id='word_1_291' title='bbox 1329 4537 1383 4620; x_wconf 90' lang='lat' dir='ltr'><strong>qui</strong></span> <span class='ocrx_word' id='word_1_292' title='bbox 1398 4559 1457 4621; x_wconf 90' lang='lat' dir='ltr'><strong>per</strong></span> <span class='ocrx_word' id='word_1_293' title='bbox 1473 4559 1509 4603; x_wconf 88' lang='lat' dir='ltr'><strong>se</strong></span> 
     </span>
     <span class='ocr_line' id='line_1_37' title="bbox 261 4644 1509 4732; baseline -0.005 -18"><span class='ocrx_word' id='word_1_294' title='bbox 261 4650 351 4732; x_wconf 88' lang='lat' dir='ltr'><strong>ipsos</strong></span> <span class='ocrx_word' id='word_1_295' title='bbox 375 4647 504 4713; x_wconf 88' lang='lat' dir='ltr'><strong>domum</strong></span> <span class='ocrx_word' id='word_1_296' title='bbox 530 4647 733 4713; x_wconf 87' lang='lat' dir='ltr'><strong>const&#39;tuant</strong></span> <span class='ocrx_word' id='word_1_297' title='bbox 753 4653 852 4729; x_wconf 89' lang='lat' dir='ltr'><strong>atque</strong></span> <span class='ocrx_word' id='word_1_298' title='bbox 867 4647 925 4725; x_wconf 89' lang='lat' dir='ltr'><strong>ita,</strong></span> <span class='ocrx_word' id='word_1_299' title='bbox 951 4665 1036 4728; x_wconf 90' lang='lat' dir='ltr'><strong>quae</strong></span> <span class='ocrx_word' id='word_1_300' title='bbox 1051 4644 1093 4710; x_wconf 91' lang='lat' dir='ltr'><strong>ad</strong></span> <span class='ocrx_word' id='word_1_301' title='bbox 1109 4644 1199 4710; x_wconf 90' lang='lat' dir='ltr'><strong>vitae</strong></span> <span class='ocrx_word' id='word_1_302' title='bbox 1214 4665 1307 4709; x_wconf 87' lang='lat' dir='ltr'><strong>usum</strong></span> <span class='ocrx_word' id='word_1_303' title='bbox 1324 4644 1509 4709; x_wconf 86' lang='lat' dir='ltr'><strong>necessaria</strong></span> 
     </span>
     <span class='ocr_line' id='line_1_38' title="bbox 262 4750 1508 4837; baseline -0.004 -18"><span class='ocrx_word' id='word_1_304' title='bbox 262 4759 349 4832; x_wconf 81' lang='lat' dir='ltr'><strong>sunt,</strong></span> <span class='ocrx_word' id='word_1_305' title='bbox 374 4757 446 4820; x_wconf 90' lang='lat' dir='ltr'><strong>tuto</strong></span> <span class='ocrx_word' id='word_1_306' title='bbox 470 4753 531 4819; x_wconf 83' lang='lat' dir='ltr'><strong>sibi</strong></span> <span class='ocrx_word' id='word_1_307' title='bbox 554 4754 653 4819; x_wconf 88' lang='lat' dir='ltr'><strong>etiam</strong></span> <span class='ocrx_word' id='word_1_308' title='bbox 676 4775 735 4837; x_wconf 90' lang='lat' dir='ltr'><strong>pro</strong></span> <span class='ocrx_word' id='word_1_309' title='bbox 759 4753 871 4818; x_wconf 83' lang='lat' dir='ltr'><strong>futura</strong></span> <span class='ocrx_word' id='word_1_310' title='bbox 894 4755 1064 4818; x_wconf 86' lang='lat' dir='ltr'><strong>senectute</strong></span> <span class='ocrx_word' id='word_1_311' title='bbox 1080 4755 1265 4835; x_wconf 89' lang='lat' dir='ltr'><strong>procurent.</strong></span> <span class='ocrx_word' id='word_1_312' title='bbox 1300 4750 1401 4815; x_wconf 91' lang='lat' dir='ltr'><strong>Iidem</strong></span> <span class='ocrx_word' id='word_1_313' title='bbox 1418 4771 1508 4826; x_wconf 91' lang='lat' dir='ltr'><strong>vero,</strong></span> 
     </span>
    </p>
   </div>
   <div class='ocr_carea' id='block_1_6' title="bbox 357 5004 1509 5076">
    <p class='ocr_par' dir='ltr' id='par_1_9' title="bbox 357 5004 1509 5076">
     <span class='ocr_line' id='line_1_39' title="bbox 357 5004 1509 5076; baseline -0.003 -15"><span class='ocrx_word' id='word_1_314' title='bbox 357 5011 365 5041; x_wconf 88' lang='lat'><strong>¹</strong></span> <span class='ocrx_word' id='word_1_315' title='bbox 385 5007 425 5061; x_wconf 83' lang='lat' dir='ltr'><strong>Gt.</strong></span> <span class='ocrx_word' id='word_1_316' title='bbox 443 5011 535 5076; x_wconf 81' lang='lat' dir='ltr'><strong>Graec,</strong></span> <span class='ocrx_word' id='word_1_317' title='bbox 558 5007 655 5062; x_wconf 89' lang='lat' dir='ltr'><strong>Lehrb.</strong></span> <span class='ocrx_word' id='word_1_318' title='bbox 675 5007 699 5062; x_wconf 90' lang='lat' dir='ltr'><strong>d.</strong></span> <span class='ocrx_word' id='word_1_319' title='bbox 714 5007 894 5062; x_wconf 82' lang='lat' dir='ltr'><strong>Natumechts</strong></span> <span class='ocrx_word' id='word_1_320' title='bbox 914 5006 996 5074; x_wconf 73' lang='lat'>§264</span> <span class='ocrx_word' id='word_1_321' title='bbox 1009 5007 1071 5060; x_wconf 78' lang='lat'><strong>237.</strong></span> <span class='ocrx_word' id='word_1_322' title='bbox 1096 5005 1151 5058; x_wconf 86' lang='lat' dir='ltr'><strong>Alii</strong></span> <span class='ocrx_word' id='word_1_323' title='bbox 1169 5004 1251 5059; x_wconf 78' lang='lat' dir='ltr'><strong>huius</strong></span> <span class='ocrx_word' id='word_1_324' title='bbox 1269 5004 1378 5059; x_wconf 80' lang='lat' dir='ltr'><strong>scholae</strong></span> <span class='ocrx_word' id='word_1_325' title='bbox 1398 5005 1509 5074; x_wconf 86' lang='lat' dir='ltr'><strong>passim.</strong></span> 
     </span>
    </p>
   </div>
   <div class='ocr_carea' id='block_1_7' title="bbox 0 0 1986 5842">
    <p class='ocr_par' dir='ltr' id='par_1_10' title="bbox 0 0 1986 5842">
     <span class='ocr_line' id='line_1_40' title="bbox 0 0 1986 5842; baseline 0 0"><span class='ocrx_word' id='word_1_326' title='bbox 0 0 1986 5842; x_wconf 95' lang='lat' dir='ltr'><strong> </strong></span> 
     </span>
    </p>
   </div>
  </div>
 </body>
</html>
