3909 5842
558 693 599 749 De
617 694 779 750 naturaliter
796 695 923 752 instituta
942 698 1075 752 societate
1093 696 1252 751 domestica.
1468 703 1532 767 345

270 877 353 949 404.
445 876 600 944 Stabilita
626 877 691 943 iam
715 877 859 944 naturali
881 878 1021 945 hominis
1044 878 1230 944 socialitate
1253 882 1436 963 inponere,
1468 898 1533 960 qua

271 984 426 1050 eiusdem
450 983 611 1049 naturalis
635 983 811 1050 destinatio
835 983 876 1050 ad
894 985 1088 1051 societatem
1102 984 1292 1051 immediate
1308 983 1468 1066 signatur,
1492 983 1533 1049 de

271 1090 396 1156 cadem
420 1090 559 1157 ulterius
575 1092 610 1155 ia
625 1093 727 1174 specie
743 1111 901 1172 quaerere
917 1097 1085 1176 superest:
1109 1095 1220 1157 utrum
1236 1095 1270 1157 et
1285 1095 1448 1174 quatenus
1462 1090 1533 1174 ipse

271 1200 409 1264 sociatis
432 1201 644 1284 orpactemue,
669 1216 764 1279 quem
788 1196 943 1264 historice
966 1199 1054 1265 inter
1068 1198 1216 1264 homines
1231 1198 1344 1280 vigere
1360 1197 1531 1275 cemimus,

271 1322 322 1368 ex
348 1303 463 1378 eadem
482 1302 626 1369 naturali
641 1303 752 1368 radice
768 1305 861 1370 ortus
877 1324 950 1370 esse
966 1326 1007 1371 ac
1022 1305 1222 1371 naturaliter
1236 1303 1440 1370 succrevisse
1456 1323 1532 1369 cen-

271 1411 402 1475 sendus
431 1409 499 1475 sit?
533 1409 570 1475 In
602 1409 723 1492 duplici
753 1408 839 1474 enim
868 1411 1044 1495 praecipue
1067 1411 1236 1488 societate,
1267 1410 1294 1476 si
1318 1409 1361 1476 ab
1383 1409 1533 1474 Ecclesia

272 1515 578 1599 supernaturaliter
592 1515 747 1581 instituta
761 1516 1029 1598 praescindimus,
1045 1516 1193 1582 homines
1209 1519 1401 1583 constanter
1416 1519 1450 1582 et
1461 1515 1532 1581 ubi·

273 1642 344 1704 que
375 1625 539 1687 terrarum
569 1619 731 1686 exsistere
754 1619 913 1700 videmus,
946 1622 981 1687 in
1003 1622 1163 1689 societate
1187 1625 1357 1689 domestica
1379 1627 1414 1689 et
1437 1626 1531 1688 cicili.

274 1726 316 1792 In
342 1731 483 1810 utraque
506 1727 607 1810 igitur
629 1725 829 1810 impellentis
852 1731 887 1794 et
906 1729 1074 1812 operantis
1089 1733 1228 1796 naturae
1244 1730 1375 1796 socialis
1392 1729 1533 1811 vestigia

274 1833 478 1916 indaganda,
509 1853 658 1918 quaeque
684 1833 717 1898 in
746 1833 786 1899 iis
810 1835 1019 1901 efformandis
1042 1839 1142 1919 atque
1164 1836 1286 1918 iugiter
1308 1835 1532 1903 sustentandis

275 1943 421 2006 naturae
449 1943 561 2024 partes
583 1939 708 2005 fuerint
731 1960 771 2004 ac
794 1961 891 2024 porro
915 1941 983 2008 sint
1005 1943 1268 2012 examinandum.
1314 1944 1398 2008 Esse
1421 1946 1530 2009 autam

277 2051 454 2130 utramque
485 2046 615 2112 socialis
645 2046 735 2113 vitae
765 2046 905 2112 formam
935 2068 1000 2113 non
1023 2052 1148 2115 temere
1171 2055 1229 2116 aut
1251 2070 1342 2115 merc
1364 2049 1531 2113 hominum

278 2153 417 2220 arbitrio
447 2153 644 2230 institutam,
676 2153 734 2219 sed
762 2157 882 2220 natura
912 2154 1096 2235 fundatam,
1126 2178 1199 2222 cum
1228 2155 1396 2222 veteribus
1419 2174 1532 2219 omnes

279 2259 351 2324 fere
378 2260 443 2325 iam
463 2259 564 2326 etiam
580 2259 780 2326 recentiores
797 2259 991 2346 philosophi,
1015 2262 1044 2327 si
1059 2263 1245 2329 socialistas
1262 2283 1280 2327 e
1295 2261 1409 2326 schola
1424 2261 1530 2325 Rous-

279 2365 384 2430 seavii
414 2365 551 2450 eripias
585 2366 766 2433 theoretice
796 2369 1015 2436 consentiunt.
1062 2369 1108 2434 Et
1136 2390 1226 2447 sane,
1260 2366 1531 2451 quemadmodum

280 2472 315 2537 in
346 2472 457 2538 ordine
484 2475 615 2559 physico
646 2477 784 2538 cunctae
815 2473 990 2557 organicae
1020 2475 1253 2554 formationes,
1284 2473 1352 2540 suis
1382 2494 1530 2555 quaeque

279 2579 398 2644 finibus
427 2579 588 2663 simulque
616 2579 674 2644 fini
703 2579 847 2646 universi
878 2581 974 2648 huius
1003 2582 1116 2647 mundi
1147 2581 1285 2648 visibilis
1312 2580 1448 2646 mirifice
1472 2579 1530 2645 ad-

280 2692 428 2766 ornatae,
457 2688 557 2753 divini
582 2687 726 2752 auctoris
750 2688 947 2772 sapientiam
970 2689 1118 2766 laudant,
1142 2689 1191 2756 ita
1213 2689 1247 2754 in
1271 2687 1392 2754 mundo
1415 2687 1532 2751 morali

280 2795 450 2860 societatis
465 2795 628 2860 humanae
644 2797 821 2873 structura,
846 2799 1015 2878 tamquam
1031 2799 1164 2862 morulis
1180 2797 1312 2883 quidam
1329 2794 1530 2879 cruentemus

280 2901 314 2965 in
337 2920 372 2965 se
395 2923 479 2966 unus
503 2900 599 2965 simul
623 2903 658 2967 et
682 2900 804 2979 varius,
835 2923 895 2967 nec
918 2923 994 2979 non,
1019 2903 1046 2967 si
1070 2902 1112 2968 ab
1134 2902 1301 2968 homiuum
1325 2900 1415 2966 vitiis
1438 2919 1527 2964 men·

280 3012 347 3072 tem
371 3006 602 3085 abstrahimus,
626 3007 744 3073 finibus
768 3009 945 3075 moralibus
961 3009 1109 3092 perfecte
1125 3009 1400 3086 accommodatus,
1425 3005 1530 3070 mani·

280 3115 367 3179 feste
390 3114 527 3179 candem
550 3114 612 3179 Dei
636 3115 833 3180 ordinatoris
856 3136 991 3181 manum
1013 3115 1123 3198 prodit
1145 3135 1205 3198 per
1228 3135 1345 3181 causas
1368 3111 1529 3178 secundas

282 3220 381 3286 etiam
403 3220 524 3286 liberas
548 3220 696 3286 suaviter
718 3224 753 3286 et
776 3219 956 3287 efficaciter
979 3225 1172 3304 operantem
1185 3223 1206 3286 1.

370 3336 485 3418 Neque
508 3339 620 3400 tamen
643 3334 704 3400 hcc
726 3335 798 3400 loco
815 3357 920 3402 ornnes
935 3335 1096 3420 speciales
1111 3335 1256 3400 rationes
1272 3334 1343 3398 sive
1358 3331 1529 3398 societatis

283 3443 479 3511 domesticae
503 3442 574 3508 sive
597 3441 702 3507 civilis
724 3441 930 3525 indagandas
946 3441 1151 3525 suscipimus,
1175 3441 1210 3505 id
1229 3439 1314 3523 quod
1329 3441 1404 3506 Icm’
1418 3439 1529 3504 sociati

283 3557 317 3618 in
340 3554 440 3638 specie
461 3549 696 3615 reservandum
721 3553 782 3615 est.
814 3549 878 3614 Hic
897 3549 969 3614 sola
985 3548 1116 3615 interim
1130 3551 1376 3634 pecerotieeimc
1392 3554 1419 3612 et
1434 3546 1529 3630 pucei-

283 3660 452 3742 octotopicc
474 3655 555 3721 iuris
578 3654 707 3721 socialis
726 3655 942 3721 fundamenta
965 3676 1026 3720 nos
1050 3657 1230 3738 occupant;
1255 3673 1357 3736 quare
1379 3651 1413 3718 id
1428 3671 1527 3715 unum

283 3766 316 3829 in
344 3762 532 3847 praesentia
561 3761 728 3845 praefiniri
759 3765 859 3845 atque
883 3761 1106 3846 praestabiliri
1128 3761 1284 3828 interest:
1315 3779 1388 3824 esse
1411 3776 1530 3822 revera

283 3870 474 3936 societatem
503 3873 574 3936 tum
606 3869 807 3934 dorncaticam
837 3872 908 3934 tum
938 3871 1061 3934 civilem
1090 3888 1196 3950 neque
1227 3888 1306 3932 casu
1336 3885 1441 3947 neque
1470 3883 1529 3946 per

284 3979 386 4044 solam
409 3974 606 4042 industriam
628 3973 804 4050 hominum,
829 3974 886 4039 sed
909 3997 946 4040 cc
962 3982 1100 4040 naturae
1123 3977 1266 4039 instituto
1291 3975 1325 4038 ic
1348 3991 1449 4037 mores
1471 3970 1528 4034 tiu-

285 4087 371 4150 mont
392 4085 518 4170 pencris
541 4083 715 4149 traductam.

756 4269 998 4339 Articulus
1021 4270 1055 4340 3.

499 4401 549 4466 Dc
572 4399 767 4464 naturaliter
789 4401 936 4463 instituto
959 4400 1104 4463 societate
1128 4399 1307 4463 domestico.

285 4532 351 4603 405.
442 4535 582 4600 Societas
615 4531 785 4595 domestica
817 4531 962 4614 complete
993 4536 1121 4616 sumpto
1149 4529 1255 4596 tribus
1278 4525 1529 4610 simplicioribus

287 4639 494 4706 societatibus
510 4636 664 4719 organice
681 4636 847 4714 coalescit,
864 4635 1018 4701 nimirum
1034 4639 1205 4722 coaicpcti,
1222 4655 1306 4718 quae
1317 4633 1351 4698 in
1362 4632 1528 4699 iunctione

286 4747 343 4811 viri
366 4751 400 4813 et
422 4745 535 4812 uxoris
558 4743 666 4828 posita
689 4747 750 4819 est,
776 4746 950 4828 parentali,
982 4764 1067 4826 quae
1090 4735 1183 4826 viget
1205 4743 1361 4826 parentes
1383 4740 1472 4806 inter
1494 4743 1529 4806 et

286 4852 409 4927 liberos,
434 4852 488 4936 qui
512 4873 554 4917 ex
578 4849 727 4932 coniugio
751 4849 983 4933 suscipiuntur,
1010 4853 1044 4914 et
1066 4851 1170 4932 beriti,
1195 4869 1280 4931 quae
1303 4867 1346 4912 ex
1368 4846 1528 4913 relatione

372 5045 379 5076 ¹
399 5043 440 5097 cr.
460 5043 510 5096 oa
527 5013 701 5097 'crunnum
721 5042 768 5096 aa
787 5041 958 5096 sicinina
977 5041 1033 5096 une
1051 5042 1099 5096 aas
1118 5040 1221 5094 aecus
1240 5040 1257 5108 ς
1278 5039 1328 5093 roa
1341 5056 1402 5109 sqq.
