3909 5842
606 670 745 725 Kantiaue
764 671 831 726 iuris
850 672 912 726 idea
932 670 1028 725 critice
1047 668 1210 724 excluditur.
1470 675 1535 739 425

376 860 405 923 2.
431 858 568 923 Ratione
589 857 750 942 efficaciae
765 862 908 925 morolio.
940 857 1100 936 Quoniam
1115 856 1294 923 secundum
1310 857 1429 941 dogma
1445 860 1536 925 Kan-

285 966 411 1031 tianum
442 964 555 1030 unicus
586 964 660 1030 fons
690 966 796 1030 omnis
826 964 1038 1047 obligationis
1068 964 1202 1029 moralis
1232 968 1285 1029 est
1313 964 1536 1031 nomothetica

285 1071 466 1138 auctoritas
489 1070 627 1137 rationis
650 1070 835 1136 formaliter
858 1076 1005 1154 accepte,
1035 1069 1223 1135 immediate
1247 1072 1458 1152 consequitur
1486 1072 1536 1137 of-

287 1178 360 1243 ficia
375 1176 522 1255 iuridica,
539 1180 654 1260 utpote
670 1176 718 1241 illi
734 1182 904 1255 extranea,
917 1200 976 1264 per
992 1200 1025 1243 ee
1039 1177 1163 1243 nullam
1179 1178 1338 1242 moralem
1354 1176 1536 1245 efficaciam

286 1304 343 1349 seu
368 1286 429 1348 uim
452 1284 618 1348 moraliter·
640 1284 806 1369 obliqandi
829 1283 1040 1367 participare.
1073 1282 1169 1349 Unde
1190 1287 1265 1349 tota
1288 1282 1437 1350 efficacia
1459 1284 1535 1349 iuri-

286 1390 358 1455 dica
388 1410 447 1475 per
478 1386 514 1455 se
544 1410 633 1454 mere
658 1394 799 1455 externa
822 1410 895 1455 esse
918 1410 938 1455 a
963 1389 1085 1455 Kantio
1109 1388 1315 1473 supponitur,
1346 1390 1537 1457 voluntates

285 1496 354 1561 solo
392 1500 556 1561 momento
586 1494 742 1562 instantis
771 1495 929 1579 physicae
960 1495 1141 1562 coactionis
1169 1495 1388 1577 obstringens,
1421 1496 1473 1561 cui
1501 1498 1535 1561 in

285 1600 469 1667 actionibus
491 1600 642 1667 humenis
666 1601 818 1668 similiter
836 1606 975 1668 externa
992 1602 1097 1667 solum
1117 1601 1306 1684 ,legalitas“
1327 1602 1535 1686 respondeat.

285 1707 488 1791 Quamquam
508 1707 594 1773 enim
615 1728 680 1773 non
696 1712 838 1791 negetur
854 1708 962 1775 officia
978 1708 1079 1773 eliam
1094 1706 1233 1773 iuridica
1248 1708 1423 1789 aliquando
1439 1709 1536 1774 simul

285 1814 422 1879 moralia
446 1834 519 1879 esse
542 1834 648 1897 posse,
673 1814 706 1879 id
729 1818 841 1881 tamen
864 1814 929 1879 illis
952 1835 1017 1880 non
1042 1834 1107 1896 qua
1128 1814 1454 1909 talibus-convenire,
1477 1816 1535 1881 sed

285 1921 416 1987 aliunde
440 1924 474 1987 et
497 1921 691 1987 secundario
716 1922 872 1989 accedere
895 1927 1058 2001 monetur,
1089 1922 1215 1988 scilicet
1237 1922 1428 1989 interventu
1450 1921 1535 2004 legis

285 2027 423 2105 ethicae,
453 2028 587 2110 formali
609 2035 786 2113 praecepto
810 2028 948 2095 rationis
972 2028 1130 2095 dictantis
1152 2028 1185 2094 id
1208 2028 1325 2112 ipsum,
1356 2029 1442 2111 quod
1465 2051 1536 2093 mo·

284 2137 441 2201 totaliter
473 2134 581 2199 oificio
614 2134 749 2201 iuridico
781 2134 878 2200 simul
908 2134 1070 2218 congruit.
1099 2174 1144 2183 -
1171 2134 1274 2200 immo
1305 2135 1340 2199 in
1372 2136 1434 2201 hac
1462 2135 1536 2219 ipsa

284 2240 393 2305 indole
422 2239 502 2305 iuris
533 2241 757 2308 essentialiter
787 2241 939 2307 coactiva
962 2245 999 2307 et
1027 2240 1186 2333 efficacia,
1217 2246 1255 2307 ut
1284 2242 1387 2320 aiunt,
1418 2262 1536 2325 perse

284 2351 414 2413 tantum
442 2348 592 2431 ,legali“,
618 2348 673 2431 qui
695 2347 853 2413 Kantium
877 2351 1070 2430 sequuntur,
1097 2348 1146 2413 ita
1168 2347 1361 2431 plerumque
1383 2347 1536 2413 insistere

285 2453 403 2531 solent,
435 2455 548 2519 utvel
574 2474 678 2518 exeo
709 2454 779 2518 solo
811 2453 919 2537 capite
950 2453 1093 2518 vicissim
1125 2453 1224 2518 ubam
1255 2454 1414 2536 originem
1444 2454 1534 2531 iuris,

285 2558 384 2625 aliam
407 2560 605 2625 moralitatis
628 2560 775 2643 legitime
798 2559 913 2625 inferri
936 2579 1033 2643 posse
1056 2559 1257 2626 existiment.

375 2668 405 2731 3.
430 2667 567 2731 Ratione
587 2666 673 2749 finis.
720 2666 903 2731 Secundum
931 2666 1069 2731 eandem
1091 2666 1253 2733 theoriam
1276 2670 1351 2732 tota
1373 2666 1460 2731 ratio
1484 2687 1535 2731 es·

286 2772 380 2837 sendi
403 2775 558 2855 totusque
582 2772 656 2838 finis
680 2772 861 2839 obiectivus
884 2772 965 2838 iuris
987 2772 1021 2837 in
1045 2773 1266 2838 assecuranda
1288 2773 1433 2839 libertate
1448 2773 1535 2838 indi-

286 2882 410 2944 oirlnoli
432 2878 572 2944 hominis
596 2879 756 2957 consistit,
781 2880 870 2945 nulla
894 2878 960 2945 alia
983 2900 1020 2944 re
1042 2878 1225 2958 limitanda,
1250 2878 1312 2943 nisi
1335 2898 1414 2944 suae
1435 2898 1536 2961 gene·

286 2986 429 3052 ralitatis
467 2987 541 3069 lege
579 3006 637 3051 seu
675 2986 748 3070 pari
787 2985 975 3052 condicione
1013 2984 1177 3051 libertatis
1216 2985 1358 3050 omnium
1396 2984 1535 3049 aliorum

286 3092 380 3157 simul
417 3092 703 3166 coexsistentium;
739 3092 771 3156 in
806 3092 962 3157 libertate
992 3090 1201 3169 individuali,
1237 3091 1387 3173 inquem,
1422 3113 1534 3156 secun-

287 3200 363 3263 dum
393 3220 426 3263 so
456 3206 483 3264 ct
513 3198 652 3265 obsolute
684 3199 896 3279 considerato,
930 3218 1015 3279 quae
1046 3218 1174 3263 omnem
1204 3197 1256 3262 sui
1284 3218 1472 3263 mensuram
1500 3197 1533 3261 in

285 3304 463 3389 semetipsa
485 3304 616 3383 habeat,
648 3312 706 3369 out
734 3303 876 3386 positive
907 3303 1042 3368 excluso
1066 3312 1123 3369 cut
1146 3302 1265 3369 saltem
1294 3302 1414 3368 mentis
1438 3323 1534 3386 prae·

188 3392 197 3413 ’
285 3412 406 3475 cisione
445 3410 618 3493 neglecto¹
659 3408 826 3473 essentiali
866 3408 935 3473 eius
972 3414 1127 3492 respectu
1167 3408 1208 3474 ad
1239 3410 1335 3473 finem
1365 3409 1533 3488 moralem,

287 3516 342 3597 qui
365 3514 488 3580 homini
510 3516 613 3581 libero
637 3514 804 3579 socialiter
827 3514 1038 3598 complendus
1061 3513 1219 3580 divinitus
1241 3514 1443 3597 praeligitur.
1475 3518 1535 3579 At-

288 3626 343 3708 qui
368 3620 429 3687 tali
453 3621 549 3686 modo
581 3620 632 3685 ius
666 3620 795 3687 ratione
827 3620 901 3686 finis
934 3642 1008 3686 cum
1040 3620 1153 3685 ordine
1185 3619 1302 3685 morali
1333 3640 1397 3684 non
1430 3620 1534 3685 solum

287 3748 351 3792 non
376 3725 494 3804 unitur,
523 3726 580 3791 sed
603 3728 644 3792 ab
668 3748 707 3791 eo
737 3726 835 3809 plane
866 3724 1066 3810 emancipari
1095 3725 1265 3791 dicendum
1294 3730 1361 3801 cst3
1393 3725 1535 3793 utentis

287 3834 392 3915 liquet
427 3854 468 3898 ex
502 3832 559 3910 iis,
599 3854 682 3915 quae
717 3832 782 3899 iam
817 3854 919 3916 supra
952 3832 1040 3898 inter
1078 3831 1341 3916 ,praenotanda“
1379 3832 1413 3897 in
1450 3832 1535 3898 hanc

288 3961 357 4005 rem
375 3940 551 4005 observata
570 3942 656 4005 sunt.
689 3940 775 4025 Eryo
798 3939 877 4004 nihil
902 3944 1060 4017 remanet,
1086 3960 1149 4021 quo
1173 3938 1330 4003 eiusmodi
1354 3939 1435 4004 iuris
1458 3959 1535 4004 con·

289 4050 404 4131 ceptus
427 4066 628 4110 communem
660 4045 782 4110 ordinis
806 4044 939 4111 moralis
963 4046 1176 4112 sanctitatem
1207 4044 1372 4111 ullatenus
1401 4044 1535 4129 partici-

288 4173 368 4236 pare
392 4156 501 4234 queat.

380 4259 425 4325 Ut
448 4258 587 4341 denique
610 4258 797 4325 summatim
821 4259 938 4325 intima
961 4258 1031 4325 eius
1054 4264 1175 4325 natura
1190 4258 1395 4337 exhibeatur,
1419 4258 1536 4324 merito

290 4364 526 4431 concludimus:
558 4386 617 4449 pro
648 4388 718 4431 uero
748 4365 828 4444 iure,
859 4387 919 4451 per
941 4365 1004 4431 Dei
1033 4365 1141 4448 legem
1167 4364 1335 4431 socialiter
1356 4364 1538 4429 inviolabili

290 4477 324 4536 et
353 4474 490 4536 eatenus
521 4470 681 4549 coactive,
712 4471 767 4536 ille
792 4474 969 4555 conceptus
993 4474 1116 4539 nudam
1140 4473 1328 4556 lopolitotcm
1352 4479 1381 4536 ct
1403 4474 1537 4536 terroris

290 4582 460 4662 servitium,
485 4599 545 4663 pro
570 4578 683 4643 ordine
706 4577 852 4655 iuridico,
884 4578 938 4660 qui
962 4578 1007 4644 sit
1029 4600 1107 4662 pars
1131 4578 1335 4643 constituens
1358 4578 1461 4661 ipsius
1484 4598 1537 4641 or·

388 4829 395 4859 ¹
414 4826 455 4879 Ad
474 4826 545 4880 hanc
563 4827 691 4899 nimirum
716 4824 968 4895 interpretationem
992 4825 1141 4891 ,libertatis
1167 4824 1290 4879 absolute
1308 4825 1464 4895 spectatae*
1485 4824 1537 4878 sibi

292 4914 360 4984 ipsis
379 4914 524 4969 illudentes
543 4916 690 4982 coningere
709 4913 841 4978 solebant,
861 4914 1023 4983 quicumque
1042 4914 1123 4968 istem
1142 4912 1341 4983 philosophiam
1354 4913 1446 4982 aliquo
1459 4912 1538 4966 modo

292 5019 353 5055 cum
373 5001 521 5057 christiano
540 5004 666 5071 dogmate
685 5002 861 5057 reconciliare
880 5001 1057 5057 conabantur.
