3909 5842
677 676 718 731 De
736 676 904 731 beatitudine
922 675 1083 730 subiectiva.
1459 678 1501 743 49

245 855 419 941 physicam
441 852 603 919 unitatem
627 859 768 921 naturae
790 854 953 920 humanae
977 854 1166 933 coniuncta,
1189 854 1342 919 rationali
1366 853 1503 920 tenden-

249 960 321 1025 tiae
347 980 386 1025 ao
409 958 561 1041 regimini
583 962 678 1025 maus
700 959 840 1026 hominis
863 959 1012 1027 subiacet
1035 960 1129 1043 eique
1152 960 1184 1025 in
1206 958 1318 1025 ordine
1337 960 1380 1024 sd
1403 982 1503 1025 auam

249 1066 370 1142 finem,
400 1063 456 1147 qui
479 1069 531 1131 est
552 1065 678 1149 pariter
700 1066 803 1132 totius
825 1065 982 1143 hominis,
1014 1088 1087 1133 cum
1111 1066 1259 1132 omnibus
1289 1065 1356 1131 suis
1379 1064 1503 1131 viribus

250 1174 287 1237 et
310 1170 559 1255 operationibus
580 1171 722 1255 positive
745 1172 988 1240 subordinatur.
1023 1170 1129 1255 Igitur
1153 1172 1193 1237 de
1216 1170 1325 1253 aliquo
1349 1171 1412 1235 fine
1428 1192 1503 1237 sen·

250 1276 375 1343 sitivae
403 1277 510 1360 partis
540 1281 693 1343 cadusiae
720 1280 852 1363 proprio
880 1278 934 1342 vol
965 1278 1006 1343 de
1035 1276 1235 1362 portentione
1265 1298 1305 1343 ac
1332 1275 1502 1355 felicitate,

250 1405 339 1467 quae
368 1382 418 1449 illi
447 1384 541 1466 quasi
568 1384 640 1450 iure
668 1406 727 1449 suo
748 1387 944 1471 particulari
967 1405 1006 1450 ac
1029 1387 1162 1467 praeter
1184 1382 1378 1449 felicitatem
1401 1382 1502 1468 ipsius

250 1489 395 1555 hominis
417 1489 590 1557 rationalis
613 1494 790 1575 competat,
814 1512 921 1557 sermo
938 1510 1011 1555 csse
1026 1489 1148 1573 nequit.
1185 1490 1230 1555 Et
1249 1509 1327 1555 vero
1343 1488 1503 1555 sensitiva

249 1617 331 1680 pars
353 1596 395 1681 iu¹
410 1595 542 1662 homine
564 1617 659 1662 suum
682 1598 780 1663 finem
803 1596 988 1663 naturalem
1005 1596 1188 1678 adaequate
1204 1594 1361 1680 adimplet
1376 1616 1501 1661 necnon

250 1724 349 1767 suum
372 1722 488 1769 verum
511 1702 631 1767 bonum
654 1723 813 1785 suamque
836 1702 1072 1787 perfectionem
1096 1722 1273 1784 congruam
1301 1701 1501 1785 adipiscitur,

250 1814 417 1891 quatenus
443 1808 530 1892 parti
553 1808 732 1892 spirituali,
763 1828 848 1891 quae
871 1808 973 1875 totius
997 1808 1130 1874 humani
1153 1806 1325 1891 compositi
1348 1808 1502 1873 substau-

250 1915 367 1980 tialem
390 1915 552 1981 unitatem
575 1913 718 1992 exhibet,
743 1915 785 1979 ad
808 1914 1068 1999 prosequendum
1084 1914 1203 1980 bonum
1219 1913 1391 1991 rationale,
1416 1912 1501 1996 quod

251 2020 356 2087 totius
385 2019 526 2085 hominis
549 2024 618 2098 est,
649 2020 796 2104 perfecte
820 2021 995 2088 subservit.
1042 2020 1123 2086 Dico
1151 2041 1266 2085 verum
1292 2040 1419 2103 quoque
1442 2020 1500 2085 bo-

252 2150 330 2194 num
363 2126 412 2193 illi
444 2148 487 2193 ex
517 2128 580 2193 hoc
613 2126 793 2195 ministerio
826 2128 1007 2211 obtingere.
1059 2128 1185 2193 Bonum
1219 2126 1305 2192 enim
1339 2126 1500 2192 rationale

252 2232 394 2299 hominis
424 2254 517 2299 usum
547 2235 705 2299 bonorum
736 2233 954 2311 sensibilium,
988 2255 1073 2316 quae
1103 2257 1174 2299 vcro
1203 2234 1289 2299 bona
1319 2233 1401 2311 sint,
1435 2254 1498 2297 non
1581 2241 1586 2252 '

253 2340 361 2405 solum
384 2361 450 2407 noa
473 2340 629 2419 excludit,
653 2340 712 2405 sed
732 2340 831 2424 plane
853 2339 991 2423 requirit
1007 2362 1046 2406 ac
1062 2339 1225 2424 supponit.
1261 2338 1401 2415 Quorum
1419 2338 1500 2404 frui·

254 2444 377 2510 tionem
401 2450 523 2513 autem¹
536 2445 696 2523 excludit,
721 2444 879 2511 eiusmodi
902 2450 996 2523 sunt,
1021 2466 1105 2529 quae
1129 2446 1171 2511 ad
1194 2448 1345 2511 naturam
1369 2446 1496 2512 sensiti-

254 2572 339 2628 vam,
364 2557 464 2636 prout
482 2553 565 2618 haec
587 2573 665 2637 pars
687 2551 827 2618 bominis
850 2558 912 2632 eet,
935 2574 1016 2618 vere
1038 2552 1268 2637 perficiendam
1291 2552 1403 2636 inepta
1428 2574 1499 2619 esse

253 2658 501 2740 intelleguntur.

342 2762 454 2846 Atque
482 2763 532 2831 ita
561 2762 637 2829 dum
667 2764 820 2848 spiritus,
852 2786 918 2830 nou
948 2764 1209 2847 qualiscumque,
1240 2764 1298 2830 sed
1327 2766 1498 2847 hamanus,

254 2868 373 2935 bonum
413 2869 553 2935 hominis
589 2870 752 2936 rationale
786 2870 947 2938 infinitum
984 2870 1175 2956 adipiscitur
1210 2891 1248 2936 eo
1282 2872 1394 2949 modo,
1435 2894 1499 2956 quo

254 2996 296 3040 ex
318 2975 366 3041 rei
389 2981 510 3043 natura
533 2976 628 3042 unice
651 2976 722 3041 fieri
746 2980 874 3061 potest,
899 2998 1015 3061 nempe
1039 2980 1267 3063 spiritualiter,
1291 2978 1499 3045 nihilominus

255 3082 349 3147 finem
380 3082 531 3165 attingit,
561 3103 627 3148 non
656 3083 761 3148 solum
791 3083 921 3168 spiritui
951 3083 984 3148 in
1015 3084 1158 3162 homine,
1189 3083 1247 3148 sod
1277 3087 1333 3149 toti
1362 3094 1499 3152 naturae

254 3190 414 3255 humanae
446 3192 644 3257 mactata.
696 3190 741 3257 Et
772 3191 1044 3273 quemadmodum
1075 3194 1167 3257 totus
1199 3190 1295 3255 homo
1327 3192 1498 3257 rationalis

255 3299 287 3360 et
316 3294 419 3361 animi
448 3300 483 3362 et
513 3296 658 3381 corporis
688 3298 812 3363 viribus
841 3298 1031 3364 harmonice
1061 3298 1195 3364 sociatis
1225 3298 1266 3362 ad
1296 3298 1376 3362 illud
1399 3320 1497 3365 unum

255 3401 393 3484 denique
424 3406 544 3469 natura
575 3402 657 3469 duce
689 3404 875 3482 contendit,
907 3404 956 3469 ita
988 3404 1021 3469 in
1054 3404 1167 3470 eodem
1200 3424 1326 3469 summo
1359 3404 1498 3471 hominis

255 3506 351 3585 bono,
384 3508 521 3573 tametsi
552 3529 613 3593 per
644 3530 681 3574 se
713 3510 893 3594 spirituali,
929 3510 1050 3576 bonum
1083 3530 1211 3592 quoque
1243 3508 1407 3575 inferioris
1439 3532 1498 3576 na·

255 3616 347 3679 turae
378 3614 523 3681 mediate
551 3616 724 3700 compleri,
755 3617 853 3683 immo
883 3618 918 3682 in
948 3638 986 3682 eo
1011 3616 1104 3699 quasi
1128 3616 1316 3683 virtualiter
1339 3618 1498 3683 contineri

256 3718 424 3785 dicendum
448 3725 509 3788 est.
551 3722 654 3805 quue
676 3724 811 3806 perinde
834 3724 935 3802 valet,
960 3724 1031 3789 sive
1053 3724 1217 3789 assecutio
1240 3724 1313 3789 finis
1336 3725 1442 3791 ultimi
1464 3726 1497 3791 in

255 3828 341 3891 statu
374 3826 611 3893 coniunctionis
640 3829 770 3896 animae
799 3852 870 3895 cum
903 3850 1039 3913 corpore
1071 3830 1141 3895 sive
1171 3828 1202 3894 in
1235 3833 1326 3896 statu
1357 3830 1498 3896 disiunc-

256 3930 350 3997 tionis
373 3932 630 4000 consideretur1.

505 4125 524 4208 ἓ
548 4129 578 4192 2.
624 4126 681 4191 De
703 4126 972 4195 beatitudine
997 4128 1247 4195 subiectivo.

256 4263 320 4347 di).¹
390 4266 618 4332 Determiuato
640 4266 705 4332 iam
736 4267 863 4334 obiecto
891 4270 1059 4336 essentiali
1090 4268 1301 4335 beatitudinis
1331 4272 1414 4337 satis
1438 4293 1496 4355 per

258 4390 290 4433 se
316 4371 421 4455 liquet
450 4372 684 4439 beatitudinem
715 4375 931 4441 subiectivam
965 4376 998 4441 in
1030 4375 1140 4458 aliqua
1169 4374 1308 4441 subiecti
1336 4397 1407 4441 oum
1439 4380 1496 4443 ob·

259 4473 336 4542 iacto
366 4479 593 4546 coniunctione
623 4479 811 4547 consistere.
858 4482 903 4547 Et
933 4480 1091 4563 siquidem
1124 4480 1163 4545 de
1193 4480 1264 4545 sola
1294 4480 1497 4549 beatitudine

259 4586 394 4651 naturali
424 4586 549 4668 agitur,
581 4608 644 4652 non
675 4586 781 4651 minus
808 4587 1018 4652 manifestum
1048 4591 1099 4652 est
1129 4586 1212 4651 hanc
1237 4586 1495 4653 coniunctionem

261 4686 409 4757 eiusmodi
439 4712 528 4771 esse,
559 4712 642 4775 quae
671 4692 834 4757 humanae
861 4698 1002 4759 naturae
1025 4696 1186 4775 congruat
1216 4712 1321 4775 neque
1345 4692 1415 4757 eius
1438 4716 1496 4777 po-

259 4796 374 4862 tentias
403 4818 462 4881 per
490 4819 527 4863 se
557 4798 712 4874 excedat;
744 4818 814 4863 eam
847 4798 982 4881 proinde
1009 4799 1043 4864 in
1066 4798 1177 4881 aliqua
1201 4797 1330 4864 demum
1353 4801 1497 4865 naturali

342 5005 350 5037 ¹
370 5004 411 5059 cf.
430 5004 508 5060 card.
528 5005 651 5060 Caietani
671 5006 819 5061 comment.
839 5008 874 5061 ud
893 5009 921 5061 S.
945 5009 1046 5076 raom,
1065 5008 1090 5063 S.
1111 5006 1193 5061 theol.
1217 5008 1238 5070 1,
1258 5024 1284 5075 q.
1305 5009 1347 5068 89.
1367 5026 1390 5061 a.
1413 5010 1436 5063 1.

306 5096 411 5151 noyer.
424 5100 463 5143 rus
477 5101 589 5146 naeuus.
608 5102 625 5144 r.
646 5102 687 5144 ec.
700 5102 721 5144 a
1273 5098 1290 5151 4
