<?xml version="1.0" encoding="UTF-8"?>
<!DOCTYPE html PUBLIC "-//W3C//DTD XHTML 1.0 Transitional//EN"
    "http://www.w3.org/TR/xhtml1/DTD/xhtml1-transitional.dtd">
<html xmlns="http://www.w3.org/1999/xhtml" xml:lang="en" lang="en">
 <head>
  <title>
</title>
<meta http-equiv="Content-Type" content="text/html;charset=utf-8" />
  <meta name='ocr-system' content='tesseract 3.04.00' />
  <meta name='ocr-capabilities' content='ocr_page ocr_carea ocr_par ocr_line ocrx_word'/>
</head>
<body>
  <div class='ocr_page' id='page_1' title='image "./institutionesiu00meyegoog_0359.png"; bbox 0 0 3909 5842; ppageno 0'>
   <div class='ocr_carea' id='block_1_1' title="bbox 622 685 1530 756">
    <p class='ocr_par' dir='ltr' id='par_1_1' title="bbox 622 685 1530 756">
     <span class='ocr_line' id='line_1_1' title="bbox 622 685 1530 756; baseline 0.009 -17"><span class='ocrx_word' id='word_1_1' title='bbox 622 685 662 740; x_wconf 89' lang='lat' dir='ltr'>De</span> <span class='ocrx_word' id='word_1_2' title='bbox 680 685 830 741; x_wconf 85' lang='lat' dir='ltr'>virtutihus</span> <span class='ocrx_word' id='word_1_3' title='bbox 848 685 1032 741; x_wconf 74' lang='lat' dir='ltr'><strong>cardinalibus</strong></span> <span class='ocrx_word' id='word_1_4' title='bbox 1051 686 1078 740; x_wconf 92' lang='lat' dir='ltr'>in</span> <span class='ocrx_word' id='word_1_5' title='bbox 1097 685 1196 756; x_wconf 86' lang='lat' dir='ltr'>specie.</span> <span class='ocrx_word' id='word_1_6' title='bbox 1467 691 1530 756; x_wconf 84' lang='lat'>307</span> 
     </span>
    </p>
   </div>
   <div class='ocr_carea' id='block_1_2' title="bbox 285 861 1539 2333">
    <p class='ocr_par' dir='ltr' id='par_1_2' title="bbox 285 861 1533 1160">
     <span class='ocr_line' id='line_1_2' title="bbox 285 861 1531 950; baseline 0.002 -19"><span class='ocrx_word' id='word_1_7' title='bbox 285 885 385 931; x_wconf 86' lang='lat' dir='ltr'>sensu</span> <span class='ocrx_word' id='word_1_8' title='bbox 400 863 575 947; x_wconf 87' lang='lat' dir='ltr'>aliquando</span> <span class='ocrx_word' id='word_1_9' title='bbox 591 863 761 948; x_wconf 78' lang='lat' dir='ltr'>accipitur,</span> <span class='ocrx_word' id='word_1_10' title='bbox 778 867 941 946; x_wconf 89' lang='lat' dir='ltr'>quatenus</span> <span class='ocrx_word' id='word_1_11' title='bbox 956 883 1029 930; x_wconf 91' lang='lat' dir='ltr'>eam</span> <span class='ocrx_word' id='word_1_12' title='bbox 1045 861 1146 928; x_wconf 92' lang='lat' dir='ltr'>animi</span> <span class='ocrx_word' id='word_1_13' title='bbox 1161 862 1352 930; x_wconf 87' lang='lat' dir='ltr'>firmitatem</span> <span class='ocrx_word' id='word_1_14' title='bbox 1364 863 1531 950; x_wconf 83' lang='lat' dir='ltr'>importat,</span> 
     </span>
     <span class='ocr_line' id='line_1_3' title="bbox 287 968 1533 1055; baseline 0.002 -19"><span class='ocrx_word' id='word_1_15' title='bbox 287 991 371 1055; x_wconf 89' lang='lat' dir='ltr'>quae</span> <span class='ocrx_word' id='word_1_16' title='bbox 401 969 548 1036; x_wconf 88' lang='lat' dir='ltr'>condicio</span> <span class='ocrx_word' id='word_1_17' title='bbox 578 974 630 1037; x_wconf 86' lang='lat' dir='ltr'>est</span> <span class='ocrx_word' id='word_1_18' title='bbox 660 969 803 1036; x_wconf 92' lang='lat' dir='ltr'>omnium</span> <span class='ocrx_word' id='word_1_19' title='bbox 833 970 1006 1049; x_wconf 83' lang='lat' dir='ltr'>virtutum,</span> <span class='ocrx_word' id='word_1_20' title='bbox 1036 968 1078 1034; x_wconf 89' lang='lat' dir='ltr'>ad</span> <span class='ocrx_word' id='word_1_21' title='bbox 1109 990 1192 1051; x_wconf 91' lang='lat' dir='ltr'>quas</span> <span class='ocrx_word' id='word_1_22' title='bbox 1222 969 1368 1054; x_wconf 78' lang='lat' dir='ltr'><strong>pertinet</strong></span> <span class='ocrx_word' id='word_1_23' title='bbox 1395 971 1533 1039; x_wconf 84' lang='lat' dir='ltr'>firmiter</span> 
     </span>
     <span class='ocr_line' id='line_1_4' title="bbox 287 1077 788 1160; baseline -0.004 -15"><span class='ocrx_word' id='word_1_24' title='bbox 287 1081 387 1160; x_wconf 87' lang='lat' dir='ltr'>atque</span> <span class='ocrx_word' id='word_1_25' title='bbox 410 1081 602 1144; x_wconf 77' lang='lat' dir='ltr'>constanter</span> <span class='ocrx_word' id='word_1_26' title='bbox 625 1077 754 1160; x_wconf 89' lang='lat' dir='ltr'>operari</span> <span class='ocrx_word' id='word_1_27' title='bbox 766 1080 788 1143; x_wconf 83' lang='lat'>¹.</span> 
     </span>
    </p>

    <p class='ocr_par' dir='ltr' id='par_1_3' title="bbox 287 1180 1539 2333">
     <span class='ocr_line' id='line_1_5' title="bbox 375 1180 1532 1266; baseline 0.003 -17"><span class='ocrx_word' id='word_1_28' title='bbox 375 1183 546 1250; x_wconf 81' lang='lat' dir='ltr'>Fortitudo</span> <span class='ocrx_word' id='word_1_29' title='bbox 570 1182 663 1266; x_wconf 90' lang='lat' dir='ltr'>qnasi</span> <span class='ocrx_word' id='word_1_30' title='bbox 686 1183 813 1250; x_wconf 82' lang='lat' dir='ltr'>reatuin</span> <span class='ocrx_word' id='word_1_31' title='bbox 836 1181 978 1248; x_wconf 90' lang='lat' dir='ltr'>medium</span> <span class='ocrx_word' id='word_1_32' title='bbox 1003 1186 1143 1266; x_wconf 86' lang='lat' dir='ltr'>occupat</span> <span class='ocrx_word' id='word_1_33' title='bbox 1164 1180 1251 1249; x_wconf 89' lang='lat' dir='ltr'>inter</span> <span class='ocrx_word' id='word_1_34' title='bbox 1274 1184 1475 1250; x_wconf 80' lang='lat' dir='ltr'>timiditatem</span> <span class='ocrx_word' id='word_1_35' title='bbox 1498 1189 1532 1252; x_wconf 87' lang='lat' dir='ltr'>et</span> 
     </span>
     <span class='ocr_line' id='line_1_6' title="bbox 288 1288 1534 1374; baseline 0.003 -18"><span class='ocrx_word' id='word_1_36' title='bbox 288 1292 470 1358; x_wconf 80' lang='lat' dir='ltr'>audaciam.</span> <span class='ocrx_word' id='word_1_37' title='bbox 509 1289 672 1373; x_wconf 89' lang='lat' dir='ltr'>Namque,</span> <span class='ocrx_word' id='word_1_38' title='bbox 696 1293 734 1356; x_wconf 89' lang='lat' dir='ltr'>ut</span> <span class='ocrx_word' id='word_1_39' title='bbox 749 1289 896 1374; x_wconf 83' lang='lat' dir='ltr'>explicat</span> <span class='ocrx_word' id='word_1_40' title='bbox 911 1288 943 1355; x_wconf 86' lang='lat' dir='ltr'>S.</span> <span class='ocrx_word' id='word_1_41' title='bbox 960 1288 1114 1368; x_wconf 79' lang='lat' dir='ltr'>Thomas,</span> <span class='ocrx_word' id='word_1_42' title='bbox 1143 1289 1203 1368; x_wconf 91' lang='lat' dir='ltr'>,ad</span> <span class='ocrx_word' id='word_1_43' title='bbox 1220 1288 1377 1356; x_wconf 89' lang='lat' dir='ltr'>virtutem</span> <span class='ocrx_word' id='word_1_44' title='bbox 1399 1291 1534 1360; x_wconf 83' lang='lat' dir='ltr'>fortitu·</span> 
     </span>
     <span class='ocr_line' id='line_1_7' title="bbox 289 1386 1537 1481; baseline 0.004 -20"><span class='ocrx_word' id='word_1_45' title='bbox 289 1386 374 1462; x_wconf 88' lang='lat' dir='ltr'>dinis</span> <span class='ocrx_word' id='word_1_46' title='bbox 396 1396 542 1481; x_wconf 84' lang='lat' dir='ltr'>pertinet</span> <span class='ocrx_word' id='word_1_47' title='bbox 557 1416 728 1462; x_wconf 90' lang='lat' dir='ltr'>removere</span> <span class='ocrx_word' id='word_1_48' title='bbox 742 1395 1022 1480; x_wconf 82' lang='lat' dir='ltr'>impedimentum,</span> <span class='ocrx_word' id='word_1_49' title='bbox 1047 1415 1111 1477; x_wconf 91' lang='lat' dir='ltr'>quo</span> <span class='ocrx_word' id='word_1_50' title='bbox 1134 1394 1316 1462; x_wconf 80' lang='lat' dir='ltr'>retrahitur</span> <span class='ocrx_word' id='word_1_51' title='bbox 1335 1397 1491 1465; x_wconf 87' lang='lat' dir='ltr'>voluntas</span> <span class='ocrx_word' id='word_1_52' title='bbox 1515 1421 1537 1466; x_wconf 91' lang='lat' dir='ltr'>a</span> 
     </span>
     <span class='ocr_line' id='line_1_8' title="bbox 287 1501 1534 1586; baseline 0.003 -18"><span class='ocrx_word' id='word_1_53' title='bbox 287 1503 423 1586; x_wconf 83' lang='lat' dir='ltr'>sequela</span> <span class='ocrx_word' id='word_1_54' title='bbox 445 1503 593 1570; x_wconf 89' lang='lat' dir='ltr'>rationis.</span> <span class='ocrx_word' id='word_1_55' title='bbox 625 1502 717 1580; x_wconf 87' lang='lat' dir='ltr'>Quod</span> <span class='ocrx_word' id='word_1_56' title='bbox 740 1506 849 1569; x_wconf 91' lang='lat' dir='ltr'>autem</span> <span class='ocrx_word' id='word_1_57' title='bbox 874 1501 993 1585; x_wconf 92' lang='lat' dir='ltr'>aliquis</span> <span class='ocrx_word' id='word_1_58' title='bbox 1009 1501 1200 1569; x_wconf 84' lang='lat' dir='ltr'>retrahatur</span> <span class='ocrx_word' id='word_1_59' title='bbox 1215 1501 1257 1568; x_wconf 92' lang='lat' dir='ltr'>ab</span> <span class='ocrx_word' id='word_1_60' title='bbox 1273 1501 1383 1585; x_wconf 89' lang='lat' dir='ltr'>aliquo</span> <span class='ocrx_word' id='word_1_61' title='bbox 1399 1503 1534 1586; x_wconf 86' lang='lat' dir='ltr'>difficili,</span> 
     </span>
     <span class='ocr_line' id='line_1_9' title="bbox 288 1608 1537 1693; baseline 0.002 -17"><span class='ocrx_word' id='word_1_62' title='bbox 288 1608 433 1693; x_wconf 87' lang='lat' dir='ltr'>pertinet</span> <span class='ocrx_word' id='word_1_63' title='bbox 456 1611 498 1676; x_wconf 89' lang='lat' dir='ltr'>ad</span> <span class='ocrx_word' id='word_1_64' title='bbox 520 1609 684 1677; x_wconf 88' lang='lat' dir='ltr'>rationem</span> <span class='ocrx_word' id='word_1_65' title='bbox 712 1608 851 1689; x_wconf 88' lang='lat' dir='ltr'>timoris,</span> <span class='ocrx_word' id='word_1_66' title='bbox 880 1609 936 1691; x_wconf 89' lang='lat' dir='ltr'>qui</span> <span class='ocrx_word' id='word_1_67' title='bbox 959 1609 1118 1692; x_wconf 86' lang='lat' dir='ltr'>importat</span> <span class='ocrx_word' id='word_1_68' title='bbox 1140 1629 1306 1675; x_wconf 79' lang='lat' dir='ltr'>recessum</span> <span class='ocrx_word' id='word_1_69' title='bbox 1330 1611 1491 1693; x_wconf 89' lang='lat' dir='ltr'>quendam</span> <span class='ocrx_word' id='word_1_70' title='bbox 1516 1632 1537 1678; x_wconf 87' lang='lat' dir='ltr'>a</span> 
     </span>
     <span class='ocr_line' id='line_1_10' title="bbox 288 1713 1537 1801; baseline 0.002 -20"><span class='ocrx_word' id='word_1_71' title='bbox 288 1716 376 1782; x_wconf 89' lang='lat' dir='ltr'>malo</span> <span class='ocrx_word' id='word_1_72' title='bbox 409 1716 637 1783; x_wconf 87' lang='lat' dir='ltr'>difficultatem</span> <span class='ocrx_word' id='word_1_73' title='bbox 669 1715 821 1782; x_wconf 89' lang='lat' dir='ltr'>habente.</span> <span class='ocrx_word' id='word_1_74' title='bbox 868 1715 913 1780; x_wconf 79' lang='lat' dir='ltr'>at</span> <span class='ocrx_word' id='word_1_75' title='bbox 942 1713 1017 1780; x_wconf 89' lang='lat' dir='ltr'>ideo</span> <span class='ocrx_word' id='word_1_76' title='bbox 1046 1713 1206 1781; x_wconf 89' lang='lat' dir='ltr'>fortitudo</span> <span class='ocrx_word' id='word_1_77' title='bbox 1235 1715 1462 1801; x_wconf 81' lang='lat' dir='ltr'>principaliter</span> <span class='ocrx_word' id='word_1_78' title='bbox 1485 1721 1537 1784; x_wconf 84' lang='lat' dir='ltr'>est</span> 
     </span>
     <span class='ocr_line' id='line_1_11' title="bbox 289 1819 1536 1908; baseline 0.001 -20"><span class='ocrx_word' id='word_1_79' title='bbox 289 1822 376 1888; x_wconf 90' lang='lat' dir='ltr'>circa</span> <span class='ocrx_word' id='word_1_80' title='bbox 400 1826 527 1889; x_wconf 84' lang='lat' dir='ltr'>timoma</span> <span class='ocrx_word' id='word_1_81' title='bbox 551 1822 734 1908; x_wconf 79' lang='lat' dir='ltr'>difficilium</span> <span class='ocrx_word' id='word_1_82' title='bbox 749 1844 868 1905; x_wconf 85' lang='lat' dir='ltr'>reram,</span> <span class='ocrx_word' id='word_1_83' title='bbox 892 1842 977 1904; x_wconf 92' lang='lat' dir='ltr'>quae</span> <span class='ocrx_word' id='word_1_84' title='bbox 992 1819 1163 1888; x_wconf 88' lang='lat' dir='ltr'>retrahere</span> <span class='ocrx_word' id='word_1_85' title='bbox 1177 1825 1316 1905; x_wconf 85' lang='lat' dir='ltr'>possunt</span> <span class='ocrx_word' id='word_1_86' title='bbox 1330 1823 1536 1891; x_wconf 89' lang='lat' dir='ltr'>voluntatem</span> 
     </span>
     <span class='ocr_line' id='line_1_12' title="bbox 290 1927 1536 2013; baseline 0.001 -18"><span class='ocrx_word' id='word_1_87' title='bbox 290 1929 469 2012; x_wconf 88' lang='lat' dir='ltr'>asequela</span> <span class='ocrx_word' id='word_1_88' title='bbox 497 1928 645 1996; x_wconf 90' lang='lat' dir='ltr'>rationis.</span> <span class='ocrx_word' id='word_1_89' title='bbox 692 1928 832 2013; x_wconf 85' lang='lat' dir='ltr'>Oportet</span> <span class='ocrx_word' id='word_1_90' title='bbox 863 1933 975 1994; x_wconf 89' lang='lat' dir='ltr'>autem</span> <span class='ocrx_word' id='word_1_91' title='bbox 1005 1927 1187 1993; x_wconf 90' lang='lat' dir='ltr'>huiusmodi</span> <span class='ocrx_word' id='word_1_92' title='bbox 1218 1949 1326 1994; x_wconf 89' lang='lat' dir='ltr'>rerum</span> <span class='ocrx_word' id='word_1_93' title='bbox 1358 1928 1536 1996; x_wconf 88' lang='lat' dir='ltr'>difficilium</span> 
     </span>
     <span class='ocr_line' id='line_1_13' title="bbox 288 2033 1537 2119; baseline 0.003 -20"><span class='ocrx_word' id='word_1_94' title='bbox 288 2034 465 2119; x_wconf 90' lang='lat' dir='ltr'>impulsum</span> <span class='ocrx_word' id='word_1_95' title='bbox 493 2056 560 2101; x_wconf 93' lang='lat' dir='ltr'>non</span> <span class='ocrx_word' id='word_1_96' title='bbox 589 2035 694 2100; x_wconf 92' lang='lat' dir='ltr'>solum</span> <span class='ocrx_word' id='word_1_97' title='bbox 724 2034 863 2100; x_wconf 87' lang='lat' dir='ltr'>firmiter</span> <span class='ocrx_word' id='word_1_98' title='bbox 892 2033 1036 2101; x_wconf 91' lang='lat' dir='ltr'>tolerare</span> <span class='ocrx_word' id='word_1_99' title='bbox 1068 2033 1248 2100; x_wconf 91' lang='lat' dir='ltr'>cohibendo</span> <span class='ocrx_word' id='word_1_100' title='bbox 1278 2033 1448 2115; x_wconf 89' lang='lat' dir='ltr'>timorem,</span> <span class='ocrx_word' id='word_1_101' title='bbox 1479 2037 1537 2103; x_wconf 92' lang='lat' dir='ltr'>sed</span> 
     </span>
     <span class='ocr_line' id='line_1_14' title="bbox 291 2139 1538 2225; baseline 0.003 -19"><span class='ocrx_word' id='word_1_102' title='bbox 291 2140 391 2208; x_wconf 87' lang='lat' dir='ltr'>etiam</span> <span class='ocrx_word' id='word_1_103' title='bbox 414 2143 575 2208; x_wconf 85' lang='lat' dir='ltr'>moderate</span> <span class='ocrx_word' id='word_1_104' title='bbox 598 2141 744 2224; x_wconf 83' lang='lat' dir='ltr'>aggredi,</span> <span class='ocrx_word' id='word_1_105' title='bbox 774 2140 903 2224; x_wconf 89' lang='lat' dir='ltr'>quando</span> <span class='ocrx_word' id='word_1_106' title='bbox 933 2139 1060 2207; x_wconf 87' lang='lat' dir='ltr'>scilicet</span> <span class='ocrx_word' id='word_1_107' title='bbox 1082 2143 1214 2225; x_wconf 90' lang='lat' dir='ltr'>oportet</span> <span class='ocrx_word' id='word_1_108' title='bbox 1237 2161 1294 2207; x_wconf 85' lang='lat' dir='ltr'>eae</span> <span class='ocrx_word' id='word_1_109' title='bbox 1317 2143 1538 2210; x_wconf 85' lang='lat' dir='ltr'>exterminare</span> 
     </span>
     <span class='ocr_line' id='line_1_15' title="bbox 292 2227 1539 2333; baseline 0.003 -20"><span class='ocrx_word' id='word_1_110' title='bbox 292 2246 334 2313; x_wconf 91' lang='lat' dir='ltr'>ad</span> <span class='ocrx_word' id='word_1_111' title='bbox 357 2247 568 2316; x_wconf 87' lang='lat' dir='ltr'>securitatem</span> <span class='ocrx_word' id='word_1_112' title='bbox 591 2247 626 2314; x_wconf 93' lang='lat' dir='ltr'>in</span> <span class='ocrx_word' id='word_1_113' title='bbox 648 2251 818 2333; x_wconf 87' lang='lat' dir='ltr'>posterum</span> <span class='ocrx_word' id='word_1_114' title='bbox 840 2227 1035 2326; x_wconf 82' lang='lat' dir='ltr'>habandein,</span> <span class='ocrx_word' id='word_1_115' title='bbox 1059 2247 1146 2330; x_wconf 86' lang='lat' dir='ltr'>quod</span> <span class='ocrx_word' id='word_1_116' title='bbox 1168 2247 1301 2314; x_wconf 89' lang='lat' dir='ltr'>videtur</span> <span class='ocrx_word' id='word_1_117' title='bbox 1315 2249 1481 2333; x_wconf 92' lang='lat' dir='ltr'>pertinere</span> <span class='ocrx_word' id='word_1_118' title='bbox 1496 2250 1539 2317; x_wconf 92' lang='lat' dir='ltr'>ad</span> 
     </span>
    </p>
   </div>
   <div class='ocr_carea' id='block_1_3' title="bbox 292 2349 1641 2422">
    <p class='ocr_par' dir='ltr' id='par_1_4' title="bbox 292 2349 1641 2422">
     <span class='ocr_line' id='line_1_16' title="bbox 292 2349 1641 2422; baseline 0.004 -4"><span class='ocrx_word' id='word_1_119' title='bbox 292 2353 453 2420; x_wconf 89' lang='lat' dir='ltr'>rationem</span> <span class='ocrx_word' id='word_1_120' title='bbox 484 2357 651 2422; x_wconf 76' lang='lat' dir='ltr'>audaciae.</span> <span class='ocrx_word' id='word_1_121' title='bbox 698 2353 745 2420; x_wconf 75' lang='lat' dir='ltr'>ut</span> <span class='ocrx_word' id='word_1_122' title='bbox 772 2353 847 2419; x_wconf 88' lang='lat' dir='ltr'>ideo</span> <span class='ocrx_word' id='word_1_123' title='bbox 877 2352 1037 2420; x_wconf 89' lang='lat' dir='ltr'>fortitudo</span> <span class='ocrx_word' id='word_1_124' title='bbox 1068 2357 1121 2420; x_wconf 90' lang='lat' dir='ltr'>est</span> <span class='ocrx_word' id='word_1_125' title='bbox 1151 2353 1238 2420; x_wconf 85' lang='lat' dir='ltr'>circa</span> <span class='ocrx_word' id='word_1_126' title='bbox 1264 2353 1400 2420; x_wconf 86' lang='lat' dir='ltr'>timores</span> <span class='ocrx_word' id='word_1_127' title='bbox 1422 2360 1457 2422; x_wconf 88' lang='lat' dir='ltr'>et</span> <span class='ocrx_word' id='word_1_128' title='bbox 1479 2377 1538 2422; x_wconf 89' lang='lat' dir='ltr'>au·</span> <span class='ocrx_word' id='word_1_129' title='bbox 1639 2349 1641 2355; x_wconf 70' lang='grc'><strong>’</strong></span> 
     </span>
    </p>
   </div>
   <div class='ocr_carea' id='block_1_4' title="bbox 293 2459 1543 4351">
    <p class='ocr_par' dir='ltr' id='par_1_5' title="bbox 293 2459 1541 3070">
     <span class='ocr_line' id='line_1_17' title="bbox 293 2459 1539 2544; baseline 0.002 -18"><span class='ocrx_word' id='word_1_130' title='bbox 293 2459 414 2538; x_wconf 87' lang='lat' dir='ltr'>daciae,</span> <span class='ocrx_word' id='word_1_131' title='bbox 431 2461 524 2544; x_wconf 90' lang='lat' dir='ltr'>quasi</span> <span class='ocrx_word' id='word_1_132' title='bbox 540 2461 709 2527; x_wconf 83' lang='lat' dir='ltr'>cohibitioa</span> <span class='ocrx_word' id='word_1_133' title='bbox 723 2463 872 2526; x_wconf 83' lang='lat' dir='ltr'>timorum</span> <span class='ocrx_word' id='word_1_134' title='bbox 889 2469 917 2526; x_wconf 85' lang='lat' dir='ltr'>ct</span> <span class='ocrx_word' id='word_1_135' title='bbox 932 2461 1148 2527; x_wconf 74' lang='lat' dir='ltr'>audaciorem</span> <span class='ocrx_word' id='word_1_136' title='bbox 1164 2463 1379 2528; x_wconf 82' lang='lat' dir='ltr'>moderatioa“</span> <span class='ocrx_word' id='word_1_137' title='bbox 1392 2464 1422 2526; x_wconf 75' lang='lat'>²:</span> <span class='ocrx_word' id='word_1_138' title='bbox 1444 2462 1539 2529; x_wconf 92' lang='lat' dir='ltr'>Unde</span> 
     </span>
     <span class='ocr_line' id='line_1_18' title="bbox 293 2565 1539 2650; baseline 0.002 -18"><span class='ocrx_word' id='word_1_139' title='bbox 293 2565 458 2650; x_wconf 84' lang='lat' dir='ltr'>colligitur</span> <span class='ocrx_word' id='word_1_140' title='bbox 487 2587 553 2632; x_wconf 91' lang='lat' dir='ltr'>non</span> <span class='ocrx_word' id='word_1_141' title='bbox 576 2565 756 2650; x_wconf 88' lang='lat' dir='ltr'>quamlibet</span> <span class='ocrx_word' id='word_1_142' title='bbox 778 2565 879 2632; x_wconf 91' lang='lat' dir='ltr'>animi</span> <span class='ocrx_word' id='word_1_143' title='bbox 905 2565 1087 2645; x_wconf 88' lang='lat' dir='ltr'>andaciam,</span> <span class='ocrx_word' id='word_1_144' title='bbox 1112 2587 1176 2650; x_wconf 89' lang='lat' dir='ltr'>qua</span> <span class='ocrx_word' id='word_1_145' title='bbox 1199 2566 1334 2634; x_wconf 89' lang='lat' dir='ltr'>timores</span> <span class='ocrx_word' id='word_1_146' title='bbox 1358 2588 1455 2634; x_wconf 86' lang='lat' dir='ltr'>caeco</span> <span class='ocrx_word' id='word_1_147' title='bbox 1478 2568 1539 2634; x_wconf 89' lang='lat' dir='ltr'>im·</span> 
     </span>
     <span class='ocr_line' id='line_1_19' title="bbox 293 2672 1541 2757; baseline 0.004 -19"><span class='ocrx_word' id='word_1_148' title='bbox 293 2677 373 2757; x_wconf 88' lang='lat' dir='ltr'>petu</span> <span class='ocrx_word' id='word_1_149' title='bbox 396 2677 455 2740; x_wconf 90' lang='lat' dir='ltr'>aut</span> <span class='ocrx_word' id='word_1_150' title='bbox 478 2673 567 2738; x_wconf 90' lang='lat' dir='ltr'>nullo</span> <span class='ocrx_word' id='word_1_151' title='bbox 590 2672 737 2740; x_wconf 88' lang='lat' dir='ltr'>adhibito</span> <span class='ocrx_word' id='word_1_152' title='bbox 752 2672 890 2739; x_wconf 90' lang='lat' dir='ltr'>rationis</span> <span class='ocrx_word' id='word_1_153' title='bbox 906 2672 1129 2739; x_wconf 87' lang='lat' dir='ltr'>moderamine</span> <span class='ocrx_word' id='word_1_154' title='bbox 1144 2678 1405 2752; x_wconf 90' lang='lat' dir='ltr'>contemnantur,</span> <span class='ocrx_word' id='word_1_155' title='bbox 1429 2679 1541 2744; x_wconf 82' lang='lat' dir='ltr'>uirtuti</span> 
     </span>
     <span class='ocr_line' id='line_1_20' title="bbox 293 2773 1540 2866; baseline 0.004 -22"><span class='ocrx_word' id='word_1_156' title='bbox 293 2773 496 2848; x_wconf 81' lang='lat' dir='ltr'>fortitudinis&#39;</span> <span class='ocrx_word' id='word_1_157' title='bbox 528 2778 737 2862; x_wconf 88' lang='lat' dir='ltr'>aequiparari</span> <span class='ocrx_word' id='word_1_158' title='bbox 768 2799 877 2863; x_wconf 89' lang='lat' dir='ltr'>posse.</span> <span class='ocrx_word' id='word_1_159' title='bbox 923 2777 1010 2844; x_wconf 89' lang='lat' dir='ltr'>Nam</span> <span class='ocrx_word' id='word_1_160' title='bbox 1046 2779 1170 2856; x_wconf 88' lang='lat' dir='ltr'>,virtus</span> <span class='ocrx_word' id='word_1_161' title='bbox 1199 2779 1340 2846; x_wconf 90' lang='lat' dir='ltr'>hominis</span> <span class='ocrx_word' id='word_1_162' title='bbox 1362 2785 1424 2860; x_wconf 86' lang='lat' dir='ltr'>est,</span> <span class='ocrx_word' id='word_1_163' title='bbox 1456 2803 1540 2866; x_wconf 91' lang='lat' dir='ltr'>quae</span> 
     </span>
     <span class='ocr_line' id='line_1_21' title="bbox 293 2884 1541 2970; baseline 0.004 -20"><span class='ocrx_word' id='word_1_164' title='bbox 293 2885 377 2952; x_wconf 89' lang='lat' dir='ltr'>facit</span> <span class='ocrx_word' id='word_1_165' title='bbox 398 2886 519 2951; x_wconf 92' lang='lat' dir='ltr'>bonum</span> <span class='ocrx_word' id='word_1_166' title='bbox 541 2884 706 2950; x_wconf 90' lang='lat' dir='ltr'>hominem</span> <span class='ocrx_word' id='word_1_167' title='bbox 729 2889 764 2952; x_wconf 89' lang='lat' dir='ltr'>et</span> <span class='ocrx_word' id='word_1_168' title='bbox 787 2906 869 2970; x_wconf 88' lang='lat' dir='ltr'>opus</span> <span class='ocrx_word' id='word_1_169' title='bbox 892 2884 962 2950; x_wconf 89' lang='lat' dir='ltr'>eius</span> <span class='ocrx_word' id='word_1_170' title='bbox 986 2885 1105 2951; x_wconf 91' lang='lat' dir='ltr'>bonum</span> <span class='ocrx_word' id='word_1_171' title='bbox 1128 2884 1252 2963; x_wconf 89' lang='lat' dir='ltr'>reddit;</span> <span class='ocrx_word' id='word_1_172' title='bbox 1282 2887 1402 2954; x_wconf 88' lang='lat' dir='ltr'>honum</span> <span class='ocrx_word' id='word_1_173' title='bbox 1430 2892 1541 2956; x_wconf 90' lang='lat' dir='ltr'>autem</span> 
     </span>
     <span class='ocr_line' id='line_1_22' title="bbox 297 2991 1060 3070; baseline 0.001 -13"><span class='ocrx_word' id='word_1_174' title='bbox 297 2992 438 3059; x_wconf 89' lang='lat' dir='ltr'>hominis</span> <span class='ocrx_word' id='word_1_175' title='bbox 460 2996 522 3070; x_wconf 87' lang='lat' dir='ltr'>est,</span> <span class='ocrx_word' id='word_1_176' title='bbox 547 2991 725 3058; x_wconf 90' lang='lat' dir='ltr'>secundum</span> <span class='ocrx_word' id='word_1_177' title='bbox 748 2991 910 3058; x_wconf 88' lang='lat' dir='ltr'>rationem</span> <span class='ocrx_word' id='word_1_178' title='bbox 934 2993 1024 3057; x_wconf 79' lang='lat' dir='ltr'>esse“</span> <span class='ocrx_word' id='word_1_179' title='bbox 1037 2993 1060 3058; x_wconf 79' lang='lat'>³.</span> 
     </span>
    </p>

    <p class='ocr_par' dir='ltr' id='par_1_6' title="bbox 293 3097 1543 3803">
     <span class='ocr_line' id='line_1_23' title="bbox 383 3097 1541 3187; baseline 0.003 -22"><span class='ocrx_word' id='word_1_180' title='bbox 383 3099 600 3165; x_wconf 80' lang='lat' dir='ltr'>Fortitudinis</span> <span class='ocrx_word' id='word_1_181' title='bbox 636 3098 730 3180; x_wconf 88' lang='lat' dir='ltr'>quasi</span> <span class='ocrx_word' id='word_1_182' title='bbox 766 3102 892 3165; x_wconf 83' lang='lat' dir='ltr'>comites</span> <span class='ocrx_word' id='word_1_183' title='bbox 923 3097 1121 3182; x_wconf 89' lang='lat' dir='ltr'>praecipuae</span> <span class='ocrx_word' id='word_1_184' title='bbox 1153 3103 1247 3166; x_wconf 84' lang='lat' dir='ltr'>eunt:</span> <span class='ocrx_word' id='word_1_185' title='bbox 1281 3105 1541 3187; x_wconf 81' lang='lat' dir='ltr'>mapmanimitas,</span> 
     </span>
     <span class='ocr_line' id='line_1_24' title="bbox 294 3204 1541 3289; baseline 0.002 -17"><span class='ocrx_word' id='word_1_186' title='bbox 294 3226 379 3289; x_wconf 88' lang='lat' dir='ltr'>quae</span> <span class='ocrx_word' id='word_1_187' title='bbox 406 3226 468 3285; x_wconf 83' lang='lat' dir='ltr'>,ex</span> <span class='ocrx_word' id='word_1_188' title='bbox 497 3226 556 3270; x_wconf 92' lang='lat' dir='ltr'>suo</span> <span class='ocrx_word' id='word_1_189' title='bbox 587 3204 718 3273; x_wconf 91' lang='lat' dir='ltr'>nomine</span> <span class='ocrx_word' id='word_1_190' title='bbox 746 3205 906 3289; x_wconf 89' lang='lat' dir='ltr'>importat</span> <span class='ocrx_word' id='word_1_191' title='bbox 935 3204 1099 3288; x_wconf 90' lang='lat' dir='ltr'>quandam</span> <span class='ocrx_word' id='word_1_192' title='bbox 1128 3205 1353 3272; x_wconf 87' lang='lat' dir='ltr'>extensionem</span> <span class='ocrx_word' id='word_1_193' title='bbox 1375 3207 1476 3274; x_wconf 87' lang='lat' dir='ltr'>animi</span> <span class='ocrx_word' id='word_1_194' title='bbox 1499 3208 1541 3276; x_wconf 88' lang='lat' dir='ltr'>ad</span> 
     </span>
     <span class='ocr_line' id='line_1_25' title="bbox 293 3310 1543 3397; baseline 0.002 -18"><span class='ocrx_word' id='word_1_195' title='bbox 293 3314 452 3396; x_wconf 81' lang='lat' dir='ltr'>magna“;</span> <span class='ocrx_word' id='word_1_196' title='bbox 474 3315 642 3397; x_wconf 80' lang='lat' dir='ltr'>patientia,</span> <span class='ocrx_word' id='word_1_197' title='bbox 665 3332 726 3396; x_wconf 90' lang='lat' dir='ltr'>per</span> <span class='ocrx_word' id='word_1_198' title='bbox 748 3333 846 3394; x_wconf 89' lang='lat' dir='ltr'>quam</span> <span class='ocrx_word' id='word_1_199' title='bbox 873 3311 1013 3391; x_wconf 91' lang='lat' dir='ltr'>,bonum</span> <span class='ocrx_word' id='word_1_200' title='bbox 1036 3310 1174 3378; x_wconf 88' lang='lat' dir='ltr'>rationis</span> <span class='ocrx_word' id='word_1_201' title='bbox 1197 3317 1411 3380; x_wconf 85' lang='lat' dir='ltr'>conservatur</span> <span class='ocrx_word' id='word_1_202' title='bbox 1427 3317 1543 3381; x_wconf 89' lang='lat' dir='ltr'>contra</span> 
     </span>
     <span class='ocr_line' id='line_1_26' title="bbox 293 3417 1541 3503; baseline 0.001 -18"><span class='ocrx_word' id='word_1_203' title='bbox 293 3417 475 3496; x_wconf 88' lang='lat' dir='ltr'>tristitiam,</span> <span class='ocrx_word' id='word_1_204' title='bbox 498 3439 541 3483; x_wconf 91' lang='lat' dir='ltr'>ne</span> <span class='ocrx_word' id='word_1_205' title='bbox 563 3417 690 3485; x_wconf 84' lang='lat' dir='ltr'>scilicet</span> <span class='ocrx_word' id='word_1_206' title='bbox 711 3417 797 3485; x_wconf 91' lang='lat' dir='ltr'>ratio</span> <span class='ocrx_word' id='word_1_207' title='bbox 817 3417 976 3484; x_wconf 88' lang='lat' dir='ltr'>tristitiae</span> <span class='ocrx_word' id='word_1_208' title='bbox 992 3418 1202 3485; x_wconf 76' lang='lat' dir='ltr'>succumbat“</span> <span class='ocrx_word' id='word_1_209' title='bbox 1222 3417 1256 3484; x_wconf 91' lang='lat' dir='ltr'>in</span> <span class='ocrx_word' id='word_1_210' title='bbox 1271 3418 1452 3485; x_wconf 89' lang='lat' dir='ltr'>tolerandis</span> <span class='ocrx_word' id='word_1_211' title='bbox 1467 3439 1541 3503; x_wconf 92' lang='lat' dir='ltr'>pre·</span> 
     </span>
     <span class='ocr_line' id='line_1_27' title="bbox 293 3521 1542 3610; baseline 0.002 -21"><span class='ocrx_word' id='word_1_212' title='bbox 293 3522 459 3590; x_wconf 88' lang='lat' dir='ltr'>mentibus</span> <span class='ocrx_word' id='word_1_213' title='bbox 481 3523 593 3601; x_wconf 88' lang='lat' dir='ltr'>malis;</span> <span class='ocrx_word' id='word_1_214' title='bbox 616 3527 863 3610; x_wconf 79' lang='lat' dir='ltr'>perseverantia,</span> <span class='ocrx_word' id='word_1_215' title='bbox 888 3543 972 3605; x_wconf 85' lang='lat' dir='ltr'>quaa</span> <span class='ocrx_word' id='word_1_216' title='bbox 1001 3521 1100 3600; x_wconf 86' lang='lat' dir='ltr'>,iacit</span> <span class='ocrx_word' id='word_1_217' title='bbox 1122 3523 1261 3590; x_wconf 88' lang='lat' dir='ltr'>firmiter</span> <span class='ocrx_word' id='word_1_218' title='bbox 1283 3525 1460 3608; x_wconf 87' lang='lat' dir='ltr'>persistere</span> <span class='ocrx_word' id='word_1_219' title='bbox 1483 3524 1542 3591; x_wconf 93' lang='lat' dir='ltr'>ho-</span> 
     </span>
     <span class='ocr_line' id='line_1_28' title="bbox 293 3628 1542 3716; baseline 0.003 -22"><span class='ocrx_word' id='word_1_220' title='bbox 293 3630 416 3703; x_wconf 89' lang='lat' dir='ltr'>minem</span> <span class='ocrx_word' id='word_1_221' title='bbox 439 3628 580 3695; x_wconf 88' lang='lat' dir='ltr'>inbono</span> <span class='ocrx_word' id='word_1_222' title='bbox 604 3633 720 3698; x_wconf 87' lang='lat' dir='ltr'>contra</span> <span class='ocrx_word' id='word_1_223' title='bbox 743 3629 982 3708; x_wconf 89' lang='lat' dir='ltr'>difficultatem,</span> <span class='ocrx_word' id='word_1_224' title='bbox 1012 3649 1096 3712; x_wconf 89' lang='lat' dir='ltr'>quae</span> <span class='ocrx_word' id='word_1_225' title='bbox 1125 3630 1277 3713; x_wconf 92' lang='lat' dir='ltr'>provenit</span> <span class='ocrx_word' id='word_1_226' title='bbox 1304 3651 1346 3696; x_wconf 83' lang='lat' dir='ltr'>ex</span> <span class='ocrx_word' id='word_1_227' title='bbox 1372 3631 1444 3716; x_wconf 90' lang='lat' dir='ltr'>ipsa</span> <span class='ocrx_word' id='word_1_228' title='bbox 1471 3631 1542 3698; x_wconf 91' lang='lat' dir='ltr'>diu-</span> 
     </span>
     <span class='ocr_line' id='line_1_29' title="bbox 294 3735 627 3803; baseline -0.003 0"><span class='ocrx_word' id='word_1_229' title='bbox 294 3735 457 3803; x_wconf 86' lang='lat' dir='ltr'>turnitate</span> <span class='ocrx_word' id='word_1_230' title='bbox 479 3738 591 3802; x_wconf 81' lang='lat' dir='ltr'>actus“</span> <span class='ocrx_word' id='word_1_231' title='bbox 604 3737 627 3802; x_wconf 77' lang='lat'>4.</span> 
     </span>
    </p>

    <p class='ocr_par' dir='ltr' id='par_1_7' title="bbox 294 3841 1542 4351">
     <span class='ocr_line' id='line_1_30' title="bbox 384 3841 1542 3930; baseline 0.002 -23"><span class='ocrx_word' id='word_1_232' title='bbox 384 3843 469 3907; x_wconf 86' lang='lat' dir='ltr'>Vitia</span> <span class='ocrx_word' id='word_1_233' title='bbox 493 3841 632 3924; x_wconf 88' lang='lat' dir='ltr'>deniqne</span> <span class='ocrx_word' id='word_1_234' title='bbox 652 3841 701 3907; x_wconf 94' lang='lat' dir='ltr'>illi</span> <span class='ocrx_word' id='word_1_235' title='bbox 716 3842 937 3908; x_wconf 90' lang='lat' dir='ltr'>adversantur</span> <span class='ocrx_word' id='word_1_236' title='bbox 952 3842 1019 3908; x_wconf 90' lang='lat' dir='ltr'>alia</span> <span class='ocrx_word' id='word_1_237' title='bbox 1030 3865 1090 3930; x_wconf 86' lang='lat' dir='ltr'>per</span> <span class='ocrx_word' id='word_1_238' title='bbox 1108 3841 1272 3926; x_wconf 83' lang='lat' dir='ltr'>defectum,</span> <span class='ocrx_word' id='word_1_239' title='bbox 1297 3863 1430 3928; x_wconf 89' lang='lat' dir='ltr'>nempe:</span> <span class='ocrx_word' id='word_1_240' title='bbox 1454 3843 1542 3912; x_wconf 89' lang='lat' dir='ltr'>timi·</span> 
     </span>
     <span class='ocr_line' id='line_1_31' title="bbox 295 3947 1542 4034; baseline 0.002 -21"><span class='ocrx_word' id='word_1_241' title='bbox 295 3947 393 4025; x_wconf 85' lang='lat' dir='ltr'>ditas,</span> <span class='ocrx_word' id='word_1_242' title='bbox 422 3947 687 4032; x_wconf 88' lang='lat' dir='ltr'>pusillanimitas,</span> <span class='ocrx_word' id='word_1_243' title='bbox 720 3947 864 4031; x_wconf 88' lang='lat' dir='ltr'>ignavia,</span> <span class='ocrx_word' id='word_1_244' title='bbox 895 3947 1044 4027; x_wconf 87' lang='lat' dir='ltr'>tristitia,</span> <span class='ocrx_word' id='word_1_245' title='bbox 1076 3947 1279 4032; x_wconf 69' lang='lat' dir='ltr'>desperatim</span> <span class='ocrx_word' id='word_1_246' title='bbox 1313 3947 1379 4015; x_wconf 85' lang='lat' dir='ltr'>aha</span> <span class='ocrx_word' id='word_1_247' title='bbox 1402 3969 1461 4034; x_wconf 90' lang='lat' dir='ltr'>per</span> <span class='ocrx_word' id='word_1_248' title='bbox 1484 3970 1542 4015; x_wconf 86' lang='lat' dir='ltr'>ex·</span> 
     </span>
     <span class='ocr_line' id='line_1_32' title="bbox 295 4054 1541 4140; baseline 0.001 -20"><span class='ocrx_word' id='word_1_249' title='bbox 295 4075 441 4120; x_wconf 88' lang='lat' dir='ltr'>cessum:</span> <span class='ocrx_word' id='word_1_250' title='bbox 472 4056 617 4120; x_wconf 78' lang='lat' dir='ltr'>audacia</span> <span class='ocrx_word' id='word_1_251' title='bbox 647 4057 819 4120; x_wconf 82' lang='lat' dir='ltr'>temeraria</span> <span class='ocrx_word' id='word_1_252' title='bbox 849 4057 884 4120; x_wconf 91' lang='lat' dir='ltr'>et</span> <span class='ocrx_word' id='word_1_253' title='bbox 913 4054 1099 4120; x_wconf 90' lang='lat' dir='ltr'>inconsulta</span> <span class='ocrx_word' id='word_1_254' title='bbox 1128 4057 1188 4120; x_wconf 88' lang='lat' dir='ltr'>aut</span> <span class='ocrx_word' id='word_1_255' title='bbox 1217 4055 1361 4140; x_wconf 84' lang='lat' dir='ltr'>improba</span> <span class='ocrx_word' id='word_1_256' title='bbox 1385 4055 1484 4121; x_wconf 87' lang='lat' dir='ltr'>etiarn</span> <span class='ocrx_word' id='word_1_257' title='bbox 1507 4055 1541 4122; x_wconf 91' lang='lat' dir='ltr'>in</span> 
     </span>
     <span class='ocr_line' id='line_1_33' title="bbox 294 4159 1542 4245; baseline 0.001 -19"><span class='ocrx_word' id='word_1_258' title='bbox 294 4159 467 4226; x_wconf 86' lang='lat' dir='ltr'>sceleratis</span> <span class='ocrx_word' id='word_1_259' title='bbox 489 4159 634 4226; x_wconf 87' lang='lat' dir='ltr'>consiliis</span> <span class='ocrx_word' id='word_1_260' title='bbox 657 4159 884 4242; x_wconf 85' lang='lat' dir='ltr'>exsequendis,</span> <span class='ocrx_word' id='word_1_261' title='bbox 907 4162 1199 4245; x_wconf 67' lang='lat' dir='ltr'>praesumptionen</span> <span class='ocrx_word' id='word_1_262' title='bbox 1213 4159 1315 4226; x_wconf 90' lang='lat' dir='ltr'>nimia</span> <span class='ocrx_word' id='word_1_263' title='bbox 1329 4160 1363 4226; x_wconf 91' lang='lat' dir='ltr'>iu</span> <span class='ocrx_word' id='word_1_264' title='bbox 1379 4161 1447 4226; x_wconf 90' lang='lat' dir='ltr'>suis</span> <span class='ocrx_word' id='word_1_265' title='bbox 1464 4161 1542 4227; x_wconf 88' lang='lat' dir='ltr'>viri·</span> 
     </span>
     <span class='ocr_line' id='line_1_34' title="bbox 294 4265 1541 4351; baseline 0 -17"><span class='ocrx_word' id='word_1_266' title='bbox 294 4269 356 4334; x_wconf 86' lang='lat' dir='ltr'>bus</span> <span class='ocrx_word' id='word_1_267' title='bbox 371 4267 499 4343; x_wconf 86' lang='lat' dir='ltr'>fiducia,</span> <span class='ocrx_word' id='word_1_268' title='bbox 516 4265 650 4348; x_wconf 90' lang='lat' dir='ltr'>quaein</span> <span class='ocrx_word' id='word_1_269' title='bbox 666 4266 775 4350; x_wconf 85' lang='lat' dir='ltr'>specie</span> <span class='ocrx_word' id='word_1_270' title='bbox 790 4265 1056 4348; x_wconf 85' lang='lat' dir='ltr'>magnanimitati</span> <span class='ocrx_word' id='word_1_271' title='bbox 1071 4286 1131 4350; x_wconf 89' lang='lat' dir='ltr'>per</span> <span class='ocrx_word' id='word_1_272' title='bbox 1146 4285 1318 4332; x_wconf 86' lang='lat' dir='ltr'>excessum</span> <span class='ocrx_word' id='word_1_273' title='bbox 1334 4266 1509 4351; x_wconf 90' lang='lat' dir='ltr'>opponitur</span> <span class='ocrx_word' id='word_1_274' title='bbox 1518 4269 1541 4334; x_wconf 81' lang='lat'>⁵.</span> 
     </span>
    </p>
   </div>
   <div class='ocr_carea' id='block_1_5' title="bbox 385 4476 1540 4652">
    <p class='ocr_par' dir='ltr' id='par_1_8' title="bbox 385 4476 1540 4652">
     <span class='ocr_line' id='line_1_35' title="bbox 388 4476 1540 4547; baseline 0.003 -16"><span class='ocrx_word' id='word_1_275' title='bbox 388 4476 506 4532; x_wconf 83' lang='lat' dir='ltr'>¹cf.s.</span> <span class='ocrx_word' id='word_1_276' title='bbox 528 4477 745 4547; x_wconf 78' lang='lat' dir='ltr'>ihom.l.c.q.</span> <span class='ocrx_word' id='word_1_277' title='bbox 766 4478 915 4543; x_wconf 58' lang='grc'><strong>133112.</strong></span> <span class='ocrx_word' id='word_1_278' title='bbox 1007 4477 1075 4531; x_wconf 76' lang='lat' dir='ltr'>²1b.</span> <span class='ocrx_word' id='word_1_279' title='bbox 1095 4494 1121 4546; x_wconf 92' lang='lat' dir='ltr'>q.</span> <span class='ocrx_word' id='word_1_280' title='bbox 1142 4477 1201 4543; x_wconf 85' lang='lat'>123,</span> <span class='ocrx_word' id='word_1_281' title='bbox 1221 4495 1245 4531; x_wconf 90' lang='lat' dir='ltr'>a.</span> <span class='ocrx_word' id='word_1_282' title='bbox 1265 4477 1291 4532; x_wconf 84' lang='lat'>3.</span> <span class='ocrx_word' id='word_1_283' title='bbox 1384 4479 1451 4534; x_wconf 79' lang='lat' dir='ltr'>⁸lh.</span> <span class='ocrx_word' id='word_1_284' title='bbox 1471 4497 1495 4536; x_wconf 86' lang='lat' dir='ltr'>a.</span> <span class='ocrx_word' id='word_1_285' title='bbox 1518 4482 1540 4536; x_wconf 91' lang='lat' dir='ltr'>l.</span> 
     </span>
     <span class='ocr_line' id='line_1_36' title="bbox 385 4565 1320 4652; baseline 0 -32"><span class='ocrx_word' id='word_1_286' title='bbox 385 4565 454 4652; x_wconf 60' lang='lat' dir='ltr'>fib.</span> <span class='ocrx_word' id='word_1_287' title='bbox 473 4583 499 4635; x_wconf 89' lang='lat' dir='ltr'>q.</span> <span class='ocrx_word' id='word_1_288' title='bbox 520 4567 642 4621; x_wconf 83' lang='lat'>129136</span> <span class='ocrx_word' id='word_1_289' title='bbox 664 4567 724 4622; x_wconf 81' lang='grc'><strong>137.</strong></span> <span class='ocrx_word' id='word_1_290' title='bbox 831 4566 899 4622; x_wconf 65' lang='lat'>⁸11).</span> <span class='ocrx_word' id='word_1_291' title='bbox 920 4584 945 4636; x_wconf 88' lang='lat' dir='ltr'>q.</span> <span class='ocrx_word' id='word_1_292' title='bbox 967 4567 1107 4622; x_wconf 78' lang='lat'>125-127</span> <span class='ocrx_word' id='word_1_293' title='bbox 1115 4587 1123 4633; x_wconf 90' lang='lat'>;</span> <span class='ocrx_word' id='word_1_294' title='bbox 1143 4583 1169 4636; x_wconf 89' lang='lat' dir='ltr'>q.</span> <span class='ocrx_word' id='word_1_295' title='bbox 1191 4566 1320 4622; x_wconf 82' lang='lat'>130133.</span> 
     </span>
    </p>
   </div>
   <div class='ocr_carea' id='block_1_6' title="bbox 812 4799 1023 4808">
    <p class='ocr_par' dir='ltr' id='par_1_9' title="bbox 812 4799 1023 4808">
     <span class='ocr_line' id='line_1_37' title="bbox 812 4799 1023 4808; baseline -0.009 -1"><span class='ocrx_word' id='word_1_296' title='bbox 812 4799 1023 4808; x_wconf 44' lang='grc' dir='ltr'>...ς-...ἠ</span> 
     </span>
    </p>
   </div>
   <div class='ocr_carea' id='block_1_7' title="bbox 0 0 1964 5842">
    <p class='ocr_par' dir='ltr' id='par_1_10' title="bbox 0 0 1964 5842">
     <span class='ocr_line' id='line_1_38' title="bbox 0 0 1964 5842; baseline 0 0"><span class='ocrx_word' id='word_1_297' title='bbox 0 0 1964 5842; x_wconf 95' lang='lat' dir='ltr'> </span> 
     </span>
    </p>
   </div>
  </div>
 </body>
</html>
