3909 5842
426 660 491 725 426
644 656 734 710 Sectio
753 656 787 709 Il.
824 654 904 711 Liber
923 657 956 711 II.
994 656 1084 726 Caput
1101 656 1136 711 Il.
1174 657 1313 711 Articulus
1332 656 1356 710 2.
1394 655 1455 723 52.

426 836 510 903 dinis
542 834 689 913 moralis,
724 842 886 901 externam
920 838 1080 921 quendam
1110 837 1359 901 mechaniemnm
1390 832 1581 910 substituit,
1617 853 1681 915 quo

425 944 595 1029 problema
618 940 872 1009 coexsistentiae
896 941 1020 1007 liberae
1042 942 1220 1010 multorum
1240 941 1335 1025 quasi
1349 940 1588 1007 mathematica
1604 960 1683 1024 pro-

425 1048 575 1134 portione
598 1049 757 1115 solvatur.

426 1161 494 1234 527.
585 1159 744 1233 Probatur
767 1158 810 1234 11⁰
833 1162 1007 1246 (indirecte
1030 1184 1088 1229 seu
1112 1184 1155 1229 ex
1178 1161 1295 1247 logicis
1317 1161 1590 1245 consequentiis).

516 1268 605 1334 Nota
628 1266 870 1350 reprobationis
892 1268 926 1333 in
949 1268 1036 1334 thesi
1060 1269 1234 1335 enuntiata
1256 1271 1431 1352 praeterea
1448 1265 1587 1332 uberius
1603 1287 1683 1331 coa·

425 1378 576 1441 firmatur
604 1376 639 1440 et
670 1373 866 1452 illustratur,
898 1374 925 1439 ei
955 1374 1101 1440 eiusdem
1132 1374 1301 1441 doctrinae
1324 1373 1423 1457 logici
1445 1372 1580 1439 fructus
1603 1394 1682 1437 con·
1769 1367 1771 1412 ³

426 1481 622 1547 siderentur.
669 1479 757 1545 Nam

516 1591 545 1653 1.
576 1586 661 1652 Iuris
691 1590 869 1670 conceptus
898 1586 931 1652 in
963 1587 1035 1653 sola
1064 1592 1205 1654 externa
1234 1586 1424 1653 condicione
1453 1586 1628 1653 libertatis
1650 1586 1681 1650 iu

426 1697 542 1759 mutua
571 1712 787 1776 personarum
817 1692 977 1759 relatione
1008 1694 1192 1759 servandae
1221 1714 1279 1759 cas
1302 1692 1493 1759 immediate
1512 1695 1682 1779 practicae
1770 1753 1772 1772 ,

427 1802 639 1867 conclusiones
662 1799 819 1879 admittit,
850 1821 932 1882 quas
955 1821 1021 1866 non
1044 1800 1150 1866 solum
1172 1799 1303 1884 publica
1326 1799 1493 1877 honestas,
1524 1798 1589 1864 sed
1612 1799 1682 1881 ipae
1770 1779 1772 1792 ἱ

427 1907 537 1985 etiam,
562 1910 599 1971 ut
623 1905 823 1983 confidimus,
848 1905 983 1972 moralis
1005 1926 1122 1971 sensus
1145 1926 1278 1971 suorum
1302 1910 1473 1971 auctorum
1497 1904 1681 1970 abhorrere

427 2013 533 2079 debet.
592 2011 670 2089 Quis
700 2012 786 2077 enim
817 2011 906 2077 ferat
934 2012 1082 2079 actiones
1111 2032 1334 2094 quascumque
1364 2010 1565 2092 flagitiosas,
1597 2032 1627 2077 0.
1650 2031 1681 2091 g.

427 2122 542 2185 contra
573 2117 785 2185 sanctitatem
815 2118 1015 2184 matrimonii
1045 2122 1226 2203 susceptas,
1256 2117 1508 2183 immoderatam
1532 2138 1680 2186 usuram,
1771 2139 1773 2163 1

427 2224 573 2301 suicidia,
604 2224 702 2290 immo
733 2228 767 2290 et
796 2230 912 2290 mutua
941 2224 1116 2291 homicidia
1145 2245 1206 2309 per
1234 2244 1270 2289 se
1299 2224 1424 2307 legales
1454 2228 1489 2290 et
1512 2224 1581 2289 iuri
1605 2244 1680 2289 con·

427 2336 602 2397 sentaneos
626 2335 720 2397 actus
744 2330 925 2415 nuncupari
949 2334 985 2395 et
1007 2351 1090 2409 csse,
1122 2350 1162 2395 ea
1185 2330 1258 2396 sola
1281 2328 1479 2405 condicione,
1508 2333 1549 2394 ut
1573 2338 1681 2393 mulso

429 2446 455 2503 et
478 2440 636 2503 communi
665 2438 763 2503 libero
792 2459 945 2503 concensu
976 2436 1064 2502 forte
1091 2436 1356 2503 committantur!
1380 2434 1543 2518 -atqui
1567 2439 1680 2501 taram

428 2542 585 2608 eiusmodi
609 2542 773 2608 conclusio
797 2543 922 2610 tamdiu
944 2543 1101 2609 declinari
1116 2564 1180 2607 non
1196 2546 1318 2626 potest,
1342 2541 1498 2624 quamdiu
1514 2541 1680 2607 libertatis

426 2648 595 2730 legitimae
619 2652 654 2713 01
676 2648 756 2714 iuris
780 2649 921 2715 ambitus
944 2650 1052 2715 nullos
1075 2648 1158 2715 alios
1181 2647 1303 2714 habere
1326 2647 1448 2713 limites
1471 2648 1679 2731 supponitur.

427 2754 488 2819 nisi
519 2775 600 2837 quos
630 2754 811 2820 necessitas
841 2778 904 2822 non
935 2756 1157 2842 impediendae
1187 2757 1343 2820 libertatis
1366 2756 1506 2819 aliorum
1531 2756 1678 2837 postula·

427 2860 523 2927 verit.
547 2859 731 2943 —Neque
755 2860 883 2929 dicant:
914 2866 1030 2927 contra
1060 2861 1218 2927 eiusmodi
1248 2860 1518 2942 consequentiam
1542 2859 1590 2925 ab
1612 2860 1678 2943 ipso

427 2965 550 3032 Kantio
573 2964 655 3031 satis
678 2971 809 3033 cautum
834 2990 907 3033 asse
930 2989 991 3053 per
1014 2968 1177 3035 adiectam
1200 2988 1279 3033 suae
1295 2966 1375 3032 iuris
1391 2966 1577 3032 definitioni
1594 2968 1678 3033 clau·

425 3072 529 3137 sulam
570 3072 764 3151 „secundum
798 3074 904 3156 legem
937 3075 1158 3157 generalem“.
1187 3112 1231 3123 -
1259 3073 1388 3141 Etenim
1420 3072 1549 3138 nullam
1580 3076 1675 3139 aliam

424 3178 532 3262 legam
556 3178 611 3244 illa
634 3178 684 3245 his
709 3180 819 3245 verbis
842 3181 1016 3264 intellegit,
1041 3180 1105 3247 nisi
1124 3182 1248 3264 „legem
1265 3180 1453 3263 generalem
1476 3178 1674 3246 libertatis·⁸

425 3290 462 3352 ut
485 3284 517 3350 in
541 3292 638 3352 textu
662 3288 850 3369 germanico
874 3288 1020 3355 auctoris
1044 3287 1200 3371 explicite
1214 3286 1338 3369 legitur
1353 3285 1474 3366 (mach
1490 3286 1604 3351 ainern
1619 3286 1674 3351 all·

424 3392 596 3473 gemeinen
621 3393 739 3459 (lesetz
770 3394 828 3459 der
851 3392 1043 3477 eremum).
1090 3395 1118 3458 Ε
1164 3414 1254 3471 sane,
1288 3413 1330 3457 ne
1359 3391 1536 3459 manifeste
1566 3414 1674 3459 secum

423 3498 494 3581 ipso
518 3504 692 3583 pugnaret,
717 3501 904 3581 generalem
922 3501 1066 3584 aliquam
1082 3502 1188 3582 legem
1205 3500 1297 3565 ethici
1312 3497 1435 3564 ordinis
1451 3498 1505 3564 hic
1519 3499 1674 3565 invocare

424 3604 521 3686 plane
544 3626 611 3670 non
633 3606 750 3689 potuit.

515 3713 544 3777 2.
570 3710 663 3777 Adde
687 3716 883 3778 consectaria
906 3720 989 3779 nerto
1012 3712 1121 3778 ordini
1136 3714 1258 3794 sociali,
1284 3710 1376 3776 cuius
1392 3710 1518 3776 morale
1534 3710 1671 3777 fulcrum

424 3821 542 3899 suapte
565 3822 685 3883 natura
707 3818 758 3883 ius
783 3839 856 3883 esse
887 3818 994 3896 debet,
1024 3834 1084 3904 per
1106 3840 1139 3883 ee
1161 3819 1295 3883 inimica
1318 3824 1347 3881 et
1368 3819 1561 3900 perniciosa.
1610 3816 1671 3882 lio·

423 3920 495 4002 gari
520 3922 639 4005 quippe
662 3944 726 3987 non
749 3927 860 4006 potest
883 3922 916 3988 in
942 3923 1008 3989 ista
1030 3922 1237 4007 potissimum
1251 3921 1331 3987 iuris
1346 3920 1567 4005 philosophia,
1591 3928 1671 3989 tam·

424 4048 521 4109 quam
544 4028 678 4113 propria
701 4050 761 4094 sua
783 4030 966 4096 theoretica
989 4029 1109 4107 radice,
1134 4030 1338 4095 abstractum
1359 4028 1452 4093 illum
1467 4028 1670 4095 idealismum

422 4133 563 4213 fundari,
594 4135 648 4217 qui
671 4136 819 4220 specioso
842 4136 972 4201 nomine
1001 4134 1227 4214 „liberalismi“
1247 4136 1289 4201 ab
1305 4138 1448 4200 exeunte
1463 4136 1600 4200 saeculo
1623 4136 1671 4201 de

423 4240 505 4305 oimo
522 4251 640 4308 octavo
656 4242 763 4309 instar
785 4242 938 4309 fermenti
955 4243 1144 4308 modernam
1167 4242 1360 4307 societatem
1376 4240 1535 4324 pervasit.
1569 4243 1671 4309 Huius

423 4350 533 4413 autem
556 4348 683 4414 influxu
707 4370 771 4414 non
788 4350 892 4415 solum
909 4348 1032 4414 ordinis
1048 4347 1174 4432 politici
1189 4346 1327 4412 moralia
1343 4348 1563 4413 fundamenta
1585 4350 1671 4415 labe

422 4452 559 4533 factata,
584 4475 699 4519 verum
723 4458 757 4520 et
779 4454 882 4538 ipsius
906 4456 1052 4539 corporis
1075 4454 1207 4520 socialis
1230 4475 1392 4539 cornpaqee
1411 4457 1612 4520 naturaliter·
1626 4478 1670 4519 or

420 4562 537 4644 punica
561 4564 594 4626 et
615 4560 729 4627 vitalia
753 4560 899 4626 mambra
922 4560 955 4624 in
978 4581 1040 4625 sua
1055 4560 1162 4643 prima
1177 4560 1351 4637 elementa,
1376 4558 1410 4623 in
1433 4561 1593 4641 aequales
1611 4561 1671 4626 sci·

422 4664 500 4730 licet
516 4665 705 4748 personales
721 4670 849 4731 atomos
865 4665 1012 4731 resoluta
1024 4669 1111 4730 sunt.
1135 4664 1188 4730 lta
1201 4663 1341 4746 denique
1354 4685 1436 4747 opus
1452 4672 1536 4742 erat,
1553 4688 1599 4731 ax
1613 4666 1671 4731 hac

422 4771 525 4835 veluti
554 4771 753 4854 anorganica
780 4770 989 4838 multitudiue
1017 4770 1207 4836 libertatum
1236 4769 1484 4836 individualium
1509 4774 1670 4857 politicum

422 4878 603 4942 enachinam
623 4882 821 4955 construere,
847 4876 923 4941 vivo
942 4879 1054 4943 sociali
1072 4880 1252 4961 orpcniemo
1272 4874 1536 4942 substituendam
1549 4883 1586 4944 et
1601 4880 1669 4943 sola

422 4984 492 5049 fere
508 4984 581 5066 lege
598 4984 780 5067 aequilibrii
797 4984 915 5049 virium
933 4983 1122 5066 regendam.
1139 4983 1291 5060 —Quod
1308 4987 1344 5049 ut
1359 4983 1587 5066 intellegatur,
1602 4984 1669 5049 sut·
