3909 5842
689 672 710 726 L
729 670 811 726 Notio
829 671 898 726 iuris
915 669 1051 725 naturalis
1068 669 1125 725 late
1144 668 1210 725 dicti
1229 674 1280 723 stc.
1369 631 1372 636 Ι
1525 682 1610 721 xxvn

359 850 628 935 cooperationem
657 853 807 915 vocatur.
854 849 971 931 Itaque
1004 867 1116 926 omne,
1150 846 1236 930 quod
1265 846 1428 911 humanae
1451 844 1609 911 scientiae

358 954 526 1021 obiectum
549 974 622 1020 esse
644 957 772 1038 potest,
804 953 847 1019 ad
876 956 1067 1020 atterutrum
1090 952 1161 1018 veri
1185 952 1348 1029 ordinem,
1379 959 1436 1017 aut
1459 952 1609 1035 specula-

358 1060 468 1125 tivum
492 1067 550 1125 cat
571 1059 754 1143 practicam
777 1058 932 1141 pertinet,
956 1063 994 1125 ut
1017 1059 1100 1125 adeo
1123 1062 1292 1125 aniversae
1306 1058 1524 1143 philosophiae
1539 1076 1609 1121 am·

357 1166 472 1233 hitus¹
494 1165 528 1231 in
551 1166 613 1231 hac
636 1165 757 1249 duplici
781 1168 973 1249 quaestione
996 1166 1118 1231 lumine
1141 1164 1279 1232 rationis
1298 1163 1516 1230 examinanda
1532 1184 1610 1228 cou-

359 1272 523 1338 tineatur:
543 1275 571 1339 1.
586 1274 672 1353 Quid
683 1275 735 1356 ait,
751 1294 807 1337 sea
818 1274 973 1359 quidesse
985 1273 1100 1339 haheat
1116 1272 1211 1355 (puta
1222 1271 1293 1337 sive
1306 1269 1525 1353 antelogicum
1539 1268 1609 1334 sive

358 1376 542 1461 logicum)t
560 1416 602 1427 -
624 1380 654 1444 2.
673 1380 760 1459 Quid
776 1400 841 1443 esse
855 1400 910 1444 seu
924 1380 997 1462 fieri
1014 1378 1124 1445 debeat
1139 1376 1222 1461 (scil.
1236 1377 1458 1462 dependenter
1474 1396 1494 1441 a
1509 1395 1610 1441 causa

359 1484 528 1551 efficiente
550 1484 705 1551 rationali
727 1488 763 1549 et
784 1485 926 1567 libera)?
947 1520 992 1531 —-
1015 1484 1053 1549 In
1073 1484 1131 1551 illa
1153 1484 1397 1569 philosophicae
1419 1482 1609 1567 disciplinae

357 1592 547 1657 theoreticae
562 1612 621 1657 seu
636 1593 856 1676 spectitativce,
881 1594 916 1657 ia
930 1593 992 1657 hac
1006 1594 1167 1677 practicae
1183 1592 1368 1657 versantur.
1396 1588 1467 1666 Qua
1479 1587 1608 1670 quidem

358 1696 455 1763 facta
477 1698 653 1763 universae
675 1695 901 1781 philosophiae
916 1696 1094 1780 partitione
1109 1695 1359 1780 generalissima
1378 1700 1413 1761 et
1428 1694 1534 1777 logice
1550 1694 1608 1760 ad-

359 1806 507 1887 aequata
514 1804 537 1881 ²,
553 1802 651 1869 facile
667 1806 770 1887 patet,
789 1801 861 1883 quis
877 1802 911 1866 in
927 1822 968 1867 ea
983 1803 1074 1867 locus
1091 1806 1125 1868 st
1137 1801 1259 1885 gradus
1275 1800 1450 1882 unicuique
1466 1800 1609 1885 discipli-

358 1932 435 1991 nae,
459 1930 543 1994 qnae
566 1908 792 1994 philosophiae
815 1909 945 1974 nomine
969 1912 1132 1986 censetur,
1156 1928 1249 1973 esuo
1273 1906 1401 1973 obiecto
1424 1905 1607 1973 conveniat.

452 2017 599 2081 atvero
622 2018 706 2080 inter
728 2018 888 2101 practicae
920 2016 1112 2099 disciplinas
1140 2015 1341 2100 philosophia
1363 2015 1495 2079 moralis
1515 2016 1608 2099 prin·

359 2125 460 2209 cipem
485 2124 587 2189 lacum
609 2130 749 2205 occupat,
773 2119 964 2205 principem,
988 2120 1132 2203 inquam,
1158 2142 1222 2185 non
1246 2140 1374 2186 omnem
1397 2119 1469 2184 sola
1484 2118 1607 2203 explet.

360 2228 450 2294 Nam
479 2231 532 2294 tot
554 2227 732 2293 veritatum
762 2226 985 2310 practicarum
1015 2225 1110 2308 quasi
1132 2224 1321 2309 provinciae
1345 2229 1496 2304 exstem,
1528 2228 1609 2307 quot

360 2334 533 2401 rationalis
556 2334 740 2400 activitatis
762 2335 845 2399 fines
868 2333 977 2417 specie
1001 2332 1123 2399 diversi
1147 2331 1347 2398 considerari
1370 2336 1524 2416 possunt,
1556 2352 1608 2397 se·

360 2442 502 2507 cundum
526 2462 608 2524 quos
631 2441 754 2523 aliquid
776 2440 849 2506 fieri
870 2440 926 2505 vel
956 2439 1064 2505 omitti
1088 2440 1206 2505 debere
1235 2438 1455 2522 intellegitur3
1486 2458 1608 2521 easque

359 2570 475 2615 omnes
492 2550 697 2634 philosophia
715 2550 863 2634 practica
887 2547 956 2613 late
980 2546 1069 2613 dicta
1092 2546 1330 2631 complectitur.
1373 2546 1465 2612 Haec
1488 2545 1608 2629 quippe

357 2656 537 2721 secundum
560 2656 728 2740 propriam
744 2654 1015 2737 significationem
1032 2651 1127 2719 huius
1144 2654 1233 2719 vocis
1249 2651 1487 2735 quodammodo
1504 2672 1608 2734 genus

359 2763 508 2840 denotat,
532 2763 593 2828 suh
617 2783 681 2845 quo
697 2762 800 2827 veluti
816 2761 943 2845 species
958 2762 1094 2844 praeter
1108 2780 1233 2825 morum
1251 2758 1490 2843 philosophiam
1507 2758 1607 2824 etiam

357 2868 478 2950 logica,
503 2889 568 2951 qua
592 2869 724 2950 regulas
739 2868 876 2933 tradens
891 2871 983 2933 recte
999 2864 1177 2949 cogitandi,
1201 2864 1392 2940 aesthetica,
1418 2863 1608 2929 mechanica

360 2974 512 3056 aliaeque
546 2978 731 3040 censentur.
777 2974 853 3039 Non
887 2972 1052 3039 immerito
1086 2975 1200 3037 tamen
1233 2970 1440 3055 philosophia
1474 2970 1607 3036 moralis

359 3080 462 3147 etiam
482 3083 627 3167 practica
649 3103 707 3166 per
729 3082 945 3147 accedentiam
968 3082 1116 3145 vocatur.
1156 3078 1233 3161 Ipsa
1255 3076 1411 3143 videlicet
1434 3096 1514 3161 prae
1539 3096 1607 3141 om·

360 3186 457 3252 nibus
480 3186 660 3271 disciplinis
683 3186 838 3270 practicis
862 3207 901 3252 eo
924 3184 1131 3269 potissimum
1154 3184 1287 3261 eminet,
1312 3182 1398 3265 quod
1422 3204 1487 3247 non
1502 3181 1607 3266 hypo-

358 3292 517 3360 theticam
533 3293 589 3358 vel
612 3292 868 3375 contingentem,
892 3312 998 3373 neque
1022 3310 1064 3355 ex
1079 3292 1143 3355 fine
1159 3289 1269 3371 aliquo
1285 3288 1524 3371 qualicumque,
1549 3286 1607 3351 sed

360 3398 459 3482 plane
481 3403 660 3465 anscario
683 3402 979 3464 commensuratam
1010 3395 1166 3480 operandi
1193 3394 1422 3461 rectitudinem
1446 3392 1508 3459 sibi
1531 3412 1608 3476 pro·

358 3505 504 3589 positam
526 3504 636 3582 habet,
662 3525 747 3585 quae
768 3524 834 3569 nou
855 3503 997 3569 relative
1019 3506 1159 3581 tantum,
1184 3501 1243 3567 sed
1260 3502 1400 3567 absolate
1423 3498 1534 3565 liberis
1551 3519 1607 3564 ac·

358 3613 504 3680 tionibus
527 3612 709 3679 uitalibus
732 3610 915 3677 conveniat.

452 3722 482 3786 2.
506 3720 609 3785 Porro
636 3742 694 3800 ,ec
712 3720 886 3804 principiis
909 3715 1066 3783 ratioais“
1091 3715 1173 3782 haec
1196 3715 1334 3781 scientia
1348 3712 1471 3779 hauriri
1488 3711 1608 3779 asseri·

359 3831 425 3902 tur,
451 3846 546 3908 quem
570 3825 700 3909 quidem
721 3827 841 3908 fontem
857 3845 1061 3890 communem
1082 3824 1182 3889 habet
1198 3844 1270 3888 cum
1287 3821 1375 3888 omni
1390 3818 1606 3905 philosophia,

454 4030 461 4060 ¹
482 4028 525 4081 Ita
542 4044 623 4093 sane,
648 4028 673 4081 si
697 4026 800 4081 nomini
825 4026 1012 4098 philosophiae
1039 4042 1089 4079 sua
1115 4028 1248 4079 latissima
1272 4024 1445 4093 significandi
1463 4024 1533 4079 ratio
1552 4040 1607 4077 ser·

360 4118 458 4180 vatur,
484 4115 593 4184 qualem
612 4116 630 4168 i.
649 4133 674 4169 a.
701 4116 755 4168 iam
775 4117 854 4184 Hapo
873 4133 891 4169 a
909 4116 938 4169 S.
958 4116 1063 4167 Victore
1083 4114 1111 4181 (†
1132 4114 1215 4177 1141;
1244 4111 1382 4167 Didascal.
1408 4112 1426 4168 l.
1446 4114 1474 4180 5)
1502 4111 1542 4165 illi
1568 4116 1608 4165 al·

358 4203 471 4258 tribuit:
493 4202 683 4272 ,Philosophia
702 4206 745 4256 est
763 4203 907 4272 disciplina
925 4202 1044 4256 omnium
1064 4218 1154 4254 rerum
1167 4200 1346 4254 humanarum
1359 4202 1442 4269 atque
1454 4200 1607 4254 divinarum

359 4292 481 4346 rationes
499 4290 580 4361 plane
598 4290 794 4359 investigans*
828 4320 858 4329 -
881 4289 976 4357 Neque
995 4293 1088 4342 tamen
1113 4288 1174 4342 ideo
1191 4290 1312 4357 practice
1331 4288 1486 4341 excluditur
1503 4292 1608 4341 arctior

360 4380 548 4452 philosophiae
566 4380 791 4450 circumscriptio,
810 4396 865 4448 qua
882 4379 915 4432 ad
935 4396 1006 4431 mere
1024 4378 1208 4445 intellepihiiia
1226 4375 1355 4443 restringi
1374 4376 1452 4429 solet.

451 4467 596 4522 'l‘artitio
615 4486 664 4539 per
681 4486 712 4522 se
731 4470 812 4536 topice
830 4466 984 4535 adaequata
1002 4469 1029 4519 et
1056 4464 1178 4535 perlecta
1195 4481 1249 4517 non
1271 4481 1303 4517 eo
1321 4463 1380 4533 ipso
1399 4462 1525 4517 similiter
1543 4468 1608 4533 apta

359 4557 483 4627 putanda
507 4560 565 4621 est,
590 4574 659 4626 quae
685 4555 833 4610 secundum
858 4558 944 4609 totam
969 4554 1087 4622 logicam
1107 4552 1330 4622 consequentiam
1349 4551 1432 4605 etiam
1451 4554 1562 4604 realiter
1580 4554 1609 4605 et

360 4648 482 4713 riporose
506 4645 534 4698 in
560 4662 638 4699 usum
665 4644 823 4698 deducatur.
861 4642 928 4707 Quis
946 4643 1018 4695 enim
1043 4642 1143 4706 ferret,
1169 4644 1201 4694 ut
1226 4656 1274 4693 aas
1299 4638 1503 4710 philosophicae
1529 4639 1608 4693 disci·

360 4733 466 4805 plinas,
491 4752 562 4803 quae
580 4750 725 4804 persuum
744 4733 863 4802 speciale
881 4735 1072 4799 argumentum
1092 4736 1119 4783 et
1137 4729 1245 4783 nomine
1270 4735 1299 4782 et
1316 4728 1505 4781 aestimatione
1524 4727 1607 4781 homi·

360 4839 426 4875 num
444 4821 472 4875 iu
490 4822 596 4875 ratione
613 4822 745 4875 scientiae
763 4820 872 4890 aliquod
891 4823 921 4872 in
938 4836 966 4872 se
984 4836 1069 4872 anum
1088 4818 1265 4882 constituunt,
1285 4818 1325 4870 uti
1339 4834 1365 4870 v.
1379 4834 1404 4884 g.
1419 4816 1528 4884 Logica,
1547 4815 1607 4870 ideo
1671 4834 1673 4837 ’

360 4914 452 4964 minen
478 4910 507 4963 in
532 4910 649 4976 gratiam
674 4910 750 4964 illius
774 4909 929 4979 partitionis
954 4909 982 4961 in
1009 4912 1102 4977 partes
1130 4906 1255 4975 generice
1283 4906 1407 4959 diversas
1433 4905 1607 4969 divellantur,

361 4998 432 5069 qnod
451 4999 479 5052 in
498 5016 528 5053 ss
546 4999 647 5070 partim
664 5000 855 5066 spreculctioum
873 4996 972 5067 partim
989 4999 1140 5064 practicam
1159 4994 1322 5049 elementum
1342 4996 1501 5049 continent?
