3909 5842
421 658 485 723 430
648 654 738 709 Sentio
758 654 791 708 ll.
828 654 908 709 Liber
927 654 961 708 ll.
999 654 1089 724 Caput
1107 654 1142 708 11.
1182 654 1320 708 Articulus
1339 653 1364 707 2.
1401 653 1463 722 §2-

419 832 641 913 notnrolibne,
672 830 871 897 individuam
902 830 1092 897 libertatem
1115 830 1321 896 necessitate
1342 829 1679 915 praeoccupantibus.
1769 881 1771 904 ,

418 938 576 1021 ligamina
605 959 673 1002 cere
702 939 846 1003 lnridicc
874 936 1064 1003 immediate
1094 936 1318 1016 determinari,
1351 956 1436 1019 quae
1457 940 1537 1001 rata
1560 934 1681 999 haberi
1769 963 1771 1014 l

419 1046 561 1111 debeant
584 1044 656 1109 sola
679 1043 879 1109 auctoritate
903 1064 1057 1127 suprema
1079 1043 1159 1122 cius,
1185 1043 1235 1108 cui
1256 1042 1361 1108 omnis
1376 1042 1521 1107 humana
1537 1041 1681 1107 libertas
1769 1047 1771 1116 ξ

418 1149 598 1217 subiicitur.

419 1298 485 1371 531.
576 1293 738 1368 Probatur
760 1296 788 1366 1⁰
810 1299 947 1381 simplici
971 1298 1156 1362 deductione
1180 1320 1219 1362 ec
1241 1299 1321 1362 thesi
1340 1272 1563 1381 praecedente.

510 1413 683 1482 Obiectiva
709 1410 806 1490 ratio,
839 1412 880 1476 ob
908 1432 1007 1494 quam
1033 1412 1171 1477 iuridica
1198 1411 1358 1493 obligatio
1385 1432 1425 1476 ac
1452 1411 1679 1495 dependentia

418 1524 505 1587 inter
519 1542 679 1606 personas
694 1518 815 1584 liberas
832 1518 964 1584 aliunde
977 1518 1189 1584 determinari
1204 1538 1243 1584 ao
1254 1518 1402 1603 legitime
1414 1518 1602 1585 subsistere
1613 1541 1680 1585 non

418 1628 532 1713 possit,
557 1627 620 1693 nisi
643 1646 702 1709 per
725 1624 902 1689 earundem
921 1622 1118 1702 libertatem,
1143 1624 1219 1702 inde
1234 1622 1410 1689 manifesto
1426 1624 1565 1709 petitur,
1592 1628 1678 1709 quod

419 1739 558 1801 externa
585 1732 722 1798 libertas
746 1729 831 1796 entis
854 1730 1028 1796 rationalis
1051 1733 1109 1796 aut
1133 1730 1263 1797 omnino
1286 1730 1361 1795 finis
1384 1730 1417 1795 in
1440 1752 1476 1795 se
1500 1734 1563 1797 aut
1588 1737 1679 1798 certe

419 1840 596 1906 secundum
620 1859 656 1903 se
671 1838 725 1901 vel
742 1838 911 1902 abstracte
927 1836 1137 1903 considerata
1152 1856 1340 1921 supremum
1354 1837 1461 1902 ideale
1476 1837 1678 1903 fundamen·

418 1950 489 2013 tum
520 1966 559 2012 ac
583 1942 776 2029 principium
800 1943 946 2008 universi
969 1942 1092 2009 ordinis
1114 1942 1243 2008 iuridici
1266 1963 1339 2008 esse
1363 1946 1526 2009 censetur.
1578 1948 1678 2030 Atqui

418 2054 500 2118 haec
529 2052 603 2137 ipsa
632 2050 717 2117 ratio
747 2050 883 2115 veritati
907 2070 1091 2133 repugnare
1115 2048 1342 2114 demonstrata
1365 2053 1427 2115 est.
1474 2050 1566 2136 Erpa
1590 2050 1676 2115 idem

419 2160 452 2225 in
476 2160 677 2227 rationatum
701 2157 861 2222 redundet
884 2176 1019 2221 necesse
1042 2160 1104 2222 est.

420 2304 488 2377 532.
577 2302 736 2376 Probatur
745 2301 789 2373 ΙΙο
801 2326 840 2370 ea·
849 2307 988 2389 pennino
1001 2313 1029 2371 et
1040 2308 1162 2390 inteqro
1174 2312 1321 2389 concepta
1332 2305 1495 2369 hnmanae
1506 2304 1675 2371 libertatis.

510 2418 667 2502 Aequalis
690 2416 868 2499 originaria
891 2418 1029 2484 libertas
1051 2423 1086 2486 et
1100 2418 1364 2503 independentia,
1389 2439 1474 2500 quae
1488 2418 1676 2484 bominibus

419 2526 453 2591 in
495 2526 680 2604 abstracte,
723 2524 743 2591 i.
778 2546 805 2591 e.
841 2526 1020 2591 secundum
1055 2545 1258 2591 communem
1289 2528 1443 2591 naturam
1476 2526 1674 2591 rationalem

421 2633 597 2699 dumtaxat
626 2632 852 2711 consideratis,
884 2636 974 2698 recte
1005 2631 1207 2711 attribuitur,
1239 2652 1299 2716 per
1321 2653 1358 2697 se
1381 2640 1529 2697 mutuom
1551 2641 1674 2699 tantun

420 2743 605 2806 relationem
627 2741 790 2804 leontinum
812 2742 896 2805 inter
912 2761 954 2821 ae,
979 2759 1117 2821 eamque
1131 2738 1166 2803 in
1182 2738 1351 2805 abstracto
1367 2738 1515 2821 respicit.
1553 2740 1674 2805 Verum

421 2844 488 2911 ista
510 2844 629 2910 relatio
653 2850 758 2927 neque
781 2845 910 2911 unicum
926 2864 1033 2926 neque
1049 2844 1162 2910 ordine
1176 2844 1317 2928 primum
1333 2844 1513 2910 essentiale
1529 2866 1675 2911 momen·
1769 2921 1771 2940 ἰ

420 2954 491 3017 tum
522 2954 583 3029 cst,
615 2951 702 3034 quod
731 2952 765 3016 in
794 2956 914 3019 natura
944 2950 1098 3018 rationali
1123 2951 1223 3018 etiam
1247 2950 1416 3017 abstracte
1439 2956 1577 3035 sumpta
1600 2974 1673 3018 eon·

421 3056 550 3141 cipitur,
574 3059 632 3123 sed
656 3062 733 3124 ante
757 3058 866 3124 omnia
889 3056 1126 3143 praesupponit
1141 3060 1326 3123 relationem
1341 3066 1510 3124 cremerae
1525 3060 1572 3125 od
1587 3084 1673 3126 creo-
1769 3129 1771 3138 ,

420 3172 527 3249 torem,
552 3186 616 3246 qua
639 3166 792 3249 neglecta
815 3168 993 3249 conceptus
1007 3164 1173 3230 libertatis
1189 3168 1223 3229 et
1238 3168 1373 3231 mutuae
1387 3164 1672 3248 independentiae.

419 3270 452 3335 in
476 3272 533 3337 illa
554 3271 721 3347 fundatus,
746 3291 828 3336 vera
843 3292 903 3336 sua
919 3270 1084 3337 obieotiva
1097 3270 1294 3335 limitatione
1310 3290 1350 3335 ac
1365 3270 1558 3337 definitione
1572 3277 1672 3337 caret.
1769 3265 1771 3292 ²

419 3380 519 3463 Atqui
541 3377 662 3443 intuitu
686 3376 780 3442 huius
803 3376 1061 3443 fundamentalis
1083 3374 1254 3441 relationis
1272 3374 1339 3441 alia
1353 3375 1478 3441 homiui
1493 3377 1671 3460 originaria
1769 3391 1771 3442 l

418 3484 554 3549 libertas
578 3486 716 3548 externa
740 3486 926 3566 competere
950 3504 1015 3547 non
1037 3486 1149 3565 potest
1171 3481 1232 3546 nisi
1256 3481 1345 3561 telis,
1369 3503 1469 3564 quam
1492 3504 1601 3566 aeque
1622 3484 1671 3547 vel

418 3591 517 3655 immo
536 3588 642 3671 magis
658 3591 841 3674 oripinorin
857 3610 932 3673 erqo
944 3588 1049 3653 Deam
1065 3588 1285 3652 subordinatio
1301 3609 1339 3653 ae
1355 3588 1571 3673 dependentia
1583 3590 1671 3655 abso-

419 3698 488 3760 late
503 3694 626 3776 iugiter
642 3694 833 3769 comitetur;
858 3714 926 3773 seu,
943 3693 1029 3776 quod
1045 3691 1132 3757 idem
1149 3695 1209 3770 est,
1229 3692 1448 3759 omnishomo
1464 3714 1486 3759 a
1501 3694 1611 3777 primo
1625 3696 1671 3759 in·

418 3800 521 3866 stanti
553 3819 632 3865 suae
662 3799 877 3865 exsistentiae
908 3799 1059 3865 absoluto
1088 3798 1158 3864 iure
1181 3798 1292 3864 divino
1314 3802 1449 3865 tenetur
1478 3820 1669 3866 aesomnes
1769 3830 1771 3858 ε

418 3928 498 3973 suae
527 3910 685 3973 externae
708 3906 873 3972 libertatis
897 3906 1113 3984 condiciones,
1145 3905 1414 3983 modificationes,
1444 3907 1671 3973 restrictiones

418 4014 536 4091 subire,
568 4034 650 4095 quas
680 4014 758 4079 ordo
790 4016 919 4079 divinas
948 4013 981 4077 in
1011 4012 1132 4077 mundo
1163 4011 1283 4077 morali
1312 4012 1507 4095 praefinitus
1530 4018 1568 4079 et
1590 4014 1669 4095 (sire
1769 4077 1771 4080 .

418 4118 597 4185 universim
627 4120 698 4185 sive
727 4140 787 4203 pro
818 4140 896 4184 casu
923 4114 1131 4203 particulari)
1154 4118 1350 4183 manifestus
1373 4118 1606 4201 postulaverit
1630 4156 1669 4165 —

419 4228 505 4312 Erpo
529 4226 662 4293 evenire
686 4226 816 4291 omnino
840 4228 961 4310 potest,
986 4228 1024 4290 ut
1046 4224 1135 4290 inter
1157 4222 1315 4301 homines,
1339 4227 1473 4307 praeter
1493 4224 1577 4289 iuris
1592 4225 1669 4290 obli-

419 4335 569 4415 gatioues
593 4332 748 4417 paetitias
764 4335 881 4416 sponte
896 4335 1078 4415 susceptas,
1103 4330 1188 4395 aliae
1204 4350 1332 4411 quoque
1348 4328 1499 4395 oriantur
1515 4332 1670 4396 (livinitus
1769 4317 1771 4373 ἕ

419 4443 583 4526 impositae
613 4445 647 4507 et
677 4439 775 4505 factis
802 4438 997 4503 non-liberis
1019 4438 1053 4502 in
1075 4437 1244 4503 individuo
1267 4436 1517 4514 determinatae,
1548 4438 1669 4503 talibus

419 4547 580 4626 nimirum,
612 4566 696 4629 quae
727 4545 811 4611 citra
841 4545 1018 4609 humanum
1048 4544 1220 4610 arbitrium
1244 4544 1314 4608 Deo
1344 4542 1481 4619 auctori,
1513 4543 1587 4609 sire
1613 4565 1671 4628 per
1769 4555 1771 4621 ῗ

418 4660 570 4721 naturam
594 4654 664 4719 sive
688 4656 821 4738 praeter
844 4656 997 4717 naturam
1021 4649 1182 4733 operanti,
1207 4648 1424 4714 adscribenda
1446 4651 1534 4715 sunt.

508 4772 647 4856 Utroque
668 4773 849 4855 praemissa
872 4765 1059 4850 argumenti
1077 4770 1146 4831 tam
1164 4768 1257 4831 certa
1272 4766 1334 4842 est,
1358 4785 1456 4846 quam
1473 4764 1669 4831 exsistentia

419 4876 481 4941 Dei
504 4876 661 4942 creatoris
685 4897 724 4941 ac
748 4874 868 4940 domini
891 4872 1119 4939 universorum
1140 4870 1271 4937 aliunde
1285 4871 1513 4937 demonstrata
1528 4892 1591 4937 nec
1605 4892 1667 4937 non
1769 4919 1771 4922 -

420 4982 462 5048 ab
490 4980 688 5048 adversariis
711 4980 874 5063 plerisque
898 4978 1078 5045 theoretice
1102 4977 1255 5043 admissa.
1302 4975 1398 5041 Unde
1421 4981 1456 5043 et
1479 4998 1667 5063 consequens
