3909 5842
520 678 554 731 ΙΙ.
574 678 615 731 De
634 680 696 731 ortu
714 681 743 731 et
760 694 909 747 progressu
927 677 1059 731 scientiae
1077 676 1144 731 iuris
1162 676 1304 730 naturalis.
1460 694 1538 733 mv

273 857 318 923 S.
352 857 489 921 dlectare
513 858 663 942 Aquinas
680 851 943 937 (1225-1274).
974 854 1072 919 Novo
1095 853 1204 919 studio
1228 874 1267 919 ac
1290 858 1451 921 renovata
1473 857 1539 921 eol·

273 961 381 1029 licita
403 960 662 1043 investigatione
684 960 756 1045 ipse
779 982 908 1045 quoque
932 960 1146 1045 penetrandis
1168 960 1359 1027 Aristotelis
1386 961 1539 1045 operibus

272 1068 445 1146 incubuit,
462 1072 498 1135 et
513 1067 686 1152 speciatim
700 1069 858 1133 moralem
874 1067 1115 1152 philosophiam
1132 1068 1218 1149 quod
1235 1067 1366 1146 attinet,
1390 1068 1539 1152 integros

272 1174 377 1239 illius
399 1175 502 1239 libros
525 1174 651 1240 ethices
674 1174 786 1240 decem
811 1180 845 1241 et
867 1174 1021 1260 politicos
1046 1178 1119 1240 octo
1144 1178 1385 1241 commentatus
1408 1180 1469 1243 est.
1501 1175 1539 1240 In

278 1282 446 1360 ,Summe
468 1280 720 1365 (philosophica)
744 1286 861 1347 contra
884 1280 1051 1347 Gentiles*
1080 1280 1121 1345 de
1137 1282 1217 1359 Deo,
1243 1285 1393 1347 creatore
1417 1285 1451 1347 et
1474 1283 1538 1347 fine

274 1411 410 1467 rerum,
434 1389 474 1455 de
498 1393 618 1455 natura
642 1388 816 1473 spirituali,
842 1389 882 1453 de
898 1387 1039 1453 hominis
1056 1386 1096 1453 ad
1114 1388 1218 1453 Deum
1236 1408 1424 1472 supremum
1438 1389 1537 1472 legis-

273 1496 430 1563 latorem
452 1499 487 1562 et
510 1516 673 1561 summum
697 1495 817 1560 bonum
833 1494 995 1561 relatione
1012 1497 1046 1560 ct
1062 1495 1102 1559 de
1118 1493 1430 1573 fundamentalibus,
1454 1516 1539 1578 quae

273 1602 363 1667 inde
378 1602 543 1668 resultant
558 1601 766 1679 veritatibus,
782 1600 944 1685 profunde
965 1622 1005 1667 ac
1020 1600 1129 1666 lucide
1146 1600 1316 1677 disseruit;
1333 1601 1366 1665 in
1387 1602 1539 1679 ,Summa

273 1706 494 1791 theologica“
519 1728 580 1791 per
603 1706 787 1773 doctrinam
810 1707 851 1772 de
880 1708 945 1773 fine
968 1706 1124 1785 hominis,
1157 1707 1294 1791 delego
1318 1712 1470 1787 aeterna,
1501 1713 1539 1774 ut

275 1814 448 1899 principio
478 1819 512 1879 et
541 1835 658 1880 norma
681 1813 786 1879 omnis
814 1813 1034 1895 legislationis
1058 1813 1159 1880 etiam
1182 1814 1361 1893 humanae,
1393 1815 1539 1881 universi

275 1922 368 1987 iuris
398 1921 561 1987 naturalis
591 1921 685 1985 unice
715 1940 795 1985 vera
825 1919 1041 1987 fundamenta
1070 1919 1163 1995 iecit3
1196 1920 1230 1985 in
1261 1920 1375 1987 eadem
1406 1920 1539 1988 Summa

277 2028 453 2109 integrum
478 2028 518 2093 de
541 2026 720 2093 virtutibus
749 2030 931 2093 tractatum
960 2026 1145 2092 admirabili
1176 2026 1328 2095 claritate
1357 2029 1538 2113 proposuit,

278 2138 321 2201 et
353 2136 396 2199 de
424 2133 553 2199 iustitia
582 2133 747 2199 disserens
777 2134 944 2199 obiectione
966 2133 1063 2197 simul
1087 2133 1156 2198 eius
1183 2134 1343 2213 rationes,
1374 2154 1458 2217 quae
1487 2136 1539 2201 ius

279 2241 410 2306 sociale
434 2240 650 2317 constituunt,
674 2239 951 2321 comprehendit¹.
1001 2240 1162 2305 Omittere
1186 2241 1264 2307 licet
1286 2241 1461 2325 specialem
1485 2264 1538 2309 so·

280 2346 382 2411 cialis
405 2344 574 2429 regiminis
603 2344 782 2423 theoriam,
813 2365 898 2427 quae
927 2344 961 2409 in
986 2346 1141 2428 opusculo
1169 2347 1237 2423 ,Do
1266 2346 1425 2429 regimine
1448 2348 1538 2431 prin·

271 2452 414 2536 'cipum“
442 2452 646 2531 continetur,
671 2452 757 2533 quod
780 2452 881 2533 vulgo
904 2451 1032 2535 pariter
1054 2452 1141 2517 inter
1164 2472 1265 2536 opera
1288 2451 1462 2535 Aquinatis
1485 2474 1538 2521 re·

280 2561 452 2636 censetur,
476 2558 534 2623 sed
558 2559 654 2640 quod,
678 2557 757 2623 licet
779 2558 821 2622 ab
845 2557 915 2641 ipso
939 2556 1127 2623 inchoatum
1150 2556 1261 2634 fuerit,
1285 2559 1327 2624 ab
1346 2558 1410 2625 alio
1426 2564 1538 2627 tamen

281 2663 452 2747 scriptore
475 2663 560 2747 (eius
582 2664 692 2745 aliquo
716 2663 889 2747 discipulo)
913 2662 1058 2728 maxima
1082 2682 1124 2727 ex
1148 2666 1244 2747 parte
1268 2668 1441 2731 exaratum
1465 2686 1538 2731 esse

280 2770 385 2835 hodie
408 2768 610 2835 communius
633 2768 805 2834 iudicatur.

379 2876 432 2941 ΕΙ
454 2876 516 2942 hoe
538 2876 641 2958 igitur
663 2881 823 2959 tempore,
846 2878 942 2941 tanto
958 2874 1170 2958 praelucente
1190 2875 1360 2958 magistro,
1385 2876 1540 2943 universa

282 2982 370 3049 iuris
400 2983 564 3049 naturalis
593 2981 766 3066 disciplina
795 2982 894 3063 longe
926 2980 1110 3047 ordinatius
1142 2984 1241 3063 atque
1274 2980 1401 3047 felicius
1433 2982 1540 3049 excoli

283 3089 408 3173 coepit.
452 3088 617 3171 Imprimis
641 3092 752 3155 autem
774 3085 1042 3151 fecundissimum
1072 3085 1159 3151 illius
1183 3085 1352 3153 doctrinae
1376 3093 1476 3172 eaput
1500 3090 1538 3154 de

283 3198 354 3281 lepe
378 3202 510 3261 aeterna
533 3198 567 3260 et
592 3196 631 3259 de
646 3197 711 3279 lcpe
724 3196 873 3260 naturali
895 3192 1049 3277 deinceps
1073 3192 1167 3275 quasi
1182 3192 1215 3257 in
1232 3192 1400 3261 criterium
1415 3194 1539 3261 ethices

283 3301 490 3367 christianae
513 3304 658 3367 erectum
683 3304 832 3383 apparet.
865 3298 935 3376 Quo
951 3298 1042 3365 facto
1058 3298 1139 3365 haec
1163 3298 1257 3364 simul
1282 3320 1355 3365 eam
1379 3301 1540 3365 deductioi

280 3411 446 3494 principii
467 3412 621 3473 unitatem
645 3410 744 3472 nacta
768 3411 836 3482 est,
868 3410 905 3471 ut
927 3426 987 3489 per
1010 3427 1046 3471 se
1069 3404 1133 3471 iam
1158 3405 1239 3471 nibil
1262 3407 1426 3486 obstaret,
1458 3428 1537 3490 quo·

283 3514 397 3581 minus
419 3514 559 3581 scientia
581 3514 662 3580 iuris
684 3513 846 3581 naturalis
869 3518 1039 3596 tamquam
1062 3512 1214 3597 specialis
1230 3513 1418 3581 academica
1441 3514 1538 3580 disci-

284 3622 380 3706 plina
402 3622 522 3689 ceteris
552 3620 715 3704 dignitate
745 3620 1009 3699 coordinaretur,
1040 3620 1074 3685 id
1104 3620 1191 3702 quod
1221 3623 1331 3685 tamen
1361 3642 1421 3705 per
1443 3642 1538 3687 usum

285 3728 511 3794 academicum
541 3731 576 3793 et
598 3730 735 3811 propter
761 3725 912 3791 intimam
942 3725 1030 3791 illiue
1061 3725 1322 3791 coniunctionem
1347 3746 1420 3791 cum
1443 3726 1538 3793 theo-

283 3834 378 3917 logia
401 3834 517 3899 morali
533 3837 567 3899 et
582 3833 654 3899 iure
669 3833 826 3898 canonico
843 3836 1027 3915 opportune
1042 3830 1113 3896 fieri
1128 3831 1272 3897 nondum
1287 3831 1389 3898 licuit.
1421 3832 1537 3917 Neque

284 3942 367 4007 talis
389 3938 580 4007 mutationis
602 3938 785 4003 necessitas
808 3940 867 4003 aut
889 3958 1011 4019 magna
1035 3936 1162 4002 utilitas
1193 3938 1391 4021 apparebat,
1422 3960 1537 4021 quam-

285 4048 343 4113 diu
367 4048 520 4111 catholico
544 4048 654 4111 unitos
676 4066 790 4109 omnes
813 4044 943 4109 demum
970 4042 1160 4127 disciplinas
1176 4043 1218 4108 ad
1234 4064 1332 4108 unum
1350 4065 1537 4129 supremum

285 4154 385 4218 finem
410 4151 593 4217 ordinabat.
625 4150 670 4217 Et
693 4172 772 4215 vero
795 4172 861 4216 non
884 4151 1039 4216 obstante
1058 4150 1164 4215 amica
1180 4150 1237 4215 illa
1254 4172 1326 4215 oum
1343 4151 1416 4216 aliis
1431 4152 1536 4216 scien·

285 4259 342 4325 tiis
366 4258 594 4323 coniunctione
617 4256 668 4321 ius
692 4260 831 4322 naturae
854 4276 1033 4341 progressu
1056 4256 1216 4340 temporis
1239 4256 1339 4322 etiam
1356 4256 1463 4338 quoad
1480 4278 1536 4323 eas

287 4371 411 4452 partes,
436 4386 520 4448 qnae
542 4364 722 4430 relationes
738 4363 829 4429 vitae
852 4362 984 4429 socialis
1008 4368 1042 4429 et
1058 4362 1208 4446 publicae
1224 4367 1386 4445 spectant,
1410 4362 1537 4447 specia-

286 4475 350 4539 lius
374 4471 479 4537 excoli
503 4473 654 4553 coeptum
679 4474 740 4536 est.
773 4468 899 4551 Quippe
923 4490 944 4535 a
966 4468 1099 4535 saeculo
1115 4468 1194 4533 XVI
1218 4468 1401 4553 complures
1425 4470 1536 4561 eximii

291 4649 466 4658 --—-—
483 4648 543 4653 ——---
559 4647 599 4652 --—

377 4755 385 4786 ¹
405 4752 437 4805 ln
455 4752 567 4806 Summa
585 4748 740 4817 theologica
757 4748 908 4803 subdivisio
926 4748 1014 4818 partie
1033 4749 1074 4814 ΙΙ,
1094 4748 1172 4802 cuius
1190 4748 1289 4802 iterum
1308 4747 1387 4803 binae
1409 4754 1531 4821 ,partes“

288 4842 506 4911 distinmuntur,
534 4838 606 4908 apud
632 4836 724 4891 varios
752 4840 880 4890 auctores
906 4836 982 4890 varie
1008 4836 1128 4890 numeris
1153 4852 1285 4905 expressa
1310 4838 1453 4907 reperItur.
1490 4839 1535 4894 Sic

291 4932 392 5001 ,prima
404 4928 555 4983 secundae*
571 4926 617 4981 vel
629 4926 643 4980 l
656 4926 689 4985 ΙΙ.
702 4925 748 4979 vel
762 4928 774 4978 1
790 4924 825 4989 ll,
837 4924 883 4979 vel
897 4926 910 4979 1
926 4926 951 4991 2,
970 4926 1016 4979 vel
1030 4926 1055 4979 ΙΙ
1070 4928 1094 4989 l,
1114 4925 1157 4979 vel
1171 4926 1188 4979 2
1203 4926 1215 4978 l
1234 4926 1369 4990 ,secunda
1381 4928 1531 4982 secundae⁸

288 5020 330 5073 vel
349 5019 428 5083 1111,
448 5017 493 5071 vel
512 5017 529 5069 2
548 5016 581 5081 ΙΙ,
601 5015 646 5069 vel
665 5014 682 5069 2
701 5014 725 5079 2,
744 5014 790 5068 rel
808 5014 834 5067 ΙΙ
853 5015 878 5068 2.

1292 5103 1325 5156 e*
