3909 5842
626 684 695 750 Quid
714 689 744 739 et
761 684 912 755 quotuplex
930 682 1122 738 voluntarium.
1457 685 1497 750 67

260 863 292 927 vi
312 860 531 928 inclinationis
555 860 703 944 efficacis,
727 860 786 926 sed
808 860 894 943 quod
910 881 975 925 non
991 862 1096 938 fieret,
1120 858 1182 925 nisi
1201 858 1501 943 apprehenderetur

259 974 293 1035 ut
321 968 540 1034 necessarium
571 968 612 1033 ad
643 968 815 1034 vitandum
837 968 969 1045 malum,
999 966 1084 1049 qnod
1109 965 1252 1033 timetur.
1300 965 1390 1031 Talis
1413 969 1501 1031 esset

258 1097 287 1141 v.
309 1097 340 1157 g.
364 1073 522 1157 proiectio
552 1073 709 1139 mercium
739 1074 960 1157 pretiosarum
990 1073 1023 1137 iu
1046 1092 1137 1138 mare
1161 1072 1203 1138 ad
1226 1072 1395 1138 vitandum
1420 1093 1500 1137 nau·

259 1180 395 1264 fragium
418 1180 590 1245 imminens
603 1182 624 1247 ¹.

258 1313 302 1382 87.
392 1313 425 1395 e)
448 1314 621 1379 Positicum
643 1316 677 1379 et
699 1317 890 1400 cepaticum,
913 1318 1011 1399 prout
1035 1334 1055 1379 a
1078 1313 1250 1379 voluntate
1272 1312 1419 1397 procedit
1443 1334 1501 1396 per

258 1419 392 1487 actionis
415 1419 610 1504 positionem
634 1420 688 1486 vel
712 1420 782 1485 eius
806 1420 1012 1487 omissionem
1038 1440 1111 1485 cum
1127 1419 1335 1486 advertentis
1353 1416 1500 1487 rationis.

258 1528 307 1591 llx
329 1526 469 1592 adverso
490 1526 609 1593 dicitur
628 1530 882 1593 involuntarium
894 1530 1075 1613 positivum,
1101 1527 1186 1608 quod
1203 1528 1314 1593 evenit
1330 1528 1500 1593 voluntate
1611 1549 1613 1553 ·

257 1632 394 1716 positive
416 1632 523 1699 invita
545 1636 580 1699 et
602 1637 825 1718 repugnante;
856 1636 1108 1699 involuntarium
1134 1636 1323 1719 cepaticum,
1355 1634 1440 1715 quod
1463 1636 1501 1699 fit

258 1740 427 1805 voluntate
458 1760 518 1805 nee
547 1739 654 1807 invita
676 1761 737 1805 nec
761 1746 949 1824 appetente,
982 1743 1183 1825 quapropter
1206 1740 1320 1807 stricte
1344 1762 1408 1805 non
1431 1744 1501 1807 tam

257 1845 509 1912 involuntarium
534 1868 633 1928 quam
657 1868 721 1912 non
745 1846 968 1913 voluntarium
992 1847 1055 1912 dici
1078 1852 1232 1913 meretur.

257 1975 304 2046 88.
393 1976 589 2061 nectente,
613 1981 759 2060 virtuale,
783 1980 955 2045 habituali.
988 1982 1123 2046 Actuuie
1145 1984 1206 2057 est,
1234 1979 1319 2061 quod
1343 2000 1363 2043 a
1386 1980 1499 2045 voluu-

258 2085 325 2147 tate
346 2082 470 2165 pendet
491 2082 544 2149 hic
567 2089 602 2150 et
624 2106 710 2149 nunc
726 2085 899 2163 influente;
923 2088 1069 2169 viduale,
1088 2085 1173 2168 qnod
1189 2084 1223 2149 vi
1240 2084 1391 2166 (virtute)
1407 2090 1501 2151 actus

257 2187 350 2269 positi
380 2194 592 2272 perseveram
623 2191 795 2273 habitante,
826 2192 912 2273 quod
943 2191 1119 2274 aliquando
1150 2190 1280 2257 actuale
1309 2190 1373 2257 fuit
1396 2212 1501 2274 neque

258 2299 330 2358 actu
352 2299 545 2361 revocatum
569 2303 630 2363 est.

258 2426 305 2495 89.
397 2433 428 2496 2.
453 2432 633 2497 Secundum
656 2434 783 2497 carium
805 2432 946 2517 prodam
970 2432 1117 2495 internae
1133 2434 1343 2514 consultatis,
1368 2452 1452 2513 quae
1467 2431 1500 2495 iu

257 2534 411 2618 principio
428 2540 538 2602 actum
554 2537 756 2620 producente
771 2536 914 2621 spectari
929 2540 1050 2620 potest,
1067 2536 1101 2601 iu
1119 2536 1303 2618 voluntario
1319 2536 1501 2619 generatim

257 2646 388 2725 accepto
413 2646 483 2707 tres
507 2643 625 2709 interni
648 2643 737 2708 modi
760 2643 1016 2727 distinguuntur,
1041 2642 1157 2725 quibus
1180 2642 1357 2727 respondet
1380 2642 1502 2727 triplex

258 2748 397 2813 eiusdem
435 2748 673 2814 denominatio:
713 2751 946 2836 Spectatum,
982 2751 1196 2815 voluntarium
1232 2752 1338 2814 stricte
1372 2752 1500 2833 dictum,

256 2854 396 2920 liberum.

257 2984 303 3054 90.
396 2987 432 3068 a)
456 2990 671 3072 Spontcncum
702 2988 824 3071 aliquid
855 2988 990 3065 dicitur,
1022 2996 1178 3074 quatenus
1208 3011 1228 3053 c
1256 2991 1417 3074 principio
1445 3011 1502 3075 op·

255 3096 377 3175 petitine
402 3094 467 3178 ipsi
490 3097 595 3178 opcnti
618 3097 743 3159 interno
766 3096 914 3181 procedit.
963 3094 1067 3159 Omne
1082 3093 1184 3175 igitur
1207 3094 1428 3160 voluntarium
1452 3099 1504 3161 est

256 3204 470 3281 spontaneum
501 3201 674 3266 secuudum
703 3203 749 3283 id,
781 3201 867 3282 quod
898 3199 986 3266 actui
1014 3200 1154 3266 humano
1179 3221 1252 3265 cum
1275 3199 1402 3265 actibus
1425 3201 1502 3266 bru-

256 3311 359 3371 torum
384 3306 575 3372 animalium
600 3328 771 3372 commune
795 3310 856 3373 est.
889 3306 1003 3371 Eidem
1028 3328 1046 3371 e
1070 3327 1128 3371 suo
1153 3312 1312 3389 conceptu
1328 3305 1502 3390 opponitur

257 3414 431 3480 violentum.

256 3544 298 3614 91.
390 3544 426 3628 b)
450 3548 673 3613 voluntarium
692 3551 798 3613 stricte
813 3550 876 3614 tote
892 3546 1012 3614 dicitur
1027 3547 1159 3629 aliquod
1174 3552 1400 3631 spontaneum,
1424 3570 1501 3633 qua-

256 3661 342 3718 tenus
365 3674 387 3718 a
411 3674 470 3717 suo
493 3653 653 3737 principio
675 3654 824 3738 procedit
838 3675 904 3719 non
919 3654 1229 3737 quomodocumque,
1253 3654 1311 3719 sed
1327 3656 1385 3721 sut
1402 3658 1502 3721 ratio·

256 3762 319 3823 cicli
349 3761 525 3844 coquitionc
554 3760 662 3839 („cum
694 3760 882 3844 cognitione
910 3760 1030 3842 fiuis“).
1078 3759 1185 3837 Quare
1214 3760 1267 3826 hic
1297 3760 1419 3843 gradus
1442 3782 1501 3845 po-

254 3864 390 3930 tentiam
415 3864 521 3930 omnis
544 3866 674 3948 agentis
696 3866 897 3933 irrationalis
919 3866 1133 3933 transcendit.
1167 3867 1246 3933 llius
1269 3870 1378 3933 eutem
1400 3888 1500 3951 oppo-

255 3971 349 4036 situm
373 3977 428 4038 est
452 3974 711 4038 involuntarium.

255 4102 299 4173 82.
393 4106 425 4187 c)
449 4105 602 4171 Liberum
625 4105 766 4188 denique
789 4106 920 4188 aliquod
941 4104 1161 4172 voluntarium
1179 4109 1240 4184 est,
1265 4112 1420 4191 quotenus
1435 4126 1498 4171 non

255 4216 381 4279 tantum
398 4232 472 4277 cum
489 4211 675 4295 cognitione
691 4211 774 4291 linis,
799 4213 857 4277 sed
873 4212 1008 4297 insuper
1024 4232 1047 4277 a
1059 4211 1219 4296 principio
1236 4234 1313 4279 scae
1329 4215 1499 4278 activitatis

256 4318 432 4384 dupinium
455 4320 585 4384 tabente
608 4318 766 4403 procedit.
814 4318 910 4384 Unde
940 4318 1043 4383 libero
1075 4318 1251 4401 opponitur
1279 4317 1500 4384 voluntarium

256 4428 465 4491 necessarium
483 4423 799 4507 („necessitatum“),
816 4425 838 4491 i.
851 4447 879 4491 e.
897 4425 1051 4507 quidquid
1068 4426 1128 4489 sub
1145 4424 1330 4507 cognitione
1346 4423 1499 4490 rationali

255 4532 469 4596 avoluntate
497 4531 647 4614 procedit
676 4532 710 4595 vi
741 4531 882 4596 causalis
912 4530 1121 4597 necessitatis
1151 4530 1193 4595 ad
1217 4530 1251 4595 id
1274 4532 1379 4613 ipsum
1403 4550 1498 4613 prae-

255 4638 482 4704 determinata.
513 4638 576 4702 Est
596 4658 675 4719 ergo
699 4658 794 4702 omne
817 4636 954 4701 liberum
978 4658 998 4701 a
1022 4634 1151 4701 fortiori
1167 4635 1267 4701 etiem
1283 4640 1497 4721 spontaneum

256 4750 286 4809 et
315 4744 558 4821 voluntarium,
591 4745 651 4809 sed
681 4766 747 4809 non
779 4743 851 4809 vice
881 4764 979 4808 verse
1010 4742 1165 4826 quidquid
1195 4748 1410 4826 spontaneum
1441 4750 1499 4811 ent

255 4851 473 4918 voluntarium
497 4872 536 4915 eo
559 4850 631 4934 ipso
655 4851 755 4917 etiam
778 4851 916 4916 liberum
940 4854 1001 4915 est.

341 5026 351 5058 ¹
370 5024 413 5078 Cf.
434 5026 462 5077 S.
486 5024 575 5077 Tim.
595 5024 614 5077 l.
633 5041 657 5077 e.
676 5042 702 5092 q.
721 5025 746 5088 6,
765 5041 790 5077 a.
809 5024 826 5077 6
844 5022 872 5076 in
891 5040 963 5092 corp.
