3909 5842
646 689 692 744 lns
710 689 811 745 sociale
829 691 857 746 in
876 708 984 760 genere.
1022 689 1165 758 Prologus,
1464 693 1526 758 809

370 869 494 938 Verum
517 871 555 934 nt
576 867 659 934 haec
681 867 851 951 generalia
873 867 1070 936 documenta
1092 866 1126 932 in
1149 864 1284 948 reliquis
1308 867 1343 934 et
1365 886 1479 934 veram
1496 871 1530 935 et

280 975 364 1043 satis
387 973 556 1042 definitam
578 977 719 1040 naturae
741 973 907 1040 humanae
928 973 1092 1040 rationem
1116 969 1282 1050 exhibent,
1312 971 1362 1038 ita
1388 972 1475 1054 quod
1496 971 1530 1038 in

251 1108 262 1119 ¹
280 1081 390 1166 specie
405 1080 527 1148 attinet
541 1082 711 1146 relationes
726 1081 890 1146 hominnm
905 1083 991 1146 inter
1005 1101 1048 1163 sc,
1072 1077 1201 1146 nonnisi
1218 1078 1393 1144 admodum
1408 1077 1530 1162 imper·

281 1188 371 1255 fecte
393 1190 429 1254 et
449 1186 705 1254 indeterminate
727 1205 843 1253 veram
858 1185 946 1252 illins
963 1184 1187 1252 condicionem
1203 1183 1380 1252 delineant.
1412 1183 1531 1267 Singu-

279 1295 385 1361 lorum
410 1293 496 1360 enim
512 1293 678 1359 hominum
694 1292 736 1359 ad
753 1292 836 1359 alios
851 1291 1000 1359 homines
1015 1291 1200 1358 individuos
1217 1291 1397 1358 communis
1411 1289 1530 1356 relatio

279 1390 400 1485 perse
422 1421 487 1465 non
511 1399 610 1466 aliam
633 1398 801 1465 hominum
823 1399 1100 1466 consociationem
1117 1397 1265 1483 deposcit
1281 1397 1343 1464 nisi
1356 1399 1530 1484 pennalis·

279 1511 406 1593 simam,
429 1506 462 1572 in
487 1506 714 1572 communione
736 1505 862 1573 scilicet
885 1505 1029 1572 eiusdem
1054 1506 1217 1573 humanae
1237 1509 1378 1572 naturae
1393 1509 1428 1572 et
1444 1503 1529 1570 eius·

279 1615 354 1680 dem
389 1612 609 1696 consequendi
642 1611 718 1677 finis
749 1611 858 1679 ultimi
889 1612 1080 1689 fundatam
1118 1617 1151 1680 et
1182 1611 1259 1678 hinc
1289 1611 1378 1678 aliud
1408 1609 1530 1676 sociale

279 1720 424 1787 officium
455 1740 515 1805 per
546 1740 583 1785 se
614 1723 650 1786 et
680 1719 870 1786 immediate
901 1741 967 1785 non
997 1719 1137 1805 imponit
1166 1719 1229 1785 nisi
1259 1708 1401 1805 officinm
1427 1721 1531 1814 motui

280 1831 402 1894 amoris
426 1826 553 1911 pariter
580 1825 878 1894 communissimum
905 1830 941 1896 et
969 1847 1030 1912 per
1059 1847 1095 1892 se
1128 1847 1209 1910 erga
1241 1847 1354 1893 omnes
1383 1825 1530 1892 homines

281 1937 423 2020 oepnolc.

279 2071 351 2144 345.
397 2074 444 2140 At
467 2094 546 2140 vero
570 2077 704 2158 praeter
726 2073 788 2138 hoc
810 2073 978 2139 vinculum
1002 2073 1139 2140 unitatis
1164 2093 1334 2138 commune
1357 2076 1391 2139 et
1407 2071 1530 2138 latissi-

279 2202 379 2259 mum,
412 2181 516 2247 multo
549 2179 709 2246 arctiores
741 2179 875 2266 insuper
905 2201 1008 2248 mnas
1039 2179 1170 2246 sociales
1201 2199 1320 2245 revera
1352 2177 1528 2256 exsistunt,

280 2286 398 2370 quibus
419 2287 598 2353 humanum
622 2307 727 2370 genus
749 2308 815 2352 non
839 2307 883 2352 ex
904 2286 1082 2353 individuis
1098 2290 1227 2353 tantum
1244 2283 1428 2350 hominibus
1442 2288 1529 2351 tam-

280 2414 378 2476 quam
400 2393 539 2461 totidem
563 2392 657 2475 quasi
680 2392 800 2460 atomis
823 2392 1016 2475 aequalibus
1039 2392 1081 2459 ad
1104 2391 1267 2458 unitatem
1290 2390 1422 2474 generis
1453 2411 1529 2456 con-

281 2499 365 2577 flari,
395 2500 453 2565 sed
482 2498 587 2566 veluti
616 2521 731 2585 corpas
761 2503 946 2586 orponicnm
971 2499 1084 2566 multis
1108 2502 1143 2565 et
1165 2497 1268 2564 variis
1291 2495 1456 2575 membris,
1487 2517 1530 2562 ex

280 2605 467 2688 originariis
488 2605 659 2671 elementis
682 2609 761 2689 apte
786 2605 1056 2683 coalescentibus,
1080 2603 1191 2672 stabili
1212 2604 1354 2688 quadam
1372 2603 1531 2672 historica

279 2712 356 2796 lege
379 2732 590 2779 concrescere
612 2711 771 2778 videmus.

370 2827 416 2894 nt
444 2826 527 2892 haec
553 2826 684 2909 quidem
708 2829 836 2894 conclis
858 2829 994 2893 hnmani
1014 2829 1141 2912 pencris
1165 2826 1383 2910 conformatio,
1416 2831 1453 2892 ut
1475 2823 1530 2890 vel

280 2953 325 2998 ex
349 2933 422 3017 ipsa
444 2933 526 3002 facti
549 2933 737 3000 constantia
760 2939 794 3000 et
817 2933 1070 3002 universalitate
1093 2932 1176 2998 satis
1199 2935 1348 3016 apparet,
1379 2951 1440 2997 nec
1464 2951 1529 2996 non

279 3039 381 3106 certis
403 3038 588 3107 rationibus
611 3039 867 3117 demonstratur,
891 3059 1098 3122 nequaquam
1122 3037 1260 3105 fortuito
1283 3042 1342 3104 aut
1364 3036 1530 3103 hominum

278 3145 417 3213 arbitrio
448 3145 583 3213 inducta
612 3145 855 3213 rationabiliter
879 3145 1006 3212 censeri
1029 3147 1151 3230 potest.
1197 3144 1300 3210 Immo
1324 3147 1415 3210 certo
1438 3141 1530 3208 evin·

278 3253 375 3331 citur,
406 3251 507 3328 illam,
539 3273 604 3317 non
634 3273 730 3318 secus
753 3272 793 3317 ac
815 3272 927 3318 ramos
950 3251 1151 3334 frondesque
1175 3251 1302 3318 arboris
1326 3269 1345 3314 e
1368 3247 1530 3314 communi

277 3360 401 3438 radice,
433 3362 628 3426 ccommnni
656 3361 821 3425 hominnm
843 3365 966 3424 acturo
988 3357 1111 3441 ingiter
1136 3375 1355 3432 succrescere,
1386 3357 1423 3420 nt
1446 3352 1529 3420 adeo

277 3487 395 3532 verum
428 3474 567 3532 notnroe
600 3468 780 3531 institutum
815 3469 851 3531 et
885 3463 1022 3548 proinde
1057 3466 1199 3530 oniensi
1229 3463 1356 3528 ordinis
1385 3461 1528 3544 moralia,

278 3595 371 3660 qncrn
400 3573 490 3638 Dens
519 3574 584 3658 lcpc
611 3573 759 3638 natarali
789 3573 947 3638 sonnium
976 3571 1089 3648 oolnit,
1117 3591 1199 3658 pars
1228 3591 1292 3635 non
1322 3569 1457 3634 minimo
1481 3565 1529 3632 di·

278 3678 386 3746 cende
408 3677 463 3746 sit.

369 3793 433 3860 Est
454 3793 557 3876 igitur
579 3795 706 3860 sodalis
728 3795 811 3858 oilae
834 3793 923 3876 crdo,
950 3795 1114 3875 quatenns
1137 3812 1158 3858 a
1181 3794 1301 3858 natura
1323 3789 1472 3874 procedit
1495 3794 1530 3856 et

278 3898 356 3966 hinc
378 3901 519 3965 naturae
541 3899 617 3981 lege
638 3898 796 3978 sancitur,
827 3919 892 3965 non
915 3898 1024 3964 minus
1047 3918 1144 3982 quam
1168 3895 1340 3963 rationalis
1362 3895 1527 3962 hominum

277 4005 438 4076 activitas
459 4007 494 4071 in
515 4005 684 4072 individuo
707 4005 925 4084 considerata,
949 4008 1118 4092 propriam
1142 4028 1180 4070 oc
1198 4007 1414 4072 neceesarium
1428 4006 1528 4090 philo-

277 4115 410 4199 sophiae
431 4114 565 4178 morolio
588 4113 748 4178 obiectum.
788 4112 834 4176 Et
856 4132 897 4178 ea
920 4111 1051 4194 quidem
1073 4110 1208 4176 moralis
1231 4109 1456 4194 philosophiae
1471 4131 1529 4176 seu

278 4220 360 4288 iuris
389 4219 552 4286 naturalis
580 4239 669 4303 pars,
700 4239 785 4301 quae
816 4218 856 4284 de
885 4217 1016 4283 homine
1046 4216 1079 4282 in
1110 4216 1218 4300 specie
1248 4216 1427 4282 secundum
1459 4215 1529 4281 eins

277 4335 433 4394 notarum
455 4328 603 4392 conulem
624 4329 717 4392 recte
739 4323 921 4390 ordinando
951 4323 1094 4401 disserit,
1125 4323 1280 4406 vitaeque
1309 4321 1441 4388 socialis
1469 4341 1529 4386 na·

278 4432 407 4501 turules
432 4432 639 4502 condiciones
663 4436 699 4498 et
720 4451 854 4497 normae
878 4434 1063 4509 scrutatur,
1088 4433 1140 4498 ine
1164 4433 1278 4497 socinlc
1304 4429 1412 4508 audit,
1437 4428 1529 4495 cuius

279 4538 451 4623 generalia
479 4539 583 4604 veluti
619 4538 861 4604 delineamenta
891 4537 1076 4603 describere
1107 4537 1182 4603 huic
1213 4535 1350 4602 sectioni
1380 4534 1529 4621 proposi-

279 4651 352 4713 tum
374 4648 435 4710 est.

280 4797 351 4870 346.
442 4799 513 4876 Qua
544 4801 579 4866 in
610 4822 647 4866 re
677 4803 715 4867 nt
745 4800 897 4867 ordinate
927 4803 962 4866 et
991 4799 1170 4866 secundum
1201 4798 1348 4865 internos
1371 4797 1529 4866 scientiae

279 4907 404 4988 gradus
426 4907 653 4990 procedamus,
677 4913 856 4990 antequam
872 4907 913 4973 de
928 4907 1000 4972 iure
1015 4906 1087 4991 ipso
1104 4905 1238 4988 eiusque
1253 4905 1385 4991 propria
1401 4904 1529 4972 ratione

281 5011 420 5090 dicatur,
452 5012 593 5097 primum
623 5017 809 5096 societatem,
840 5033 925 5096 quae
954 5012 1042 5078 illius
1072 5012 1311 5095 quodammodo
1337 5013 1429 5079 reale
1451 5011 1528 5078 sub·
