3909 5842
373 613 435 678 172
597 605 686 661 Sectio
705 606 725 660 I.
763 604 843 661 Liber
861 607 896 662 ΙΙ.
933 606 1023 678 Caput
1040 607 1062 661 l.
1098 606 1239 661 Articulus
1257 606 1283 660 2.
1320 605 1382 675 ξῖ.

666 788 816 862 Notuuda
838 788 879 862 ad
902 789 1078 863 solvendae
1100 789 1322 863 dificultatea.

369 931 436 1002 194.
530 935 558 998 1.
579 929 724 996 Dicendo
748 929 853 997 vitam
876 929 1072 996 rationalem
1096 933 1227 1016 positive
1249 929 1526 996 subordinandam
1545 951 1621 996 esse

370 1038 485 1104 ultimo
515 1041 654 1104 naturae
683 1036 740 1103 fini
769 1035 850 1102 nihil
872 1037 1088 1119 incongruum
1116 1040 1174 1102 aut
1196 1036 1397 1120 impossibile
1419 1039 1620 1121 postulatur.

372 1143 519 1211 Positiva
549 1144 668 1229 quippe
697 1143 780 1209 haec
810 1141 1035 1209 subordinatio
1062 1163 1128 1208 non
1151 1143 1184 1207 in
1208 1163 1247 1208 eo
1271 1143 1431 1222 consistit,
1463 1147 1502 1210 ut
1523 1143 1621 1209 homo

370 1253 486 1337 iupiter
517 1251 587 1315 sine
619 1249 858 1316 intermissione
890 1249 1034 1335 positive
1065 1251 1184 1315 bonum
1216 1255 1306 1333 agat,
1339 1252 1398 1316 sed
1426 1250 1461 1316 id
1489 1255 1621 1316 tantum

370 1355 485 1438 exigit,
510 1361 556 1434 ut,
581 1359 610 1423 si
633 1356 706 1440 quis
729 1355 870 1440 aliquem
894 1361 1003 1422 actum
1028 1355 1209 1423 deliberate
1232 1361 1344 1440 ponat,
1368 1356 1398 1422 is
1416 1377 1482 1422 non
1497 1355 1562 1421 nisi
1578 1355 1620 1420 ad

369 1463 466 1529 finem
500 1469 640 1530 naturae
672 1462 828 1530 rationali
862 1463 1004 1548 positive
1038 1463 1288 1529 convenientem
1320 1461 1500 1546 dirigatur;
1534 1461 1620 1544 quod

370 1568 433 1634 nisi
455 1569 524 1647 fiat,
550 1573 660 1636 actum
681 1569 840 1635 eiusmodi
856 1589 895 1636 ec
911 1569 982 1654 ipso
998 1569 1119 1635 rationi
1136 1569 1317 1635 difformem
1334 1589 1393 1636 seu
1407 1569 1532 1634 malum
1547 1588 1621 1633 esse

370 1674 539 1742 asseritur.

460 1793 489 1855 2.
522 1787 569 1856 Ut
598 1793 692 1854 actus
716 1787 939 1874 philosophice
963 1809 1022 1854 seu
1044 1789 1244 1855 naturaliter
1266 1790 1371 1856 bonus
1394 1789 1524 1855 ratione
1546 1789 1622 1854 linis

371 1895 496 1963 censeri
523 1895 641 1979 possit,
672 1915 737 1961 non
759 1895 946 1978 requiritur,
978 1899 1017 1962 ut
1038 1895 1178 1962 intentio
1201 1895 1357 1980 explicite
1380 1899 1414 1962 et
1437 1894 1622 1961 formaliter

370 2001 404 2067 in
428 2003 531 2068 Deum
560 2005 729 2084 tamquam
758 2003 856 2068 finem
888 2001 1037 2068 ultimum
1069 2001 1241 2084 dirigatur,
1272 2001 1331 2067 sed
1359 2001 1492 2079 sufficit,
1520 2005 1558 2067 ut
1587 2000 1621 2066 id

370 2110 429 2176 hat
458 2110 638 2173 cirtrcoliter
667 2111 702 2174 et
732 2109 881 2194 implicite
890 2110 911 2175 1.
958 2107 1004 2174 ut
1030 2106 1190 2190 siquidem
1213 2107 1310 2174 homo
1333 2107 1462 2174 ratione
1486 2109 1623 2175 evoluta

370 2212 603 2280 invincibiliter
635 2213 788 2296 ignorare
820 2234 885 2279 non
917 2211 1023 2298 possit
1055 2213 1265 2281 essentialem
1296 2214 1450 2299 propriae
1481 2213 1622 2280 rationis

371 2324 555 2405 respectum
579 2320 621 2385 ad
643 2319 805 2386 rationem
829 2323 864 2386 et
887 2319 1101 2387 sanctitatem
1124 2321 1279 2398 divinam,
1303 2342 1368 2386 non
1386 2321 1549 2387 immerito
1566 2341 1622 2386 as·

370 2447 499 2492 sumere
535 2426 613 2492 licet
648 2426 840 2510 plerumque
874 2425 964 2492 illam
999 2430 1125 2493 rectam
1160 2427 1374 2494 intentionem
1414 2425 1623 2506 ,virtualiter

371 2536 405 2599 et
427 2533 602 2617 implicite‘⁴
629 2533 753 2612 haberi,
778 2532 832 2598 ubi
854 2533 927 2616 quis
944 2531 1074 2599 ducitur
1088 2532 1213 2600 motivo
1229 2533 1422 2613 honestatis,
1446 2535 1622 2602 intendens

370 2641 466 2704 tinem
491 2640 670 2705 secundum
694 2637 855 2705 sinceram
879 2637 1154 2724 appretiationem
1173 2661 1251 2706 vere
1268 2643 1499 2724 rationabilem,
1523 2662 1621 2724 repu-

372 2746 462 2813 diato
496 2767 593 2813 caeco
626 2749 661 2812 et
691 2745 908 2812 immoderato
940 2745 1083 2831 impulsu
1114 2747 1293 2815 sensitivae
1325 2751 1475 2814 naturae.
1522 2747 1622 2812 Patet

371 2851 474 2934 igitur
504 2851 545 2917 ab
573 2853 635 2918 hac
662 2853 810 2919 bonitate
834 2853 1006 2919 honestam
1031 2853 1131 2919 etiam
1152 2854 1391 2920 recreationem
1413 2873 1620 2936 nequaquam

372 2957 512 3024 excludi.

465 3077 495 3140 3.
520 3073 572 3139 Ab
595 3073 644 3152 iis,
669 3075 724 3156 qui
747 3075 918 3158 vulgarem
942 3073 1108 3140 hominum
1131 3075 1395 3142 aestimationem
1421 3079 1621 3158 apparenter

373 3179 572 3247 contrariam
604 3179 770 3258 invocant,
804 3201 868 3246 non
898 3203 974 3247 raro
1006 3180 1234 3247 confunditur:
1267 3181 1321 3246 vel
1353 3186 1449 3248 actus
1480 3180 1621 3247 hominis

372 3307 445 3352 cum
480 3289 558 3352 autu
591 3307 661 3353 cere
692 3288 842 3370 humano,
877 3286 932 3351 vel
964 3285 1095 3354 bonitas
1127 3286 1266 3353 actionis
1295 3289 1557 3373 supernaturalia
1586 3292 1621 3354 et

371 3391 557 3474 theologice
580 3391 749 3458 meritoria
773 3413 845 3458 curn
870 3393 1019 3458 bonitate
1041 3395 1209 3474 naturali;
1231 3412 1294 3475 quo
1314 3393 1362 3474 fit,
1386 3398 1425 3460 ut
1440 3393 1620 3478 disputatio

372 3503 468 3565 extra
491 3501 616 3564 statum
640 3497 842 3580 quaestionis
865 3499 1027 3564 versetur.

461 3615 491 3679 4.
517 3612 613 3678 Actio
635 3616 832 3679 naturaliter
854 3615 952 3696 licito,
977 3612 998 3678 i.
1016 3633 1044 3680 e.
1061 3612 1244 3696 perlegam
1259 3613 1444 3680 naturalem
1462 3635 1528 3680 non
1543 3636 1621 3698 pro·

371 3717 484 3796 hibita,
513 3739 573 3802 per
602 3739 637 3784 se
666 3719 755 3785 aliud
778 3741 844 3785 non
868 3721 920 3784 est
943 3740 1042 3801 quam
1067 3719 1154 3785 actio
1178 3722 1215 3784 in
1238 3719 1395 3786 abstracto
1417 3719 1619 3804 indifferens.

374 3824 419 3891 Ut
442 3825 543 3907 igitur
566 3824 644 3891 talis
666 3829 841 3909 praeterea
864 3826 897 3890 in
921 3824 1090 3892 individuo
1113 3828 1197 3893 licite
1218 3829 1371 3910 ponatur,
1399 3845 1535 3891 necesse
1558 3832 1619 3902 est,

371 3934 409 3997 ut
440 3951 511 3996 oum
545 3929 799 3998 circumstantiis
831 3937 924 4000 recte
956 3931 1118 4000 ordinatis
1147 3931 1281 4017 insuper
1309 3932 1516 3999 rationabilis
1543 3935 1622 4018 fian

371 4037 517 4104 accedat.
549 4036 627 4114 Quis
650 4038 736 4104 enim
760 4037 870 4104 omnia
892 4058 952 4122 per
975 4059 1011 4104 se
1034 4038 1126 4105 licita
1144 4059 1182 4104 eo
1198 4037 1269 4122 ipso
1286 4059 1306 4105 a
1322 4038 1438 4121 quovis
1453 4043 1489 4105 et
1504 4039 1620 4122 quovis

371 4143 467 4209 modo
492 4145 575 4210 licite
597 4143 668 4209 fieri
692 4143 805 4211 dicat?

375 4311 674 4319 ---—---——--——

372 4425 481 4462 manum
500 4413 548 4462 aut
566 4407 684 4478 pedem),
703 4409 767 4463 talis
786 4413 865 4464 aetus
883 4427 937 4464 non
956 4413 1000 4464 est
1016 4411 1125 4480 proprie
1142 4409 1276 4478 loquendo
1295 4407 1406 4464 moralis
1418 4409 1464 4463 vel
1475 4409 1620 4473 humanus,

370 4514 432 4552 cum
457 4497 508 4552 hoc
533 4497 633 4552 habeat
658 4503 736 4553 aetus
761 4499 916 4564 aratione;
943 4502 971 4554 et
996 4500 1037 4555 sio
1062 4499 1113 4553 erit
1138 4498 1310 4563 indifferens,
1336 4498 1415 4568 quasi
1434 4501 1515 4552 extra
1532 4515 1620 4566 genus

371 4586 512 4641 moralium
531 4589 641 4642 actuum
660 4587 820 4642 exsistens.⁸
855 4588 895 4642 of.
915 4589 948 4642 de
967 4589 1061 4643 eodem
1079 4593 1241 4657 argumento
1260 4590 1373 4656 Suom,
1392 4587 1433 4642 De
1450 4586 1574 4642 bonitate
1591 4594 1620 4642 et

371 4675 477 4730 malitia
496 4675 568 4729 hum.
588 4681 641 4730 act.
660 4677 730 4748 disp.
750 4677 775 4740 9,
795 4681 862 4732 sect.
882 4677 906 4731 3.

463 4765 471 4796 ¹
489 4762 529 4816 De
547 4764 632 4819 variis
651 4767 738 4820 modis
757 4765 855 4835 agendi
877 4769 1004 4836 ,propter
1021 4765 1118 4818 finem·
1139 4765 1203 4820 vide
1222 4767 1343 4833 Suara,
1370 4765 1410 4818 De
1428 4764 1484 4818 dne
1502 4763 1619 4819 hominia

371 4851 440 4922 disp.
467 4851 497 4914 2,
522 4854 588 4906 sect.
607 4855 632 4908 4.
658 4883 694 4892 -
719 4853 856 4919 Quomodo
883 4869 919 4907 ex
946 4853 1112 4921 obligatione
1136 4853 1256 4908 naturali
1281 4856 1408 4908 tencatur
1432 4852 1513 4907 homo
1537 4869 1619 4920 agere

370 4943 482 5010 propter
500 4939 587 4995 Deum
606 4943 638 4994 ut
656 4941 737 4995 finem
755 4941 890 5006 ultimum,
910 4941 991 4995 docet
1009 4941 1122 5010 Suorez,
1141 4940 1182 4995 De
1199 4941 1253 5010 leg.
1272 4940 1290 4994 l.
1311 4942 1335 5007 l,
1354 4959 1377 4996 c.
1398 4941 1440 4996 ll.
