3909 5842
411 706 476 771 466
622 700 710 756 Sestio
729 702 763 757 11.
801 701 883 757 Liber·
900 702 934 757 ll.
972 702 1063 773 Caput
1079 704 1128 759 111.
1165 700 1306 757 Atticulae
1325 700 1349 755 1.
1385 700 1445 769 52.

501 881 531 945 2.
556 878 609 945 Ea
630 886 722 966 poete
743 880 904 963 foetorem
928 882 1217 947 determinantiem.
1249 876 1325 943 Non
1340 897 1446 961 pauca
1461 884 1542 945 sunt
1556 879 1666 945 homi·

410 1006 488 1051 num
511 984 584 1053 iura
614 988 649 1053 et
677 985 758 1051 iuris
788 986 908 1067 officia,
939 1007 1024 1069 quae
1046 986 1095 1053 ita
1118 1007 1139 1051 a
1161 984 1246 1066 legis
1268 984 1430 1049 naturalis
1452 983 1666 1052 evidentibus

411 1089 579 1175 principiis
601 1091 790 1161 immediate
807 1092 1010 1172 derivantur,
1034 1098 1072 1159 ut
1086 1091 1188 1159 etiam
1203 1111 1297 1156 suam
1310 1092 1541 1175 pertineturem
1558 1094 1667 1159 dm

410 1200 617 1265 minationem
648 1203 682 1266 et
708 1199 783 1265 hine
806 1220 898 1265 suam
922 1202 1110 1265 concretam
1132 1195 1425 1281 applicabilitatem
1449 1196 1599 1264 habeant
1619 1218 1667 1264 ex

411 1302 510 1370 lactis
533 1304 587 1371 vel
609 1306 815 1371 naturalibos
838 1308 873 1370 et
895 1304 937 1370 ab
960 1302 1098 1371 arbitrio
1111 1301 1278 1368 hominurn
1293 1302 1443 1385 proxime
1457 1325 1524 1369 non
1539 1304 1666 1387 depen-

413 1409 575 1490 dentibus,
599 1412 652 1476 vel
675 1411 784 1477 liberis
806 1410 948 1493 quidem,
972 1410 1030 1475 sed
1053 1409 1186 1488 talibus,
1210 1429 1294 1492 quae
1316 1413 1434 1493 suapte
1455 1412 1579 1475 natura
1593 1431 1666 1475 orn·
1780 1483 1781 1490 ,

417 1536 492 1581 nem
515 1516 690 1600 positivam
713 1516 877 1601 publicam
900 1516 1138 1582 ordinationem
1162 1520 1222 1582 sut
1244 1514 1511 1595 declarationem,
1535 1516 1666 1582 sivein
1780 1509 1781 1546 ³

412 1621 486 1703 lege
498 1622 569 1688 sive
585 1623 618 1689 in
634 1627 769 1707 recepta
783 1622 896 1708 populi
912 1623 1147 1691 consuetudine
1162 1623 1272 1702 sitam,
1288 1622 1419 1705 penitus
1434 1626 1665 1689 antevertunt

412 1727 486 1793 Huc
508 1728 683 1796 manifeste
705 1730 888 1815 pertinent:

503 1835 536 1917 a)
560 1837 667 1902 omnio
696 1838 834 1903 hominio
862 1840 950 1920 iuro,
981 1858 1062 1922 qnae
1091 1838 1236 1903 chamuto
1259 1857 1314 1901 sea
1337 1843 1475 1902 connata
1496 1835 1666 1912 dicuntur,

414 1961 550 2023 quorum
582 1942 699 2009 titulus
731 1943 765 2007 in
794 1942 868 2027 ipsa
898 1947 1018 2009 natura
1047 1942 1192 2009 humana
1220 1962 1287 2025 qua
1315 1942 1376 2007 tali
1399 1940 1600 2021 continetur,
1630 1946 1668 2009 et

413 2066 497 2129 quae
527 2047 620 2131 proin
650 2047 722 2132 ipso
753 2048 843 2116 facto
875 2047 1049 2130 (naturali)
1079 2048 1180 2115 realis
1209 2046 1427 2114 exsistentiae
1448 2047 1594 2113 hominis
1616 2047 1668 2113 irr-

413 2152 535 2220 dividui
565 2154 752 2221 immediate
783 2155 1061 2222 determinantur:
1095 2154 1206 2237 qualia
1234 2158 1314 2221 sunt
1342 2176 1375 2221 v.
1399 2176 1431 2238 g.
1454 2154 1507 2220 ius
1530 2154 1666 2221 vivendi

413 2258 567 2343 vitaeque
590 2261 846 2341 conservandae,
870 2262 921 2327 ius
944 2262 1202 2345 personalitatis,
1225 2261 1278 2327 ius
1296 2261 1484 2329 essentialis
1498 2260 1666 2327 libertatis

413 2366 649 2443 conscientiam
681 2366 779 2433 immo
809 2372 844 2434 et
872 2368 923 2432 ius
952 2367 1167 2452 proprietatis
1189 2367 1417 2451 acquirendae,
1449 2367 1501 2432 ius
1531 2371 1666 2433 contra·

413 2470 511 2537 hendi
544 2472 727 2555 generatim
760 2477 796 2539 et
825 2472 891 2539 alia
920 2472 1050 2552 similia,
1084 2494 1169 2556 quae
1197 2474 1262 2540 etsi
1291 2494 1351 2557 per
1372 2494 1410 2538 se
1431 2472 1611 2539 materiam
1632 2473 1665 2537 in

413 2578 580 2644 individuo
603 2578 745 2644 nondum
770 2579 1023 2646 determinatam
1046 2579 1235 2663 respiciunt,
1261 2599 1325 2661 qua
1348 2578 1431 2645 talia
1448 2583 1564 2644 tamen
1579 2583 1666 2644 omni
1781 2607 1782 2614 ι

414 2806 481 2860 Gott
505 2804 550 2859 nie
576 2804 759 2859 volllrommen
786 2805 939 2872 ergrtlnden
963 2804 1053 2869 kann,
1078 2804 1169 2859 tndem
1195 2804 1255 2858 eino
1280 2802 1382 2871 vollige
1407 2802 1593 2857 Abstraktion
1618 2804 1666 2857 des

414 2891 563 2949 Mensehsn
590 2910 643 2947 von
668 2892 758 2947 seiner
777 2892 921 2947 leiblichen
940 2891 1070 2947 Existenz
1088 2891 1244 2961 unmdglieh
1269 2890 1320 2956 ist;
1347 2892 1473 2946 derselbe
1491 2892 1588 2946 wllrde
1606 2892 1664 2946 siah

312 3002 314 3007 ·
381 2976 384 2981 ’
414 2980 498 3035 daher
517 2979 586 3035 auch
604 2980 808 3049 notwendig(?)
836 2980 877 3035 als
903 2981 946 3035 ein
966 2983 1058 3036 Weoen
1082 2984 1168 3037 dieser
1186 2983 1261 3035 arae
1285 2983 1344 3035 und
1366 2984 1418 3047 sels·
1441 2982 1512 3035 dieas
1531 2982 1609 3035 Μ
1627 2983 1664 3035 te

414 3073 513 3123 stimmt
532 3068 687 3136 angesehen
706 3068 803 3133 haben,
822 3076 895 3123 wllre
913 3070 968 3124 ihm
988 3069 1066 3125 nicht
1084 3071 1144 3123 eine
1162 3071 1265 3124 direlcte
1285 3071 1470 3139 Offmborunq
1485 3071 1549 3123 aad
1567 3071 1665 3123 Minoi·

414 3162 479 3224 lnnp
501 3160 590 3211 Gottee
608 3156 828 3225 zugekommen.“
856 3188 887 3197 -
915 3157 1002 3225 Quam
1027 3158 1227 3213 conclusionem
1246 3158 1391 3211 manifeste
1410 3156 1485 3212 ultra
1502 3174 1571 3211 suas
1588 3175 1665 3227 pree

414 3246 513 3300 missas
536 3248 732 3312 exaggeratam
759 3245 867 3315 aliaque
892 3246 994 3301 similia
1019 3246 1134 3301 aliorum
1159 3246 1242 3300 effeta
1265 3246 1311 3301 hio
1329 3247 1427 3300 merito
1445 3246 1480 3300 ad
1500 3264 1562 3299 eam
1580 3246 1664 3316 philo

413 3334 525 3405 sophiae
544 3333 710 3387 theoreticae
729 3338 834 3403 partem
853 3335 1032 3399 remittimus,
1057 3351 1112 3403 qua
1136 3337 1223 3388 totum
1248 3338 1371 3405 systema
1389 3334 1613 3389 traditionalismi
1631 3352 1664 3388 ex

414 3422 535 3493 professo
554 3423 699 3475 refutetur.
725 3421 888 3491 Theologioe
906 3427 999 3477 sutem
1017 3440 1071 3491 quo
1088 3426 1170 3493 pacto
1187 3422 1316 3477 istecum
1334 3426 1433 3477 astur-a
1445 3421 1567 3477 hominis
1584 3424 1663 3477 ratio
1782 3443 1783 3462 ι

413 3510 468 3565 nali
487 3512 549 3580 post
569 3510 676 3579 lapsum
696 3514 824 3565 manente
842 3510 870 3565 ia
888 3514 947 3565 sus's
965 3514 1148 3565 essentialibus
1165 3511 1274 3579 integre
1292 3511 1431 3566 conciliari
1449 3518 1570 3581 queant,
1595 3512 1664 3567 difli-
1782 3531 1783 3542 ¹

413 3600 465 3653 oile
484 3604 608 3669 apparet.

503 3685 592 3739 Multo
610 3686 758 3741 radicalius
777 3703 793 3741 a
813 3686 930 3741 veritate
950 3688 1058 3741 aberrat
1077 3690 1110 3741 R.
1124 3708 1147 3743 o.
1161 3690 1281 3757 Iberinp,
1299 3688 1393 3757 quiin
1411 3704 1494 3758 opere
1512 3688 1664 3743 mentione

417 3775 487 3841 ,Der
505 3774 602 3828 Zweelr
628 3774 666 3828 im
685 3774 786 3829 ltechtu
809 3776 834 3828 ll
856 3777 906 3830 107
920 3792 971 3844 sqq
992 3776 1088 3845 (1884)
1108 3776 1203 3832 Lookii
1229 3776 1359 3847 placitum
1385 3778 1419 3831 de
1446 3776 1560 3843 ,tabula
1584 3783 1660 3832 rasa·

414 3864 513 3917 mentis
532 3863 726 3931 exaggerando
744 3864 911 3919 resuscitare
930 3870 1057 3931 conatur,
1076 3867 1256 3929 contendens,
1278 3882 1332 3919 non
1349 3865 1436 3919 solum
1454 3866 1593 3936 principis
1610 3884 1664 3919 mo

415 3952 492 4017 ralis,
512 3952 560 4006 sed
579 3952 624 4005 vel
643 3952 732 4023 ipsum
751 3970 861 4008 sensnm
881 3952 1045 4008 moralitatis
1063 3973 1116 4008 non
1135 3958 1263 4009 enatura
1280 3954 1382 4008 homini
1401 3954 1496 4018 indite,
1515 3955 1567 4009 sed
1583 3956 1664 4009 hieto·

415 4042 473 4092 rice
493 4042 659 4108 experientia
678 4042 812 4109 aequisita
830 4058 906 4096 esse:
935 4041 1033 4109 ,Nioht
1050 4044 1094 4097 die
1111 4042 1213 4108 Natat,
1239 4042 1355 4097 sonderu
1377 4042 1422 4096 die
1440 4042 1610 4097 Gesehichte
1627 4044 1665 4097 ist

414 4130 456 4183 die
475 4128 627 4183 Urheberin
647 4128 694 4183 des
714 4128 864 4194 Sittliohen,
891 4130 945 4185 und
964 4149 1037 4185 zwar
1060 4131 1137 4185 nicht
1160 4130 1236 4185 bloss
1254 4130 1301 4185 der
1319 4130 1460 4185 sittliohen
1480 4133 1664 4199 cremae,

415 4220 510 4288 roem,
537 4219 654 4273 sondern
672 4218 760 4273 solbet
784 4220 832 4275 des
850 4222 982 4273 oillle'oben
1003 4221 1131 4287 Gefnbla,
1158 4218 1276 4273 welches
1301 4236 1353 4273 nur
1378 4220 1421 4273 die
1439 4218 1523 4273 Form
1549 4222 1599 4275 der
1616 4238 1663 4275 un·

415 4306 602 4371 mittelberen,
622 4306 815 4361 unbewussteu
833 4308 1044 4376 Beherrsohang
1062 4307 1204 4363 desselben
1222 4307 1363 4373 darstellt,
1385 4308 1415 4378 js
1432 4325 1518 4376 sogor
1535 4310 1586 4363 des
1603 4310 1664 4364 siu-

414 4394 503 4449 lichen
523 4394 664 4449 willens*
704 4396 832 4465 Idemque
859 4398 925 4451 dicit
950 4397 984 4451 de
1009 4397 1078 4451 ideis
1103 4397 1170 4451 iuris
1195 4396 1276 4451 etde
1300 4414 1379 4451 meu
1398 4400 1519 4451 inminse
1538 4398 1664 4465 (Rechts-

415 4483 537 4553 gefuul)=
567 4484 653 4549 ,Dass
678 4486 731 4538 elle
748 4484 926 4539 Rechtsslttze
951 4486 1006 4539 und
1025 4484 1337 4554 Rechtseiurichtungen
1355 4485 1425 4540 ohne
1443 4486 1604 4541 Ansnahme
1617 4528 1624 4540 .
1638 4528 1663 4541 ..

417 4572 546 4639 lediglioh
565 4572 778 4641 Niederschltge
804 4573 851 4627 der
876 4573 1059 4629 historischen
1078 4574 1237 4643 Erlehrung
1260 4576 1337 4641 sind,
1363 4576 1428 4630 dass
1453 4576 1518 4631 keirr
1543 4576 1665 4643 einaiger

418 4660 560 4714 derselben
579 4662 638 4715 dem
659 4660 808 4715 Mensohen
834 4661 915 4715 durch
942 4662 1003 4717 seia
1028 4663 1215 4731 angeborenes
1233 4664 1433 4732 Rechtegefflhl
1452 4663 1665 4731 vorgeseiehnet

415 4748 522 4801 worden
542 4750 591 4811 ist,
611 4748 699 4803 selbst
716 4750 794 4805 nicht
812 4750 855 4803 die
874 4750 1053 4815 einfachsten,
1078 4751 1223 4807 scheinbar
1241 4752 1301 4807 sich
1320 4771 1374 4807 von
1396 4752 1485 4807 solbet
1503 4753 1663 4807 verstehen·

415 4836 467 4889 den
493 4837 778 4893 Rechtswshrheiten‘
809 4840 847 4909 (p.
874 4840 947 4905 111).
990 4840 1066 4905 Quae
1090 4842 1228 4895 sententia
1253 4859 1315 4895 curn
1340 4858 1425 4896 sensu
1449 4846 1564 4896 naturae
1592 4858 1663 4895 eorn-

415 4926 488 4979 muni
508 4942 632 4994 pugnans
658 4932 685 4980 et
712 4926 799 4997 ipsam
824 4930 949 4984 naturam
975 4928 1136 4983 rationalem
1161 4946 1267 4997 negans
1292 4928 1337 4983 hic
1362 4929 1450 4984 denno
1475 4930 1591 4983 reiunri
1607 4944 1662 4981 aon

414 5014 527 5080 indiget.
