3909 5842
383 644 442 679 xxx
914 620 1093 675 Prooemium.

384 803 489 871 randa
512 801 668 869 sanandis
691 800 866 867 socialibus
889 800 1011 865 morbis
1035 803 1259 866 consentanea
1282 802 1317 865 et
1339 799 1549 865 naturaliter
1577 794 1663 861 effi-

384 910 578 977 cacissima?
594 947 637 958 -
653 906 785 989 Ecquis,
800 907 989 972 innumeras
1004 911 1105 989 atque
1120 906 1335 989 gravissimas
1351 905 1497 972 lustrans
1520 925 1660 991 „quae-

385 1015 535 1100 stieaes“,
565 1014 682 1097 quibus
705 1022 799 1080 aetas
821 1016 937 1079 nostra
959 1012 1124 1095 agitatur,
1156 1011 1382 1094 quaestiones,
1412 1011 1580 1093 inquam,
1623 1014 1664 1075 et

387 1120 788 1205 ecclesiastico-politicas,
812 1125 847 1185 et
869 1119 1170 1204 politico-sociales,
1196 1122 1231 1185 et
1254 1118 1295 1185 ad
1319 1118 1474 1185 socialem
1492 1136 1663 1184 oecono-

387 1228 486 1294 miam
509 1226 713 1312 pertinentes
736 1229 771 1292 at
793 1229 923 1291 ceteras
946 1224 1121 1305 eiusmodi,
1153 1245 1238 1307 quae
1261 1225 1295 1289 in
1318 1224 1388 1289 dies
1417 1224 1661 1299 suscitantur,

386 1334 457 1400 fere
480 1355 593 1400 omues
615 1354 659 1398 ex
681 1336 775 1399 rectis
795 1334 993 1417 potissima-m
1017 1334 1101 1397 iaris
1124 1334 1286 1397 naturalis
1305 1332 1495 1417 principiis,
1526 1330 1662 1413 opitu·

386 1442 477 1507 lanta
499 1440 622 1506 lumine
645 1439 835 1517 christiano,
861 1443 920 1505 aut
942 1438 1027 1504 salvi
1043 1443 1101 1505 aut
1117 1438 1279 1504 obiective
1295 1436 1463 1505 aestimari
1480 1458 1520 1502 ac
1539 1434 1662 1517 dirigi

388 1548 506 1613 debere
528 1568 593 1612 non
615 1546 814 1628 intellegat?

904 1712 1111 1720 ——-———

387 1891 447 1975 II.
473 1892 537 1973 lle
563 1892 667 1973 ortu
691 1893 735 1971 et
758 1910 995 1992 progressu
1019 1890 1233 1973 scientiae
1256 1890 1372 1973 iuris
1395 1890 1656 1972 naturalis.

476 2052 553 2119 Non
575 2052 740 2133 integrum
763 2050 922 2117 historiae
946 2054 1174 2135 conspectum,
1200 2051 1303 2117 multa
1327 2050 1433 2116 minus
1456 2050 1654 2134 specialem

387 2158 558 2224 historiam
588 2158 683 2223 huius
713 2156 871 2221 scientiae
898 2156 951 2222 hic
979 2177 1162 2240 proponere
1192 2156 1395 2240 suscipimus.
1442 2154 1518 2221 Non
1542 2176 1651 2235 sane,

388 2264 474 2347 quod
496 2263 720 2329 institutiones
749 2261 829 2326 iuris
858 2262 1020 2327 naturalis
1050 2261 1108 2327 illa
1137 2262 1268 2345 penitus
1299 2260 1514 2345 supersedere
1537 2282 1653 2345 posse

388 2371 601 2447 arbitremur,
625 2369 683 2435 sed
708 2368 785 2451 quia
806 2367 905 2449 longe
928 2367 1042 2433 utilius
1065 2368 1136 2432 fore
1159 2366 1358 2433 discentibus
1385 2365 1488 2432 visum
1512 2370 1584 2447 est,
1615 2367 1650 2432 si

388 2476 594 2543 necessariae
616 2476 792 2542 historicae
816 2475 966 2541 notiones
982 2496 1047 2539 non
1063 2478 1131 2540 tam
1156 2475 1189 2539 in
1206 2496 1305 2539 unum
1322 2475 1548 2559 compendium
1568 2476 1649 2540 col-

389 2586 496 2649 lectae
519 2581 699 2666 separatim
722 2582 915 2660 tradantur,
946 2582 1004 2647 sed
1028 2581 1137 2665 potius
1160 2582 1240 2666 ipsis
1270 2581 1531 2648 institutionibus
1556 2582 1648 2647 data

390 2688 562 2755 occasione
578 2692 612 2754 et
627 2692 725 2772 prout
740 2688 916 2753 tractanda
932 2693 1128 2771 argumenta
1144 2688 1396 2772 postulaverint,
1420 2689 1468 2755 ita
1483 2688 1646 2753 inseran-

389 2800 453 2873 tur,
469 2797 507 2861 ut
522 2798 695 2879 perspecta
711 2793 837 2876 origine
853 2798 953 2875 atque
968 2794 1100 2860 interna
1115 2795 1275 2860 relatione
1292 2793 1525 2871 doctrinarum,
1549 2813 1644 2875 quae

389 2923 410 2967 a
432 2901 534 2967 variis
557 2900 771 2983 scriptoribus
793 2922 949 2984 processu
972 2904 1156 2987 temporum
1180 2902 1330 2986 prolatae
1360 2906 1454 2979 sunt,
1485 2920 1545 2965 nec
1570 2922 1642 2965 nan

386 3008 644 3095 praeiacentibus
668 3011 732 3073 iam
757 3010 850 3073 certis
873 3010 1015 3073 ueritatis
1039 3010 1193 3091 criteriis,
1225 3008 1354 3074 facilius
1377 3028 1416 3073 aa
1440 3007 1550 3072 verius
1576 3008 1642 3071 sub

390 3135 488 3179 unum
513 3113 663 3177 obtutum
685 3112 802 3195 collegi
817 3113 954 3196 possint.
990 3113 1034 3179 Ut
1057 3117 1167 3179 autern
1191 3114 1240 3179 bis
1263 3115 1361 3198 plane
1384 3114 1499 3179 eadem
1522 3112 1642 3177 dican·

389 3226 453 3298 tur,
478 3218 569 3284 nulla
592 3217 677 3283 ratio
693 3217 820 3284 suadet.
852 3218 1003 3284 Ceterum
1021 3222 1166 3305 specialis
1183 3228 1210 3285 et
1224 3220 1354 3285 uberior
1369 3219 1507 3285 historia
1526 3219 1640 3283 cuius·

390 3345 527 3407 cumque
559 3323 726 3399 scientiae,
762 3324 824 3389 nisi
856 3325 1012 3391 tenebras
1046 3326 1153 3407 magis
1188 3346 1286 3407 quam
1316 3326 1422 3390 lucem
1456 3326 1489 3390 in
1517 3324 1639 3390 animis

390 3430 584 3497 discentium
608 3430 723 3511 augeri
745 3431 894 3509 velimus,
919 3452 983 3497 non
1006 3432 1093 3495 illius
1117 3432 1313 3497 tractandae
1336 3432 1439 3510 initis,
1464 3431 1522 3497 sed
1537 3434 1638 3496 finem

390 3558 550 3621 occupare
574 3536 681 3602 debet.

478 3652 595 3735 Itaque
618 3652 670 3718 hic
693 3652 759 3718 alia
782 3674 818 3718 re
842 3674 923 3737 opus
947 3674 1020 3719 esse
1045 3674 1108 3718 non
1132 3653 1273 3732 videtur,
1298 3654 1360 3719 nisi
1385 3657 1421 3720 ut
1442 3656 1637 3739 praecipuas

388 3762 536 3850 periodos
559 3782 598 3826 aa
622 3760 724 3825 veluti
748 3760 857 3825 stadia
878 3760 958 3825 iuris
982 3760 1143 3827 naturalis
1165 3764 1356 3846 qeneraliter
1378 3764 1538 3837 notemus,
1563 3759 1636 3842 qui-

390 3870 450 3934 bus
473 3868 505 3947 ii,
530 3866 585 3950 qui
607 3866 747 3951 primum
770 3867 866 3932 buius
888 3867 1046 3933 scientiae
1070 3866 1264 3933 curriculum
1287 3866 1466 3951 ingressuri
1490 3870 1576 3945 sunt,
1601 3866 1635 3931 in

390 3974 590 4059 excipiendis
614 3974 768 4056 deinceps
790 3974 1043 4058 particularibus
1059 3973 1216 4040 historiae
1232 3972 1435 4040 documentis
1451 3976 1635 4057 opportune

390 4080 497 4146 iuvari
519 4101 558 4145 ac
582 4078 677 4161 dirigi
700 4078 838 4161 possint.

480 4196 523 4261 llt
545 4195 684 4280 primam
708 4196 838 4277 quidem
862 4198 1016 4281 oriqiaaa
1032 4195 1112 4260 iuris
1128 4194 1288 4260 naturalis
1305 4194 1391 4277 quod
1407 4193 1537 4273 attinet,
1563 4214 1634 4259 cer-

390 4302 549 4368 tissimam
574 4302 644 4368 eius
672 4306 792 4368 testem
816 4301 973 4368 habemus
996 4301 1101 4385 ipsam
1131 4306 1284 4368 naturam
1307 4300 1519 4379 rationalem,
1550 4321 1635 4382 quae

390 4409 444 4475 ubi
467 4409 606 4492 primum
630 4409 673 4474 ad
695 4429 773 4473 suas
796 4408 945 4492 proprias
967 4408 1209 4473 intellectuales
1232 4406 1417 4473 functiones
1433 4407 1635 4473 exercendas

390 4518 524 4583 evoluta
547 4522 608 4596 est,
633 4537 698 4581 non
721 4522 832 4601 potest
847 4538 911 4581 uon
927 4516 1198 4598 quemadmodum
1216 4516 1247 4579 in
1266 4536 1379 4579 verum
1395 4514 1634 4599 speculativum

389 4626 438 4692 ita
461 4628 496 4690 et
517 4624 552 4689 in
575 4624 756 4708 practicam
779 4622 1046 4705 investigandum
1070 4621 1228 4687 inclinari.
1275 4620 1391 4705 ltaque
1421 4622 1449 4686 si
1472 4622 1552 4687 iuris
1575 4642 1634 4687 na-

390 4737 485 4798 turae
517 4752 575 4795 seu
607 4729 832 4814 philosophiae
863 4748 989 4793 mamm
1022 4726 1151 4792 nornine
1183 4748 1248 4792 nou
1283 4732 1351 4793 tam
1383 4728 1504 4793 iustam
1539 4726 1634 4791 huius

390 4840 539 4903 scientiae
559 4836 709 4919 formam,
734 4856 818 4917 quae
840 4834 954 4916 utique
976 4833 1169 4899 recentioris
1193 4834 1328 4917 originis
1351 4838 1418 4913 est,
1444 4855 1541 4916 quem
1565 4834 1634 4899 eius

391 4944 628 5027 quodammodo
646 4946 842 5009 materialem
859 4943 1051 5026 complexam
1067 4945 1264 5024 spectamus,
1286 4945 1383 5008 extra
1398 4940 1528 5007 dubium
1546 4940 1634 5025 posi·
