3909 5842
444 641 509 706 348
705 636 795 692 Sestio
814 636 848 690 11.
888 636 968 692 Liber
987 638 1007 692 Ι.
1045 636 1136 708 Caput
1153 636 1187 690 11.
1224 634 1367 690 Meuius
1385 635 1413 689 3.

536 821 555 882 2
579 819 702 884 Intuitu
721 817 916 883 educationis
931 819 1057 884 bomine
1073 819 1199 902 dianae.
1231 814 1437 898 Coniugibus
1453 821 1631 898 respectu
1645 815 1713 879 lit-,2

444 945 555 990 rorum
579 922 809 1005 gravissimum
833 926 973 989 naturae
997 923 1139 989 officium
1163 922 1331 999 incumbit,
1359 923 1402 986 ab
1430 921 1625 988 essentiali
1648 943 1712 985 con·

444 1030 523 1114 iugii
546 1031 610 1095 dne
627 1028 810 1095 derivatum
834 1027 881 1109 (id
897 1028 984 1112 quod
1007 1029 1183 1114 specialius
1207 1028 1460 1112 explanandum
1487 1029 1564 1094 erit
1589 1027 1628 1093 in
1651 1028 1711 1092 Inus

445 1133 647 1217 domestico),
672 1135 737 1201 illis
759 1135 957 1220 procurandi
967 1139 1192 1206 educationem
1205 1136 1379 1221 physicam,
1404 1133 1709 1200 inanescentem

446 1247 598 1310 moralem
627 1241 794 1326 (religiose
823 1241 1050 1324 informatam)
1072 1243 1236 1308 humanae
1258 1245 1398 1307 naturae
1422 1261 1469 1306 ac
1495 1240 1708 1308 destinatius

446 1349 704 1416 convenientem.
738 1349 899 1416 Educatio
915 1350 1035 1434 quippe
1050 1348 1233 1432 generatim
1249 1347 1419 1413 delinitur:
1447 1350 1582 1414 sedula
1599 1371 1642 1412 ac
1653 1371 1710 1432 per·

444 1467 539 1545 petua
562 1459 816 1523 subministratio
838 1457 1057 1522 subsidiorum
1080 1459 1231 1539 omnium,
1255 1478 1336 1541 quac
1352 1457 1525 1520 advitam
1542 1458 1708 1521 liberares

444 1567 619 1652 physicam,
652 1565 892 1629 intellectualem
924 1585 962 1629 ac
992 1567 1137 1649 relipiose
1165 1564 1338 1627 moralem¹
1369 1569 1453 1626 recte
1480 1563 1707 1647 ammaum

446 1673 626 1738 necessaria
664 1676 747 1734 sunt.
794 1668 1048 1752 Comprehendit
1080 1669 1184 1752 igitur
1217 1669 1279 1733 hoc
1312 1667 1461 1733 officium
1499 1690 1578 1734 non
1617 1669 1706 1734 solum

446 1775 719 1844 sustentationem
750 1778 785 1841 et
811 1796 923 1842 curam
944 1780 1108 1862 praesenti
1130 1776 1307 1841 liberorum
1330 1775 1539 1841 necessitati
1565 1775 1707 1859 proxime

445 1882 736 1956 accommodatam,
767 1881 824 1946 sed
855 1881 951 1946 simul
980 1882 1151 1965 providam
1174 1882 1463 1966 praeparationem
1489 1903 1620 1948 eorum
1645 1883 1706 1946 sut

445 1989 617 2068 sidiorum,
649 1987 766 2070 quibus
796 2007 853 2053 eos
883 1988 1062 2054 instructos
1092 2008 1165 2054 esse
1195 1987 1358 2065 convenit,
1389 1990 1428 2052 ut
1459 1987 1576 2054 etiarn
1605 1989 1695 2071 futur

444 2101 602 2180 tempore,
627 2097 801 2179 postquam
825 2094 971 2160 adultam
997 2097 1142 2162 aetatem
1161 2095 1304 2160 assecuti
1319 2093 1453 2172 fuerint,
1481 2095 1601 2161 vitam
1619 2116 1703 2178 agen

446 2206 569 2285 queant
597 2201 752 2268 rationali
774 2201 905 2267 homine
928 2201 1071 2283 dignam.
1119 2201 1192 2266 Huc
1214 2199 1374 2285 imprimis
1396 2200 1556 2284 pertinet
1581 2203 1702 2268 assidu

445 2307 626 2373 animorum
640 2309 682 2374 ad
691 2308 940 2386 humanitatem,
954 2308 1057 2373 bonos
1067 2329 1175 2374 mores
1185 2311 1286 2390 atque
1294 2306 1493 2390 religionem
1502 2308 1700 2374 informatis.

535 2413 635 2496 Atqui
659 2433 755 2478 nemo
778 2413 910 2495 ignorat
932 2412 1014 2478 haec
1037 2413 1146 2479 omnia
1169 2413 1353 2494 generatim
1375 2433 1486 2494 neque
1512 2415 1623 2480 unius
1639 2437 1700 2479 con

446 2519 531 2601 iugis
554 2540 655 2602 opera
670 2541 776 2602 neque
792 2519 962 2602 utriusque
978 2540 1038 2604 per
1053 2541 1176 2603 paucos
1192 2541 1295 2585 annos
1311 2519 1452 2585 durante
1469 2522 1701 2604 cooperatione

446 2625 649 2690 sufficienter
679 2625 843 2709 praestari
873 2646 981 2709 posse,
1010 2627 1068 2691 sed
1099 2645 1211 2692 curam
1240 2628 1413 2710 parentum
1442 2625 1567 2691 sociali
1593 2628 1700 2692 unione

448 2732 626 2804 efficacem,
660 2731 868 2808 cotidianam,
901 2731 1047 2813 vigilem,
1074 2733 1229 2797 solertem
1261 2735 1360 2815 atque
1390 2751 1452 2814 per
1482 2731 1630 2816 tangam
1654 2755 1699 2798 an

447 2859 562 2902 norum
578 2837 697 2903 seriem
713 2838 937 2906 continuatam
952 2838 1014 2903 sibi
1030 2838 1217 2923 deposcere,
1234 2838 1343 2917 immo,
1359 2859 1543 2904 numerosa
1556 2860 1700 2922 praeser-

445 2944 506 3010 tim
529 2946 756 3009 succrescente
779 2945 880 3028 prole,
907 2943 1099 3026 frequenter
1121 2943 1251 3009 nonnisi
1274 2965 1347 3009 cum
1369 2943 1443 3027 ipsa
1465 2948 1652 3010 senectute
1671 2965 1700 3006 ac

445 3050 518 3116 vita
540 3049 790 3116 terminandam.

536 3156 629 3221 Adde
643 3158 827 3240 praeterea,
845 3158 931 3240 quod
949 3159 1138 3223 documento
1152 3160 1290 3224 moralia
1302 3165 1331 3222 et
1342 3158 1504 3242 relipiosn,
1522 3157 1570 3222 ad
1583 3161 1700 3222 rat-tan

445 3262 579 3328 humani
609 3264 740 3346 generis
770 3263 1011 3330 institutionem
1035 3264 1232 3343 necessaria,
1263 3267 1301 3328 ut
1323 3263 1519 3346 parentibus
1541 3264 1592 3329 ad
1615 3287 1701 3330 usum

446 3368 649 3435 educationis
672 3389 732 3452 per
754 3370 959 3435 successivas
982 3371 1214 3453 generationes
1237 3370 1358 3453 iugiter
1379 3372 1517 3452 praesto
1536 3370 1612 3437 sint
1627 3376 1661 3437 et
1674 3372 1699 3434 iu

446 3495 506 3540 sua
535 3475 678 3557 genuina
705 3476 850 3560 puritate
879 3480 1125 3555 conserventur,
1155 3479 1405 3562 praerequirunt
1426 3475 1505 3554 iam,
1530 3480 1698 3560 tamquam

447 3583 665 3647 necessariam
689 3582 844 3647 socialem
868 3581 1100 3662 condicionem,
1124 3582 1310 3648 institutum
1334 3581 1464 3648 stabilis
1487 3586 1525 3648 et
1547 3585 1699 3667 persons

445 3687 600 3753 familiae.
637 3687 724 3752 Nam
747 3687 923 3754 secundum
947 3689 1132 3755 naturalem
1155 3688 1384 3773 providentiae
1398 3689 1551 3754 ordinem
1568 3711 1698 3756 necasse

447 3797 508 3872 est,
532 3797 570 3859 ut
592 3793 650 3859 illa
672 3815 737 3860 non
753 3815 774 3859 a
789 3793 926 3877 singulis
942 3796 1209 3876 generationibus
1223 3795 1357 3880 propria
1372 3795 1584 3861 scrutatione
1600 3797 1698 3864 denuo

446 3901 541 3984 quasi
570 3899 768 3966 invenienda
800 3901 1037 3984 suscipiantur,
1069 3901 1127 3968 sed
1158 3903 1260 3968 semel
1289 3906 1425 3987 recepta
1454 3901 1618 3987 deinceps
1646 3927 1698 3989 per

446 4008 577 4073 modum
598 4011 776 4092 perpetuae
795 4007 982 4073 traditionis
998 4012 1244 4086 conserventur,
1269 4030 1289 4074 a
1304 4009 1482 4074 maioribus
1497 4008 1535 4074 in
1550 4015 1696 4093 posteros

445 4113 711 4181 transmittenda.
752 4114 889 4180 Sublata
912 4118 1023 4180 autem
1045 4115 1228 4181 stabilitate
1243 4115 1383 4198 coniugii
1400 4121 1435 4182 et
1450 4115 1528 4181 hinc
1544 4119 1694 4184 dissoluto

448 4224 568 4286 unitate
592 4229 619 4285 et
640 4223 838 4306 permutato
858 4221 1006 4303 saeuitiae
1029 4220 1136 4304 ipsum
1158 4222 1311 4287 naturale
1333 4221 1521 4287 vehiculum
1542 4223 1693 4289 eiusmodi

445 4326 642 4404 traditionis,
675 4327 842 4392 educando
873 4327 986 4409 generi
1015 4326 1158 4393 humano
1181 4331 1251 4393 tam
1274 4327 1491 4405 necessariae,
1521 4329 1692 4395 manifeste

447 4433 610 4500 deficeret.

535 4542 669 4624 Arpnm.
693 4539 739 4606 ΙΙ.
775 4541 915 4625 Propria
932 4543 1161 4624 ratiocinanti,
1178 4562 1238 4626 quo
1255 4563 1294 4607 eu
1308 4549 1447 4606 naturae
1463 4543 1610 4608 instituto
1624 4564 1688 4606 cou-

449 4647 569 4728 iupium
585 4647 731 4728 nectitur,
748 4645 817 4710 eius
831 4665 894 4709 non
909 4644 1015 4710 solum
1027 4646 1254 4724 stabilitatem,
1271 4645 1329 4710 sed
1341 4645 1442 4710 etiam
1454 4646 1685 4729 perennitatem

450 4802 758 4812 ——-.------.----...

539 4883 674 4938 ¹anlam
700 4903 761 4940 esse
786 4903 865 4956 posse
890 4885 1009 4940 hominis
1035 4887 1223 4941 educationem
1241 4905 1307 4941 uere
1326 4885 1470 4951 moralem,
1497 4904 1570 4957 qnae
1588 4906 1637 4942 nou
1651 4891 1682 4940 sit

446 4973 527 5028 simul
546 4973 683 5041 religiosa,
703 4975 785 5028 certis
804 4975 955 5029 rationibus
974 4992 1059 5045 supra
1078 4979 1217 5030 ostensum
1237 4979 1288 5030 est.
1326 4974 1396 5029 Vide
1414 4993 1440 5029 n.
1461 4975 1515 5030 258
1534 4976 1588 5031 336
1600 4993 1638 5046 sq.
