3909 5842
404 588 469 653 440
623 584 714 639 Sestio
732 584 767 638 Il.
805 584 884 640 Liber
902 584 937 639 11.
975 583 1065 654 Caput
1081 583 1117 638 11.
1154 582 1295 639 Articulus
1313 583 1338 637 3.
1376 582 1438 651 fil.

402 770 500 831 tenus
524 768 633 831 autem
652 784 712 848 per
727 761 857 829 modum
874 746 1118 828 consuetudinis
1133 766 1168 828 et
1184 762 1385 828 characteris
1399 761 1434 826 in
1450 782 1492 827 ea
1508 764 1659 838 exetmt,

403 892 519 937 morem
544 869 653 952 (ethos
676 907 720 917 -·
745 867 843 950 Sitte)
867 868 1104 937 constituunt“.
1140 869 1222 935 lura
1245 867 1428 934 voluntatis
1450 867 1662 934 subiectivae

403 981 481 1044 sunt
511 976 636 1056 eadem,
667 996 752 1059 quas
781 974 890 1041 officia
920 978 954 1042 et
977 974 1050 1041 vice
1072 995 1188 1053 versa3
1219 996 1296 1041 nam
1319 979 1459 1057 utraque
1481 974 1517 1039 in
1540 975 1660 1041 eadem

408 1084 530 1163 „libera
552 1082 763 1156 substantiali
787 1082 977 1149 voluntate“
1005 1081 1186 1149 fundantur
1194 1084 1215 1147 ¹.

493 1190 562 1268 Quo
594 1188 766 1274 praefinito
796 1188 862 1255 iarn
884 1188 1032 1272 generah
1054 1189 1135 1254 iuris
1158 1192 1318 1273 conceptu
1340 1188 1392 1253 ius
1415 1188 1574 1273 deinceps
1597 1209 1659 1273 pro
1765 1229 1767 1278 ἓ

404 1299 525 1383 triplici
547 1295 641 1379 quasi
665 1294 795 1361 essendi
818 1294 914 1360 modo
938 1294 1176 1373 consideratur,
1200 1294 1352 1360 nimirum
1378 1298 1407 1361 1.
1431 1294 1465 1360 in
1487 1315 1526 1361 se
1545 1298 1584 1361 et
1598 1316 1660 1378 pro
1765 1309 1767 1320 '

404 1422 440 1467 so
467 1422 526 1467 seu
549 1422 567 1466 e
589 1422 648 1467 suo
673 1403 842 1483 conceptu,
863 1404 959 1467 -et
981 1400 1030 1466 sic
1053 1404 1106 1466 eet
1126 1401 1178 1466 ius
1198 1401 1345 1483 formclt
1359 1422 1417 1466 seu
1441 1404 1662 1483 abstractum
1765 1417 1767 1428 ·

405 1510 435 1575 2.
459 1512 558 1592 prout
580 1512 632 1575 est
654 1510 855 1573 momentum
878 1507 1060 1574 subiective
1083 1507 1306 1574 determinans
1327 1508 1533 1591 singulorum
1552 1508 1659 1573 homi·
1765 1582 1767 1587 ,

404 1634 481 1679 num
504 1615 695 1682 voluntates
717 1652 762 1663 —-
777 1618 812 1681 et
833 1615 896 1681 hoc
919 1614 1015 1680 modo
1039 1617 1091 1680 est
1112 1613 1186 1698 ipsa
1200 1616 1367 1683 maleas
1383 1612 1600 1697 (subiectiva)
1614 1649 1658 1659 -

408 1721 613 1803 „Moralildt“
639 1759 683 1769 -
702 1721 864 1804 simulque
891 1721 960 1800 „ius
983 1720 1186 1787 subiectivae
1210 1721 1409 1788 voluntatie‘
1436 1720 1535 1797 („das
1549 1720 1660 1785 Recht

405 1826 462 1892 des
486 1827 695 1911 subjektiven
709 1824 901 1909 Willens“);
927 1830 956 1893 3.
981 1830 1079 1911 prout
1101 1848 1161 1911 per
1183 1826 1373 1893 historicam
1395 1824 1657 1893 obiectivitatem

404 1932 438 1999 in
468 1933 540 1999 vita
569 1937 604 1999 et
632 1933 892 2002 institutionibus
921 1932 1096 1999 socialibus
1118 1933 1311 2018 populorum
1335 1954 1372 1999 se
1394 1932 1593 1999 manifestat
1615 1968 1658 1976 —

405 2044 440 2106 et
461 2043 601 2107 vocatur
626 2042 708 2107 ethos
732 2038 1042 2124 („Sittlichkeit“)2.

493 2148 551 2213 Ius
581 2148 776 2214 abstractum
804 2169 859 2213 aea
889 2146 1028 2230 formale
1051 2144 1191 2229 Hegelii,
1222 2144 1250 2210 si
1274 2166 1295 2211 a
1317 2143 1453 2229 propria
1475 2144 1659 2211 deducendi

406 2252 560 2321 methodo
583 2252 805 2337 praescindas‚
829 2252 863 2318 id
886 2252 955 2318 fere
976 2252 1121 2330 exhibet,
1145 2251 1232 2333 quod
1247 2252 1335 2335 apud
1349 2251 1530 2335 discipulos
1545 2251 1660 2318 Kantii

406 2364 544 2427 vocatur
572 2360 640 2438 „ius
663 2363 803 2426 naturae
825 2361 975 2443 purum“.
1011 2358 1194 2441 Tamquam
1217 2358 1287 2424 eius
1309 2358 1564 2426 fundamentum
1584 2380 1659 2444 pro·

406 2466 539 2551 ponitur
562 2475 726 2552 conceptue
739 2488 898 2551 personae
913 2463 1074 2547 (.,Person
1089 2464 1134 2531 ist
1149 2464 1201 2531 die
1217 2464 1423 2531 Einzelnheit
1438 2464 1498 2531 der
1512 2464 1660 2531 Freiheit

405 2572 450 2637 im
473 2572 585 2637 roinen
609 2570 862 2653 Fhrsichssiffl).
906 2570 942 2635 In
967 2570 1206 2655 personalitate
1229 2569 1397 2653 capacitas
1419 2574 1456 2636 et
1478 2573 1660 2653 conceptus

404 2676 485 2743 iuris
516 2675 712 2755 continetur,
744 2696 846 2758 quare
876 2696 1062 2759 supremum
1093 2676 1173 2741 iuris
1195 2675 1357 2743 naturalis
1380 2674 1578 2760 principium
1603 2696 1658 2741 seu

405 2802 532 2848 summa
554 2784 611 2847 lex
633 2780 772 2847 iuridioa
795 2786 861 2849 est:
889 2784 986 2863 „licto
1007 2803 1146 2867 persona
1170 2791 1198 2848 at
1219 2782 1331 2848 habeto
1353 2784 1503 2849 similiter
1527 2785 1611 2849 alios
1627 2792 1658 2847 st

403 2884 579 2973 persona?
595 2886 691 2970 („das
703 2888 928 2970 Rechtsgebot
942 2888 987 2955 ist
1003 2888 1121 2954 daher:
1145 2888 1193 2954 sei
1209 2887 1282 2953 eine
1297 2888 1421 2953 Person
1436 2888 1505 2953 und
1520 2888 1655 2972 raspat-

405 2993 488 3060 tiere
511 2992 563 3059 die
578 2992 713 3059 Andern
736 2994 786 3059 als
801 2992 1004 3077 Personsn“)
1013 2995 1036 3060 ⁸.
1052 3030 1097 3039 —
1112 2994 1165 3059 Ex
1180 2993 1353 3061 voluntate
1367 2994 1537 3078 personali
1553 2995 1656 3061 relate

405 3099 448 3166 ad
476 3120 530 3165 res
560 3103 717 3166 externas
749 3099 844 3184 (‚,das
874 3120 940 3166 von
971 3100 1045 3167 dem
1071 3100 1176 3166 freien
1199 3100 1312 3167 Geiste
1335 3100 1553 3167 unmittelbar
1576 3100 1655 3167 Ver·

405 3204 587 3285 schiedene‚
613 3258 672 3273 ...
697 3206 966 3291 Unpersdnliche,
997 3206 1210 3289 Rechtlose“)
1241 3206 1414 3274 deducitur
1436 3210 1488 3273 ias
1506 3212 1654 3293 proprie

405 3312 502 3379 tatie⁴
533 3333 576 3377 ex
605 3313 719 3379 eadem
749 3312 784 3377 in
812 3334 873 3379 sua
902 3312 1064 3380 relatione
1094 3313 1136 3379 sd
1159 3312 1242 3380 alias
1264 3334 1423 3399 personas
1447 3314 1655 3381 considerata

406 3418 511 3487 oritur
523 3422 732 3487 contractura
745 3456 782 3465 -
801 3419 922 3496 Quibus
936 3419 1097 3486 accedunt
1108 3424 1286 3504 conceptus
1297 3422 1441 3487 iniuriae
1452 3424 1489 3486 et
1500 3423 1653 3501 meaa,

406 3546 491 3607 quae
515 3546 557 3591 ex
581 3525 785 3609 oppositione
808 3526 991 3609 personalis
1013 3526 1195 3593 voluntatis
1219 3528 1570 3593 suamvoluntatem
1587 3526 1654 3592 uni·

407 3631 568 3697 versalem
590 3652 649 3697 seu
671 3632 722 3697 ius
746 3631 943 3699 obiectivum
967 3632 1117 3699 oriuntur
1127 3635 1150 3699 ⁶.

498 3736 708 3819 „Morazoasl
734 3740 807 3804 tota
830 3741 983 3805 versatur
1005 3738 1094 3805 circa
1115 3739 1303 3805 rubeniaco
1326 3738 1511 3805 voluntatis
1534 3739 1654 3805 liberae

405 3842 704 3923 determinationes,
729 3844 762 3909 in
786 3844 901 3928 quibus
924 3845 1079 3912 voluntas
1101 3867 1167 3911 non
1189 3845 1255 3911 iam
1275 3844 1488 3924 anthentica,
1513 3846 1576 3911 sed
1590 3845 1654 3911 eui·

405 3948 488 4015 titur
517 3953 552 4016 et
581 3948 679 4018 dehet
709 3949 788 4017 eniti
819 3951 861 4017 sd
890 3951 1100 4019 identitatem
1123 3972 1196 4017 cum
1219 3952 1392 4019 voluntate
1415 3950 1601 4019 universali
1623 3956 1654 4017 et
1765 4029 1767 4040 Ι

405 4054 567 4135 absoluta,
591 4059 626 4122 et
648 4056 697 4122 ita
720 4056 840 4124 dicitur
867 4056 936 4136 „ius
959 4057 1164 4124 subiectivae
1186 4058 1386 4123 voluntatis*
1401 4060 1423 4124 ⁷.

492 4162 591 4227 Etboe
623 4158 712 4242 („die
745 4161 983 4246 Sittlichlreit“)
1015 4164 1193 4229 secuudum
1215 4162 1408 4247 Hegelium‚
1435 4171 1495 4237 ,ast
1529 4168 1655 4244 ,unitas
1765 4219 1767 4240 .

405 4267 514 4350 (quasi
544 4272 698 4334 concreta
720 4267 892 4350 identitas)
916 4270 991 4336 boni
1015 4269 1188 4337 subiectivi
1211 4274 1245 4335 et
1268 4269 1421 4337 obiectivi
1445 4269 1520 4352 (des
1542 4274 1654 4357 objek·
1765 4305 1767 4350 ;

404 4374 496 4441 tiven
520 4395 562 4440 an
592 4374 657 4439 und
687 4374 742 4441 fur
771 4375 839 4441 sich
863 4376 1018 4443 seienden
1041 4376 1163 4460 (tuton)
1194 4396 1252 4442 seu
1274 4375 1350 4442 idea
1372 4375 1542 4445 libertatis
1566 4380 1654 4447 facta
1765 4451 1767 4456 ,

404 4480 544 4547 mundus
575 4480 674 4547 realis
697 4480 792 4563 („der
823 4504 881 4548 zur
910 4482 1144 4549 vorbandenen
1167 4482 1260 4548 Welt
1289 4482 1355 4547 uud
1381 4504 1440 4548 zur
1463 4483 1578 4551 Natur
1599 4487 1655 4553 des

496 4657 504 4687 ¹
524 4654 674 4725 llnzyklop.
694 4655 711 4723 5
729 4657 792 4710 486.

494 4742 504 4775 ²
522 4742 561 4797 Ib.
581 4742 681 4809 §4875
701 4742 881 4798 Grundlinien
906 4744 953 4798 der
972 4744 1146 4815 Philosophia
1166 4745 1214 4806 des
1234 4744 1344 4813 Rechts,
1365 4744 1525 4815 lliuleitung
1540 4747 1559 4815 5
1576 4749 1618 4803 3&

494 4830 702 4885 ³Grundlinien
721 4836 773 4887 etc.
793 4832 809 4901 ἓ
829 4834 862 4888 35
883 4833 926 4888 36.
1035 4834 1103 4889 ⁴11).
1123 4833 1140 4901 ὅ
1158 4836 1192 4889 41
1207 4852 1269 4904 sqq.

495 4918 562 4972 ⁵lh.
583 4922 599 4986 fi
619 4920 653 4974 l2
665 4937 726 4991 sqq.
836 4922 903 4976 ⁶1b.
924 4920 939 4988 ἓ
960 4920 995 4975 82
1009 4939 1069 4991 sqq.
1179 4923 1247 4979 ἶ11).
1266 4926 1319 4978 eto.
1338 4922 1355 4991 ὅ
1376 4922 1509 4979 102108.
