3909 5842
409 668 474 733 490
618 666 707 720 Sentio
725 667 759 721 11.
797 666 877 721 Liber
896 668 929 721 II.
967 668 1056 739 Caput
1074 670 1121 724 111.
1160 669 1300 724 Articnlns
1320 670 1344 724 3.
1382 669 1444 737 Η.

409 844 540 910 schclae
571 844 783 929 scriptoribus
806 866 960 928 suprema
982 847 1063 912 iuris
1085 847 1244 932 principia
1266 847 1459 930 excogitata
1479 850 1560 911 sunt
1584 846 1661 927 (nn-

409 954 577 1017 merantur
600 954 710 1016 autem
727 970 769 1015 ex
784 950 898 1034 primis
913 951 1118 1035 potissimum
1135 951 1300 1017 decenniis
1320 951 1442 1017 saeculi
1457 951 1535 1015 XIX
1558 971 1660 1032 qnam

408 1056 557 1140 plurima,
593 1055 773 1121 communis
799 1056 886 1122 illius
917 1057 1053 1140 originis
1083 1060 1222 1123 indolem
1243 1058 1553 1123 individualiaticcm
1579 1076 1661 1140 prae
1777 1123 1778 1136 ,

409 1182 445 1228 se
473 1161 595 1227 ferunt.
642 1162 744 1227 Immo
768 1163 925 1247 pleraque
948 1163 1119 1248 multiplici
1142 1165 1317 1230 verborum
1341 1164 1526 1230 variatione
1548 1163 1660 1246 quoad

408 1288 477 1334 rem
493 1267 526 1333 id
541 1268 646 1353 ipsum
663 1268 860 1353 exprimunt,
885 1271 971 1354 quod
987 1272 1161 1337 Kanticoo
1177 1274 1261 1337 iuria
1273 1271 1418 1354 formala
1433 1272 1500 1337 iam
1516 1270 1563 1351 (n.
1578 1271 1660 1351 520)
1777 1263 1778 1350 ἶ

409 1376 589 1442 recensita:
1777 1443 1778 1460 ,

460 1482 462 1485 ’
590 1482 700 1561 ,Iusta
716 1481 793 1563 (iuri
809 1484 999 1567 conformis)
1015 1489 1066 1551 est
1082 1485 1187 1550 omnis
1203 1484 1300 1563 actio,
1317 1505 1401 1568 qnae
1412 1485 1465 1549 vel
1478 1483 1660 1550 secundnm
1777 1527 1778 1530 =

542 1608 655 1671 quam,
680 1587 708 1653 si
731 1609 789 1671 pro
814 1590 933 1672 agendi
956 1591 1073 1673 regula
1095 1590 1269 1674 accipitur,
1293 1590 1430 1656 libertas
1452 1589 1660 1655 uniuscnins·
1777 1635 1778 1662 ;

542 1715 605 1776 qua
635 1715 708 1760 cum
734 1694 890 1761 libertate
913 1695 1068 1779 cuiusque
1091 1697 1228 1763 alterius
1251 1696 1429 1762 secundum
1451 1696 1563 1779 legem
1587 1696 1660 1761 uni·

542 1800 704 1865 versalem
728 1800 824 1867 simul
849 1802 1029 1869 consistere
1052 1805 1193 1885 potest⁴¹
1239 1800 1359 1882 (,Eline
1378 1801 1453 1886 jede
1477 1801 1661 1883 Handlnng

541 1906 586 1972 ist
615 1906 717 1985 recht,
750 1906 802 1973 die
832 1908 911 1973 oder
942 1908 1028 1974 nach
1056 1909 1156 1974 deren
1178 1908 1323 1973 Maxime
1353 1908 1406 1972 die
1428 1906 1579 1974 maiheu
1602 1909 1661 1973 der

540 2011 685 2077 Willk'ur
708 2012 798 2077 eines
820 2013 925 2079 Jedcn
949 2013 1010 2079 mit
1032 2014 1251 2079 Jedermanns
1274 2013 1419 2079 Freiheit
1440 2013 1528 2080 nach
1551 2012 1659 2079 einem

541 2118 759 2200 allgemeinen
783 2118 921 2185 Gesetze
944 2140 1133 2185 zusammen
1155 2119 1315 2186 bestehen
1338 2118 1477 2200 kann.“)

497 2224 575 2301 Aut,
601 2224 685 2306 quod
709 2224 794 2289 idem
818 2228 878 2303 est,
908 2225 1090 2308 ,generalis
1112 2226 1168 2291 lex
1191 2225 1367 2291 inridica“:

591 2330 660 2408 ,Ita
683 2331 829 2397 exterius
852 2352 924 2413 age,
950 2336 987 2399 ut
1002 2332 1085 2398 liber
1100 2354 1178 2398 usus
1194 2340 1272 2399 tuae
1286 2332 1451 2399 libertatis
1467 2354 1543 2398 cum
1559 2333 1661 2398 liber·

540 2442 612 2504 tate
636 2437 887 2521 uniuscuiusque
910 2439 1087 2505 secundnm
1103 2440 1211 2522 legem
1227 2438 1449 2504 universalem
1465 2439 1566 2504 simul
1582 2461 1661 2505 con·

541 2542 658 2609 sistere
680 2544 812 2626 possit.“
856 2543 1022 2626 (,Handle
1045 2544 1224 2611 dusserlich
1246 2565 1294 2624 sc,
1320 2543 1396 2609 dass
1419 2545 1480 2609 der
1494 2546 1580 2612 freie
1596 2546 1662 2613 Ge-

541 2648 664 2714 brauch
681 2649 792 2714 deiner
808 2649 952 2715 Willkur
968 2652 1028 2718 mit
1044 2652 1103 2717 der
1117 2650 1262 2717 Freiheit
1277 2672 1341 2716 von
1354 2652 1560 2717 Jedermann
1575 2654 1660 2719 nach

543 2755 647 2822 einem
677 2756 895 2838 allgemeinen
926 2758 1065 2824 Gesetze
1094 2778 1283 2823 zusammen
1313 2758 1471 2824 bestehen
1501 2759 1662 2839 kbnnef)

499 2863 594 2928 Unde
618 2862 838 2928 concluditur:
863 2864 972 2929 omnia
995 2864 1135 2929 hominis
1158 2864 1231 2930 iura
1254 2870 1397 2931 connata
1420 2864 1463 2930 ad
1487 2887 1592 2930 unum
1611 2888 1662 2931 su-

409 2988 557 3053 premum
588 2968 709 3047 reduci,
740 2969 866 3036 scilicet
896 2970 938 3035 ad
967 2974 1019 3036 ius
1041 2972 1197 3037 libertatis
1219 2971 1308 3037 intra
1330 2971 1453 3037 limites
1477 2994 1584 3057 supra
1607 2994 1661 3038 as-

409 3078 567 3161 signatos.
601 3074 704 3159 (,Das
721 3078 929 3161 angeborene
945 3078 1051 3145 Recht
1065 3079 1111 3145 iat
1125 3100 1188 3144 nur
1203 3078 1257 3143 ein
1272 3078 1431 3161 einziges:
1454 3078 1617 3145 Freiheit.
1633 3133 1662 3145 ..

409 3182 519 3249 solem
544 3183 590 3247 sie
614 3183 675 3249 mit
695 3182 787 3267 jedes
810 3184 943 3249 Andern
967 3184 1131 3251 Freiheit“
1159 3189 1240 3260 etc,
1266 3205 1297 3251 v.
1321 3206 1352 3250 n.
1378 3184 1467 3267 521).

498 3290 555 3355 (lui
571 3292 722 3373 analoga,
740 3292 798 3356 sed
814 3291 970 3357 audacius
986 3298 1192 3374 exaggerata
1204 3292 1332 3357 accedit
1344 3292 1513 3358 sententia
1526 3294 1662 3361 Ficbtcr'.

408 3396 463 3479 qui
486 3417 672 3481 supremum
697 3400 731 3463 et
754 3400 968 3483 oripinarium
991 3400 1044 3463 ius
1067 3397 1154 3462 omni
1168 3396 1399 3481 personalitati
1414 3398 1572 3465 absolute
1588 3422 1663 3466 con·

408 3502 543 3567 veniens
569 3502 695 3587 pariter
717 3502 750 3567 in
774 3504 785 3567 l
792 3504 915 3569 'tenuta
938 3502 1077 3587 reponit,
1108 3502 1223 3569 sedin
1246 3502 1400 3569 libertate
1422 3523 1484 3587 per
1508 3525 1547 3569 se
1571 3506 1664 3572 etin

408 3629 466 3674 suo
486 3614 646 3693 conceptu
662 3610 759 3693 plane
774 3612 946 3695 illimitata,
971 3631 1031 3675 nec
1046 3608 1109 3675 nisi
1125 3613 1365 3692 consequenter
1378 3608 1502 3676 intuitu
1519 3610 1664 3677 aliarum

408 3734 622 3797 personarum
655 3715 923 3782 coassistentium
953 3716 1139 3781 necessario
1169 3715 1351 3782 limitanda.
1399 3714 1506 3797 (,Der
1535 3716 1667 3801 Begn‘li

409 3819 468 3885 der·
490 3820 635 3886 Freiheit
666 3818 714 3903 [in
746 3842 808 3886 nur
837 3821 993 3887 formaler
1015 3819 1226 3906 Bsdeutnng]
1256 3822 1328 3905 gibt
1358 3823 1421 3887 den
1445 3822 1581 3904 Begrill
1608 3824 1664 3889 des

410 3924 589 3991 Urrechtes
606 3980 613 3993 .
632 3978 638 3993 .
658 3979 665 3993 .
690 3928 758 3993 Das
775 3928 917 3994 Urrecht
940 3928 985 3994 ist
1008 3928 1110 3994 daher
1128 3928 1187 3994 das
1203 3929 1355 3995 absolute
1371 3927 1478 3995 Recht
1503 3929 1567 3995 der
1583 3930 1662 3996 Per·

408 4056 468 4099 son
493 4034 526 4098 in
551 4033 609 4098 der
633 4032 832 4100 Sinnenwelt
856 4058 920 4101 aar
943 4034 1091 4101 Ursache
1114 4057 1155 4100 zu
1178 4034 1295 4117 seiu.“)
1342 4034 1391 4101 ef.
1415 4057 1446 4101 n.
1473 4038 1553 4101 522.

409 4146 478 4218 582.
570 4146 685 4229 Itaque
715 4148 757 4213 ab
787 4148 947 4214 alterutro
975 4149 1030 4213 vel
1053 4148 1095 4214 ab
1118 4152 1257 4231 utroque
1280 4149 1342 4213 hoc
1365 4147 1458 4215 fonte
1481 4150 1662 4217 manifeste

408 4251 559 4319 derivata
581 4258 659 4320 sunt
681 4253 762 4319 haec
786 4258 821 4319 et
843 4254 962 4319 similia
990 4276 1134 4333 ,summa
1157 4254 1237 4319 iuris
1259 4254 1461 4338 principia“:

502 4360 557 4439 ,ln
581 4358 727 4426 externis
751 4359 934 4426 actionibus
957 4361 1006 4427 ita
1029 4362 1199 4426 moderare
1218 4383 1311 4426 usum
1328 4365 1406 4427 tuae
1420 4360 1603 4440 libertatis,
1627 4368 1661 4427 ut

408 4464 437 4531 is
467 4486 539 4531 cum
571 4466 724 4532 libertate
754 4467 896 4532 omnium
929 4466 1066 4533 aliorum
1097 4468 1139 4534 ad
1168 4468 1364 4535 rationalem
1391 4468 1606 4535 actiiitatem
1629 4468 1662 4533 iu

408 4572 527 4637 mundo
550 4571 695 4636 sensibili
718 4573 903 4637 necessaria
927 4572 1093 4638 conciliari
1115 4574 1250 4657 possit.“
1292 4572 1446 4655 (,Mache
1462 4594 1531 4638 von
1547 4573 1662 4640 deiner

409 4676 553 4743 Freiheit
582 4676 625 4741 im
656 4684 793 4743 bussern
817 4676 970 4743 Handeln
1000 4678 1119 4744 keinen
1142 4678 1266 4744 andern
1291 4679 1463 4745 Gebrauch
1488 4678 1541 4744 als
1566 4678 1661 4744 einen

408 4781 550 4859 solchen,
574 4782 687 4848 womit
710 4783 762 4848 dia
785 4804 842 4848 zur
860 4784 1100 4850 Wirksamkeit
1124 4784 1182 4849 der
1197 4785 1363 4851 Vernunit
1385 4786 1419 4849 in
1443 4785 1503 4850 der
1519 4784 1661 4852 Sinnen-

408 4884 486 4951 welt
498 4887 705 4969 notwendige
718 4888 863 4955 Freiheit
879 4890 961 4955 aller
974 4889 1108 4955 Andern
1120 4890 1295 4956 vereinbar
1306 4892 1399 4974 istf)
1417 4892 1451 4958 0.
1464 4892 1509 4958 Η.
1523 4915 1552 4957 o.
1566 4894 1660 4973 Gros,

409 4992 577 5057 Lehrbuch
601 4998 664 5060 etc.
690 4993 707 5075 ἓ
732 4997 783 5062 27.
