3909 5842
376 583 441 648 200
599 577 688 632 Sectio
708 577 728 632 l.
767 577 848 632 Liber
865 577 913 632 III.
952 579 1042 646 Caput
1060 579 1081 634 1.
1118 578 1260 633 Articulns
1281 580 1303 632 l.
1341 580 1401 647 52.

375 755 446 828 228.
539 757 594 824 VI.
621 755 734 822 Omnis
765 757 924 839 obligatio
954 759 1048 842 proin
1079 758 1253 843 dupliciter
1282 759 1388 842 accipi
1417 763 1538 842 potest,
1570 769 1632 826 aut

375 866 473 947 prout
496 865 548 929 est
570 863 604 927 in
621 861 767 944 obligato
785 871 840 928 aut
856 867 954 947 prout
970 865 1012 930 ab
1028 865 1201 931 ordinante
1216 886 1274 931 seu
1291 865 1459 948 obligante
1474 870 1629 942 emanat;

376 970 436 1036 sub
460 970 561 1054 priori
584 973 738 1053 respectu
759 973 900 1055 passivo,
925 971 985 1036 sub
1009 972 1116 1038 altero
1139 976 1243 1038 activa
1266 972 1396 1040 dicitur.

466 1085 568 1150 Porro
591 1084 673 1150 haec
697 1085 770 1168 ipsa
793 1085 876 1166 legis
900 1085 1073 1164 elementa,
1098 1107 1183 1169 quae
1205 1107 1224 1152 e
1247 1087 1549 1152 fundamentalibus
1573 1110 1629 1152 or·

377 1190 461 1256 dinis
485 1191 656 1258 rationalis
680 1191 891 1275 conceptibus
915 1213 935 1257 a
958 1192 1059 1275 priori
1083 1195 1117 1258 et
1133 1193 1299 1276 analytice
1315 1193 1468 1270 eruimus,
1493 1193 1627 1260 iamiam

377 1299 564 1382 synthetice
596 1319 724 1381 quoque
755 1299 788 1362 in
819 1298 902 1381 legis
933 1299 1066 1364 notione
1097 1320 1136 1364 ac
1167 1299 1355 1365 definitione
1378 1300 1479 1382 vulgo
1502 1300 1630 1365 tradita

377 1425 614 1492 recognoscere
638 1407 672 1469 et
696 1405 866 1470 verificare
889 1405 976 1471 licet.

761 1595 833 1678 52.
880 1596 1007 1680 Legis
1031 1597 1242 1664 definitio.

377 1725 448 1797 229.
539 1729 608 1794 Lex
631 1728 808 1793 secundum
833 1728 1105 1811 significationem
1129 1729 1260 1795 obviam
1284 1729 1327 1794 ad
1343 1728 1574 1812 obligationem
1590 1751 1629 1795 se

377 1832 477 1900 habet
508 1839 545 1902 ut
575 1855 675 1901 causa
705 1835 856 1919 proxima
887 1834 928 1900 ad
956 1856 1049 1901 suum
1075 1837 1236 1902 effectum.
1283 1836 1409 1901 Eadem
1432 1842 1543 1902 tamen
1568 1857 1630 1922 pro

378 1941 497 2031 latiore
521 1947 579 2008 aut
602 1941 767 2008 strictiore
790 1941 982 2024 acceptione
998 1942 1032 2006 in
1048 1964 1109 2007 usu
1125 1942 1254 2025 vulgari
1271 1943 1436 2008 diversum
1452 1942 1630 2025 aliquando

379 2069 509 2112 sensum
534 2047 690 2114 admittit.

467 2153 538 2220 Lex
561 2155 715 2220 latissime
738 2157 876 2238 accepta
896 2154 1061 2235 ,regulam
1079 2153 1222 2236 aliquam
1238 2158 1273 2220 et
1287 2175 1475 2219 mensuram
1491 2153 1632 2221 denotat

379 2264 520 2338 actuum,
554 2259 731 2325 secundum
766 2279 862 2341 quam
895 2259 1060 2325 inducitur
1093 2259 1212 2342 aliquis
1243 2260 1286 2325 ad
1315 2261 1478 2342 agendum
1508 2261 1563 2325 vel
1587 2260 1630 2324 ab

379 2366 507 2448 agendo
530 2365 727 2433 retrahitur“
743 2369 763 2432 1.
811 2366 854 2432 Et
877 2366 924 2430 sic
947 2365 1032 2447 legis
1055 2385 1172 2430 nomen
1193 2366 1328 2432 extendi
1342 2369 1454 2449 potest
1470 2367 1570 2433 etiam
1586 2368 1629 2433 ad

380 2472 524 2554 agentia,
556 2492 640 2554 quae
670 2475 809 2538 naturae
840 2471 1039 2537 necessitate
1069 2473 1110 2537 ad
1142 2493 1218 2537 suos
1240 2476 1334 2539 actus
1357 2473 1630 2551 determinantur,

380 2598 482 2660 quare
505 2578 677 2661 ethorum
701 2579 836 2660 regulae
860 2578 951 2660 leges
975 2577 1131 2661 physicae
1155 2584 1325 2646 vocantur.

470 2683 534 2750 Sed
558 2684 658 2750 etiam
682 2687 779 2768 prout
802 2683 880 2748 solis
904 2684 1078 2765 agentibus
1097 2684 1346 2750 rationabilibus
1361 2685 1417 2750 lex
1432 2685 1630 2769 applicatur,

381 2792 499 2857 iterum
523 2791 623 2856 latius
646 2795 704 2856 aut
727 2789 874 2856 strictius
898 2791 979 2855 sumi
1004 2793 1124 2874 potest.
1156 2790 1271 2857 Latius
1294 2791 1383 2856 dicta
1406 2812 1466 2875 pro
1485 2791 1632 2873 qualibet

381 2899 491 2982 reputa
511 2900 656 2983 practico
681 2899 867 2980 usurpatur,
893 2917 956 2978 quo
980 2916 1077 2961 sensu
1101 2897 1206 2961 omnis
1229 2917 1284 2962 ars
1307 2919 1385 2963 suas
1408 2898 1500 2980 leges
1518 2897 1630 2964 habet.

381 3003 489 3088 Magis
519 3003 649 3088 proprie
680 3003 783 3068 solam
814 3002 962 3085 regulam
993 3007 1027 3068 et
1050 3023 1235 3068 mensuram
1260 3009 1390 3070 actuum
1414 3003 1630 3070 humanorum

380 3133 445 3196 pua
477 3113 590 3176 talium
623 3108 768 3187 denotet,
802 3109 893 3174 cuius
925 3109 1019 3192 proin
1050 3110 1187 3176 effectus
1216 3110 1366 3193 proprius
1396 3109 1441 3175 sit
1471 3109 1632 3192 obligatio

381 3219 523 3283 morulis.

471 3324 593 3389 Verum
624 3322 706 3389 haec
729 3322 801 3408 ipsa
824 3323 907 3405 legis
931 3323 1128 3404 significatio
1152 3323 1258 3389 adhuc
1280 3325 1334 3390 vel
1357 3325 1554 3390 arctioribus
1578 3323 1632 3388 vel

381 3431 560 3500 laxioribus
584 3429 740 3495 limitibus
764 3429 1049 3497 circumscribitur.
1083 3429 1214 3495 Etenim
1237 3431 1290 3496 vel
1314 3432 1374 3495 sub
1397 3431 1481 3514 legis
1501 3431 1633 3496 nomine

383 3541 483 3608 etiam
509 3536 748 3623 ,praeceptum
775 3534 1077 3619 comprehenditur,
1102 3535 1123 3601 i.
1147 3557 1175 3601 e.
1201 3536 1255 3602 lex
1277 3539 1533 3622 particula-ribus
1555 3557 1632 3620 per-

382 3647 481 3722 sonia,
513 3648 571 3709 aut
594 3641 819 3708 communitati
847 3640 987 3724 quidem,
1019 3641 1077 3706 sed
1100 3643 1291 3709 transitorie
1314 3647 1349 3708 et
1371 3665 1431 3728 pro
1454 3667 1532 3711 cusu
1551 3665 1632 3730 pur-

382 3753 513 3822 ticulari
542 3748 713 3832 imposita;
746 3749 799 3813 vel
830 3747 884 3813 lex
915 3754 1136 3832 apraecepto
1167 3749 1390 3832 distinguitur,
1424 3755 1459 3817 et
1489 3757 1559 3817 tum
1589 3751 1630 3816 ad

383 3864 482 3929 solam
506 3859 760 3922 communitatem
783 3857 934 3938 respectu
958 3853 1032 3919 finis
1056 3855 1234 3920 communis
1258 3877 1297 3921 ac
1321 3856 1457 3940 proinde
1475 3858 1634 3922 stabiliter

384 3963 597 4035 ordinandam
623 3961 775 4028 refertur.

383 4105 453 4178 2³0.
545 4105 617 4170 Hoc
640 4103 754 4170 ultimo
770 4123 867 4166 sensu
884 4101 1091 4168 st1ictissimo
1108 4106 1142 4168 et
1158 4102 1301 4168 maxime
1316 4101 1448 4186 proprio
1464 4101 1635 4169 intellecta

383 4217 438 4281 lex
462 4235 482 4280 a
506 4213 537 4280 S.
561 4211 687 4276 Thema
710 4209 878 4275 definitur:
905 4210 1084 4294 ,quaedam
1108 4210 1269 4274 ordinatio
1291 4212 1428 4274 rutiouia
1449 4209 1495 4273 od
1517 4210 1632 4274 bonum

384 4343 545 4388 commuue
570 4328 596 4385 et
620 4319 659 4384 uh
685 4339 726 4394 eo,
759 4319 814 4402 qui
844 4337 953 4381 curam
986 4318 1220 4381 communitatis
1244 4317 1346 4400 babet,
1377 4315 1635 4402 promutpata.“²

473 4437 635 4514 Quattuor
657 4433 691 4498 in
715 4432 777 4498 hac
807 4431 994 4497 definitione
1025 4435 1191 4498 momenta
1218 4431 1456 4496 consideranda
1479 4430 1632 4496 veniunt:

474 4554 507 4636 a)
519 4552 663 4618 Dicitur:
680 4549 843 4615 ordinatio
862 4551 1007 4629 rationis,
1025 4551 1061 4614 ut
1079 4547 1281 4631 significetur
1297 4547 1366 4612 eius
1379 4547 1481 4628 origo.
1506 4545 1635 4629 Nempe

389 4660 523 4742 ,regula
546 4663 580 4724 et
604 4677 757 4723 mensura
780 4655 994 4720 humanorum
1018 4657 1168 4720 actuum“
1188 4675 1253 4719 non
1269 4657 1380 4738 potest
1395 4651 1455 4717 nisi
1473 4673 1495 4718 a
1509 4655 1636 4718 ratione

478 4923 485 4953 ¹
506 4921 534 4974 S.
558 4919 658 4986 Thous,
678 4915 704 4971 S.
722 4917 806 4972 theol,
829 4918 851 4978 l,
870 4916 895 4980 2,
915 4933 940 4984 q.
961 4917 1004 4982 90,
1023 4935 1047 4970 a.
1069 4915 1093 4968 1.
1202 4915 1212 4946 ²
1232 4914 1270 4967 lb.
1290 4931 1314 4967 a.
1334 4917 1358 4966 41
