3909 5842
435 685 499 750 386
662 678 751 734 Sectio
771 679 804 734 ll.
842 677 922 735 Liber
941 681 975 736 11.
1013 680 1103 751 (laput
1120 679 1142 733 l.
1178 677 1320 734 articulus
1338 679 1365 734 3.
1403 677 1470 746 53.

428 860 544 926 iubens
574 859 717 926 debitam
747 858 1017 942 praestationem,
1047 856 1223 924 manifeste
1252 857 1444 941 respondet
1476 893 1528 903 -
1555 858 1596 923 ld
1623 880 1700 924 vero

429 965 568 1032 interest
585 965 673 1032 inter
688 965 832 1030 officium
848 964 1086 1032 affirmativum
1102 966 1279 1032 iuridicam
1294 966 1330 1030 et
1345 963 1605 1031 affirmativum
1620 990 1700 1031 mere

431 1073 574 1156 edricum,
591 1071 676 1153 quod
690 1070 769 1136 illud
784 1091 826 1137 ex
838 1071 908 1155 ipso
921 1071 1003 1150 iure,
1020 1071 1072 1138 cui
1083 1071 1271 1155 respondet,
1286 1072 1429 1156 patrate
1441 1074 1698 1139 deterrainatau

430 1183 492 1256 est,
521 1177 583 1244 hoc
613 1180 723 1244 autem
754 1177 796 1244 ad
823 1177 987 1244 actualem
1011 1176 1246 1259 obligationem
1269 1197 1312 1242 ex
1335 1179 1436 1260 parte
1460 1178 1700 1244 adiunctomn

429 1284 540 1366 aliqua
562 1283 835 1350 determinatione
850 1283 986 1366 indiget.
1026 1283 1209 1367 Propterea
1223 1282 1303 1348 illud
1319 1283 1475 1366 practice
1492 1287 1615 1368 quoad
1629 1308 1699 1370 pro

430 1392 534 1476 priam
567 1391 632 1456 vim
665 1391 831 1476 obligandi
861 1390 996 1476 propius
1027 1389 1070 1456 ad
1099 1388 1242 1456 indolem
1272 1390 1372 1454 officii
1402 1391 1574 1474 negativi
1605 1392 1700 1474 (quod

434 1497 578 1580 ,obligat
601 1517 730 1582 semper
754 1499 788 1563 et
810 1517 870 1581 pro
886 1496 1052 1580 semper¹‘)
1068 1517 1167 1578 quam
1184 1496 1225 1561 ad
1242 1495 1403 1562 rationem
1422 1496 1537 1563 officii
1555 1498 1699 1564 affirma·

429 1603 491 1668 tivi
514 1603 669 1669 accedere
693 1602 863 1669 dicendum
888 1605 949 1670 est.

901 1791 949 1846 ΙΙΙ.
970 1793 1011 1846 De
1029 1792 1107 1846 titulo
1125 1793 1205 1844 iuris.

429 1913 501 1986 468.
592 1916 675 1982 Iuris
698 1919 819 2000 titulus,
844 1935 943 1982 sensu
964 1916 1188 2000 philosophico
1204 1919 1239 1982 et
1254 1919 1360 1984 stricte
1376 1924 1566 2003 acceptus,
1593 1928 1647 1988 est
1662 1923 1698 1988 id

428 2021 461 2086 in
493 2041 557 2103 quo
587 2021 668 2088 iuris
697 2026 847 2106 potestas
876 2023 973 2088 simul
1004 2045 1077 2089 cum
1106 2023 1187 2089 iuris
1217 2024 1324 2090 officio
1350 2030 1510 2111 proxime
1537 2034 1700 2096 mor-aliter

427 2128 600 2210 fundatur,
630 2151 688 2195 seu
718 2131 868 2194 otieativa
900 2132 995 2212 ratio,
1028 2153 1066 2195 ea
1096 2153 1160 2217 qua
1184 2133 1322 2197 alicuius
1345 2134 1433 2198 iaris
1461 2137 1500 2200 in
1529 2138 1699 2202 individae

430 2237 632 2302 determinati
657 2237 801 2320 efficacia
824 2238 956 2301 moralis
976 2239 1010 2302 in
1027 2240 1203 2303 rationales
1220 2241 1452 2324 iatetiepeatias
1470 2250 1505 2307 et
1523 2246 1699 2310 voluntas

427 2347 572 2427 proxime
595 2345 708 2410 oritur.

518 2449 634 2530 ltaque
658 2448 880 2532 philosophice
904 2449 1066 2531 loquendo
1090 2452 1192 2515 omnis
1216 2449 1296 2515 iuris
1317 2450 1435 2516 titulus
1454 2457 1515 2519 est
1535 2459 1698 2538 quaedam

429 2555 579 2621 exhibitio
596 2557 761 2640 practicae
784 2558 939 2634 veritatis,
964 2574 1061 2636 quam
1085 2575 1178 2620 mens
1193 2554 1320 2621 sincere
1336 2556 1533 2638 rationalia,
1564 2563 1627 2627 ubi
1641 2565 1700 2648 pri·

428 2683 515 2726 mum
541 2681 614 2725 eam
638 2660 699 2725 sibi
723 2661 813 2726 clare
836 2661 1039 2744 propositam
1063 2660 1173 2739 habet,
1197 2682 1262 2726 non
1284 2663 1390 2746 possit
1408 2683 1478 2728 non
1497 2686 1698 2749 agnoscere.

429 2767 522 2832 Alius
548 2765 634 2832 enim
658 2765 773 2830 modus
796 2767 969 2832 exercendi
994 2766 1174 2833 efficaciam
1198 2767 1356 2833 moralem
1379 2767 1413 2833 in
1436 2768 1700 2858 intellegentias

429 2879 463 2940 et
479 2872 670 2938 voluntates
685 2871 864 2938 rationales
880 2895 944 2938 non
961 2874 1069 2940 datur.
1093 2874 1285 2940 Intellectus
1301 2874 1387 2939 enim
1403 2877 1548 2944 nonnisi
1567 2885 1700 2965 cognita

429 2981 581 3060 veritate,
608 2979 761 3044 voluntas
784 2999 863 3045 vero
887 2979 1016 3044 nonnisi
1036 2980 1184 3063 practica
1199 2980 1342 3047 veritate
1357 3000 1416 3046 seu
1434 2981 1639 3054 dictamine
1654 3011 1699 3053 ra·

428 3087 527 3154 tionis
550 3107 610 3172 per
626 3085 830 3153 intellectum
847 3085 907 3150 sibi
924 3086 1092 3170 proposito
1109 3086 1232 3152 directe
1247 3085 1345 3168 ligari
1360 3091 1484 3169 potest.
1512 3090 1571 3158 Ut
1588 3100 1698 3161 autem

427 3192 575 3261 exhibita
604 3192 730 3258 veritas
761 3192 907 3276 practica
931 3195 1136 3258 determinati
1165 3191 1245 3258 iuris
1273 3192 1390 3259 titulus
1413 3198 1553 3262 censeri
1580 3202 1697 3284 possit,

427 3302 504 3368 talis
528 3321 601 3367 esse
625 3300 732 3378 debet,
757 3299 789 3364 in
814 3319 879 3382 qus
902 3304 1072 3381 tamquam
1095 3299 1128 3364 in
1145 3321 1203 3364 suo
1219 3299 1374 3366 rationali
1389 3300 1626 3372 fundamento
1642 3329 1698 3392 per

426 3407 668 3474 ineluctabilem
693 3405 960 3488 consequentiam
984 3405 1110 3472 nitatur
1134 3410 1268 3472 assertio
1291 3409 1384 3488 irae,
1413 3409 1453 3473 de
1477 3430 1545 3493 quo
1574 3418 1692 3497 (πρίων.

427 3515 534 3592 Quare
558 3515 698 3596 oportet,
729 3515 766 3577 ut
790 3511 881 3594 quasi
907 3531 965 3595 per
988 3512 1119 3578 modum
1144 3513 1329 3579 abbreviati
1352 3513 1542 3596 syllogismi
1571 3521 1694 3605 ὀψε-,ν

426 3621 577 3687 veritatis
601 3620 796 3685 elementum
819 3618 1013 3702 implicitum
1036 3618 1168 3695 habeat,
1193 3619 1334 3684 alterum
1356 3624 1515 3706 penerale,
1541 3624 1690 3692 alterum

425 3729 632 3812 particulare,
660 3725 758 3791 immo
781 3725 998 3804 individuale;
1030 3726 1110 3791 illud
1133 3729 1288 3809 generale
1311 3727 1506 3811 principium
1531 3733 1687 3800 rationis.

427 3833 487 3898 hoc
517 3833 586 3898 eius
616 3833 869 3918 applicationem
899 3834 940 3899 ad
969 3854 1081 3899 casum
1109 3833 1343 3918 particularem
1366 3833 1523 3901 exhibeat
1547 3859 1687 3904 nasama
1763 3816 1764 3823 ἵ

427 3943 487 4006 est.
530 3939 583 4006 Sic
606 3961 638 4006 V.
662 3960 693 4022 g.
719 3939 836 4006 titulus
859 3938 938 4004 iuris
962 3938 1177 4022 proprietatis
1199 3939 1234 4003 in
1257 3961 1326 4004 rem
1349 3939 1612 4008 determinatam
1637 3945 1686 4010 his

427 4047 615 4132 praemissis
638 4046 801 4112 ratiocinii
824 4049 971 4112 constat:
998 4045 1113 4111 Omnis
1136 4066 1190 4111 res
1214 4067 1310 4112 asuo
1324 4066 1517 4129 possessore
1531 4048 1685 4130 legitime

426 4154 588 4236 acquisita
611 4155 789 4220 secundum
813 4156 937 4219 rectam
958 4153 1121 4219 rationem
1137 4156 1306 4234 tamquam
1328 4152 1398 4218 eius
1417 4153 1554 4236 propria
1578 4175 1683 4238 agno

425 4262 545 4326 scendo
569 4263 603 4326 et
623 4259 806 4326 reverenda
822 4265 882 4327 est.
911 4259 1014 4341 Atqui
1029 4258 1111 4324 haec
1127 4279 1180 4324 res
1196 4259 1238 4325 ab
1253 4259 1317 4325 isto
1333 4258 1463 4324 homine
1478 4257 1523 4326 N.
1535 4259 1581 4327 N.
1599 4261 1682 4344 legi·

424 4365 513 4444 time,
545 4387 572 4434 e.
606 4389 638 4450 g.
671 4366 848 4451 emptione,
881 4365 1043 4448 acquisita
1072 4368 1133 4431 est.
1164 4366 1378 4447 -Sequens
1404 4364 1480 4431 inde
1510 4367 1680 4432 conclusio

424 4471 589 4556 ipsissima
612 4477 663 4540 eet
687 4473 827 4538 assertio
851 4472 930 4538 iuris
953 4471 1050 4536 huius
1072 4471 1283 4554 particularis
1305 4471 1340 4536 vi
1362 4471 1535 4538 rationalis
1554 4473 1680 4538 ordinis

425 4579 611 4645 necessaria
635 4583 669 4645 et
691 4583 878 4662 praecepta.

513 4685 575 4749 Est
597 4684 698 4766 igitur
721 4683 801 4749 iuris
824 4683 940 4750 titulus
960 4683 1054 4767 quasi
1069 4683 1323 4749 instrumentum
1338 4682 1521 4767 spirituale,
1544 4705 1612 4765 quo
1626 4684 1676 4749 im

424 4791 555 4874 aliquod
578 4792 778 4875 particulare
802 4789 968 4874 cumipse
993 4789 1172 4856 universali
1197 4789 1309 4855 ordine
1328 4789 1494 4869 rationali,
1518 4789 1675 4855 divinitus

424 4898 551 4963 sancito
575 4901 609 4963 et
632 4898 758 4964 cunctis
781 4897 981 4976 reverendo,
1005 4897 1172 4962 individue
1195 4916 1356 4962 conexum
1382 4916 1456 4962 esse
1479 4895 1670 4972 ostenditur,

424 5010 459 5071 et
489 5025 551 5086 quo
582 5003 652 5069 solo
676 5025 769 5068 suum
794 5004 950 5070 moralem
974 5003 1134 5067 influxum
1157 5001 1191 5066 in
1214 5001 1295 5066 iuris
1317 5001 1495 5068 terminum
1517 5021 1670 5068 exercere
