3909 5842
411 670 479 707 xum
945 653 1124 708 Prooemium.

410 834 567 899 inhonesti
589 829 713 912 (mali),
745 830 778 895 in
810 834 909 897 altero
931 835 1032 915 prout
1054 835 1132 897 sunt
1159 830 1321 897 obiective
1351 833 1428 896 insti
1453 830 1517 895 vel
1546 830 1686 908 ι’φιὶιιειί,Ι

408 938 490 1004 illud
514 939 625 1020 ethica,
649 936 711 1003 hoc
728 958 807 1003 vero
824 940 876 1003 ins
891 940 1042 1003 naturale
1057 940 1199 1003 strictius
1222 944 1382 1022 acceptum
1401 940 1594 1017 tamquam
1613 954 1686 1017 pro·

409 1044 514 1129 prium
547 1043 609 1109 sibi
639 1043 797 1127 deposcit.
842 1043 954 1126 Atque
985 1044 1047 1110 hoc
1078 1044 1148 1110 fere
1178 1045 1274 1111 modo
1298 1064 1418 1109 revera
1440 1044 1474 1109 in
1503 1041 1689 1128 plerisque

409 1150 625 1234 compendiis,
656 1153 803 1215 ceterum
832 1150 958 1216 tradita
988 1151 1258 1218 scholasticorum
1289 1151 1432 1235 vestigia
1463 1149 1689 1223 tenentibus,

408 1279 450 1323 ne
473 1257 600 1323 scilicet
622 1277 643 1321 a
665 1261 801 1340 recepto
824 1256 857 1321 in
880 1257 1002 1322 scholis
1026 1279 1087 1322 usu
1111 1258 1324 1337 dissiderent,
1356 1258 1548 1323 universae
1576 1254 1689 1339 philo-

409 1364 544 1449 sophiae
574 1363 741 1447 practicae
774 1364 987 1447 partitionem
1017 1364 1050 1429 in
1085 1368 1218 1431 ethicam
1249 1370 1283 1432 et
1315 1368 1366 1431 ins
1397 1374 1551 1431 naturae
1588 1382 1689 1428 usur·

409 1475 521 1554 patam
545 1470 703 1535 videmus.

498 1576 621 1641 Verum
644 1596 739 1640 nemo
763 1597 828 1641 non
845 1575 945 1655 videt,
971 1598 1069 1659 quam
1085 1598 1201 1661 parum
1224 1578 1382 1643 eiusmodi
1400 1577 1548 1660 partitio
1568 1577 1689 1661 topica

408 1683 647 1749 condicionibus
662 1686 766 1749 iustae
777 1685 967 1769 partitionis
983 1682 1180 1762 satisfaciat,
1203 1682 1294 1749 cuius
1309 1682 1448 1767 primum
1466 1682 1688 1765 requisitum

408 1793 469 1867 est,
494 1793 531 1855 ut
552 1794 666 1873 partes
688 1810 755 1854 non
777 1791 884 1855 solum
907 1790 1048 1855 nominis
1072 1790 1277 1867 diversitate,
1301 1790 1360 1855 sed
1385 1812 1418 1855 rc
1436 1798 1463 1855 ct
1480 1790 1688 1875 arqumenti

405 1900 600 1984 proprietate
628 1895 717 1961 inter
739 1917 775 1961 se
799 1896 925 1962 divisae
954 1897 1022 1962 sint
1045 1900 1080 1963 et
1108 1896 1252 1981 ipsarum
1277 1916 1387 1961 rerum
1410 1896 1686 1963 tractandarum

409 2002 566 2068 limitibus
606 2002 797 2068 disiunctae.
851 2003 971 2068 Ethica
1008 2024 1088 2068 vero
1126 2008 1161 2069 et
1196 2003 1247 2067 ius
1284 2003 1451 2079 naturale,
1489 2002 1582 2068 licet
1621 2001 1686 2065 sub

408 2108 554 2192 generali
589 2108 717 2174 unitate
751 2107 977 2192 philosophiae
1013 2108 1178 2192 practicae
1214 2106 1556 2191 comprehendantur,
1603 2126 1682 2171 eam

408 2219 521 2282 tamen
543 2215 672 2282 ratione
701 2216 861 2281 materiae
891 2236 957 2280 non
981 2215 1185 2281 constituunt
1211 2220 1379 2297 tamquam
1400 2222 1512 2300 portes
1536 2214 1683 2281 coordi-

409 2330 522 2402 nctcc,
552 2322 610 2387 scd
633 2322 740 2387 altera
763 2320 860 2387 alteri
884 2325 921 2386 ut
943 2322 1071 2405 species
1094 2320 1208 2404 generi
1231 2320 1336 2401 logice
1360 2323 1412 2385 est
1435 2319 1678 2395 subordinate,

410 2450 473 2511 quo
496 2430 545 2505 fit,
569 2431 606 2493 ut
629 2427 737 2494 altera
759 2428 899 2493 alteram
922 2431 961 2493 ut
984 2428 1034 2493 sui
1058 2428 1333 2511 complementum
1357 2426 1514 2509 requirat.
1548 2425 1679 2492 Enim-

410 2556 488 2600 vero
512 2539 571 2599 aut
594 2533 773 2617 disputatio
797 2533 838 2599 de
860 2533 1017 2599 universa
1039 2533 1214 2601 honestate
1237 2554 1296 2598 seu
1318 2532 1435 2597 morali
1452 2531 1675 2605 rectitudine,

410 2644 444 2708 in
468 2663 533 2725 qua
557 2644 658 2708 ethico
673 2646 836 2719 versatur,
860 2662 978 2707 manca
994 2640 1038 2706 sit
1054 2644 1186 2726 oportet
1202 2642 1236 2706 et
1251 2640 1459 2723 incompleta,
1484 2644 1544 2705 aut
1562 2638 1677 2705 etiam

409 2754 514 2815 totam
545 2748 707 2814 rationem
735 2748 881 2813 iustitiae
911 2750 981 2813 tam
1011 2746 1212 2813 subiectivae
1242 2768 1339 2829 quam
1364 2746 1548 2812 obiectivae
1574 2766 1673 2811 com-

410 2855 614 2939 prehendere
638 2854 745 2931 debet,
768 2856 884 2937 utpote
908 2874 993 2935 quae
1014 2863 1140 2939 portem
1163 2856 1329 2939 specialem
1345 2856 1514 2918 univorsos
1531 2855 1673 2918 rectita-

411 2963 498 3027 dinis
527 2961 743 3026 humanarum
773 2960 938 3026 actionum
970 2960 1123 3029 exhibet:
1157 2963 1241 3025 toris
1274 2962 1383 3025 autem
1415 2962 1602 3037 tractatus,
1640 2956 1671 3021 si

409 3068 540 3151 penitus
564 3068 605 3133 ab
629 3066 737 3134 ethica
761 3066 964 3145 distrahitur,
988 3065 1087 3131 immo
1111 3066 1138 3132 si
1162 3088 1227 3131 nen
1249 3065 1372 3149 iugiter
1395 3064 1491 3130 simul
1516 3065 1669 3130 ethicam

409 3173 552 3239 indolem
568 3175 751 3257 profitetur,
776 3173 956 3239 averitate
977 3172 1058 3237 iuris
1081 3172 1260 3249 christiani,
1282 3170 1368 3253 quod
1383 3170 1418 3235 in
1438 3170 1547 3236 ethica
1563 3190 1665 3235 suum

409 3278 657 3344 fundamentum
681 3282 717 3344 et
738 3299 926 3344 mensuram
949 3278 1059 3357 habet,
1085 3278 1233 3343 discedat
1257 3280 1291 3343 et
1314 3276 1356 3342 ad
1372 3276 1563 3341 modernum
1580 3274 1666 3341 iuris

408 3384 664 3451 mechanismum
688 3383 845 3450 deflectat
868 3404 1001 3449 necesse
1025 3386 1085 3449 est.

496 3492 620 3568 Quare,
650 3512 692 3555 ne
715 3490 873 3557 scientiae
897 3490 1070 3568 methodus
1093 3490 1142 3555 rei
1165 3493 1199 3555 et
1222 3488 1358 3555 veritati
1381 3488 1572 3564 dissentiat,
1606 3510 1662 3555 cu-

406 3598 543 3663 randum
577 3601 646 3673 est,
676 3601 714 3662 ut
745 3618 788 3661 ex
809 3597 883 3680 ipsa
906 3596 1119 3680 dispositione
1150 3599 1185 3662 et
1208 3596 1386 3679 partitione
1416 3599 1578 3679 appareat
1608 3596 1662 3661 ius

407 3705 567 3779 naturale,
592 3724 650 3768 seu
674 3702 933 3786 philosophicam
955 3703 1036 3768 iuris
1059 3702 1242 3781 scientiam,
1267 3724 1373 3785 neque
1397 3707 1434 3769 ut
1453 3702 1661 3787 disciplinam

406 3831 465 3892 per
488 3831 524 3873 se
546 3809 689 3874 alienam
713 3810 754 3874 ab
778 3808 888 3874 ethica
906 3810 1064 3893 separari,
1089 3830 1195 3892 neque
1219 3809 1319 3875 etiam
1342 3814 1380 3875 ut
1401 3812 1530 3893 partem
1551 3810 1661 3893 philo-

406 3917 539 4000 sophiae
568 3917 734 3999 practicae
762 3916 869 3998 logice
899 3916 947 3981 illi
976 3918 1179 3995 coordinari,
1210 3917 1268 3981 sed
1299 3916 1409 4000 potius
1439 3920 1474 3983 irc
1507 3920 1659 3984 univorsa

407 4026 508 4089 ethico
537 4028 707 4103 tamquam
735 4030 861 4107 prrrtem
891 4027 959 4089 eiua
989 4024 1155 4107 specialem
1186 4023 1365 4101 contineri,
1397 4044 1481 4106 quae
1504 4026 1658 4108 propter·

406 4152 446 4196 ea
478 4129 595 4196 merito
628 4130 691 4195 dici
723 4130 828 4213 possit
858 4131 958 4195 ethico
989 4132 1133 4213 socialis,
1166 4130 1220 4195 vel
1254 4130 1354 4195 etiam
1385 4134 1437 4196 inc
1466 4136 1596 4215 semote,
1628 4132 1658 4196 si

405 4258 522 4319 nempe
550 4236 713 4319 placuerit
741 4235 930 4300 universam
961 4234 1103 4300 ethicam
1136 4256 1208 4300 cum
1234 4236 1402 4302 veteribus
1432 4236 1483 4301 ius
1517 4240 1656 4301 naturae

405 4341 574 4427 appellari.

485 4531 512 4602 2.
536 4530 696 4611 Quaenam
718 4529 834 4602 divim
857 4529 957 4621 vulgo
978 4530 1133 4621 receptae
1157 4530 1389 4603 substituente
1410 4530 1573 4603 nicatur.

449 4667 455 4679 ‘
493 4657 600 4739 Supra
623 4656 719 4721 dictis
749 4654 1064 4720 considerationibus
1095 4654 1212 4721 ductus
1240 4654 1304 4721 iam
1333 4655 1537 4740 Toparcltius
1566 4654 1654 4721 haud

404 4763 568 4829 immerito
592 4763 763 4845 vulgarem
785 4762 876 4828 illam
899 4760 995 4826 huius
1019 4760 1211 4845 discipliuae
1241 4760 1451 4844 partitionem
1474 4761 1573 4844 plane
1596 4761 1653 4827 de-

404 4890 515 4936 serere
538 4868 633 4951 eique
656 4868 753 4933 aliam
777 4890 798 4933 a
820 4866 1171 4952 pseudophilosophiae
1195 4866 1359 4932 erroribus
1382 4866 1488 4948 magis
1511 4866 1653 4934 alienam

404 4976 586 5059 subrogare
609 4973 737 5040 statuit.
769 4970 878 5048 Quare
901 4975 936 5037 et
958 4973 1039 5037 iuris
1062 4975 1203 5037 naturae
1227 4992 1343 5037 nomen
1368 4992 1388 5037 a
1411 4971 1569 5037 moderna
1592 4994 1652 5038 sua
1781 5016 1782 5020 =
