3909 5842
1733 475 1736 573 s

450 636 491 699 38
725 632 814 688 Sectio
834 635 853 689 l.
890 634 971 689 Liber
989 635 1010 688 Ι,
1048 636 1136 705 Caput
1155 636 1188 689 ll.
1229 635 1369 691 Atticulae
1388 637 1413 689 2.
1735 573 1740 714 i

448 808 686 893 complemento
710 811 872 877 frustrari.
912 812 1058 877 atvero
1083 812 1295 879 adversatur:
1320 815 1354 895 a)
1379 814 1517 879 diuinae
1540 816 1681 879 errarint

451 923 478 980 et
506 916 671 999 fidelitati,
703 916 825 982 invicto
856 917 989 983 stimulo
1020 920 1054 985 et
1084 916 1209 983 diserta
1239 918 1333 999 quasi
1362 919 1599 1002 promissione,
1627 919 1683 1001 ipsa

449 1028 589 1096 naturae
603 1023 777 1091 rationalis
799 1023 962 1090 locutione
978 1044 1146 1107 expressa,
1171 1023 1332 1091 hominem
1356 1025 1494 1091 allicere
1520 1024 1562 1091 ad
1585 1024 1684 1089 falsum

450 1132 484 1195 et
514 1130 556 1195 ad
586 1151 705 1197 vanarn
729 1131 1010 1215 exspectationem
1042 1130 1216 1209 bonorum,
1249 1152 1332 1214 quae
1356 1130 1386 1197 ei
1409 1132 1589 1214 obtingere
1610 1154 1685 1197 uun·

450 1256 548 1317 quam
578 1237 736 1315 debeant;
767 1237 964 1303 adversatur
994 1235 1028 1319 b)
1052 1239 1181 1305 diuinae
1209 1238 1352 1318 bonitati,
1383 1237 1555 1303 hominem
1586 1258 1640 1320 per
1663 1238 1687 1301 id

448 1341 564 1425 ipsum,
589 1363 648 1427 per
671 1343 758 1426 quod
780 1364 879 1427 super
902 1344 1000 1409 bruta
1024 1343 1179 1410 animalia
1195 1344 1337 1420 excellit,
1362 1344 1505 1411 reddere
1521 1343 1591 1409 illis
1609 1344 1688 1424 longa

449 1448 660 1528 miseriorem,
685 1471 832 1531 eumque,
857 1450 1079 1533 amplissimae
1102 1470 1180 1517 suae
1204 1450 1364 1517 naturalis
1387 1450 1608 1535 expansionis
1629 1471 1689 1515 con-

450 1554 562 1633 scium,
585 1556 765 1623 invincibili
787 1557 876 1623 fame
899 1562 934 1623 et
957 1557 1013 1623 siti
1037 1558 1184 1623 cruciare
1207 1577 1382 1639 numquam
1407 1556 1621 1625 exsatianda.

539 1663 625 1749 Eryo
648 1664 744 1730 homo
774 1684 796 1729 a
819 1668 967 1729 creatore
991 1664 1033 1731 ad
1057 1664 1205 1729 ultimam
1234 1668 1373 1731 naturae
1396 1664 1639 1748 perfectionem
1664 1666 1689 1725 at

450 1768 580 1849 quidem
607 1769 640 1835 in
668 1769 750 1835 reali
777 1769 980 1837 beatitudine
1008 1771 1245 1852 assequendam
1275 1770 1432 1837 destinari
1456 1770 1621 1835 dicendus
1641 1774 1690 1833 est.

450 1906 500 1976 55.
588 1906 760 1979 Scholion.
801 1918 993 1995 Philosophia
1022 1920 1187 1977 attribuens
1214 1918 1325 1977 homini
1345 1918 1433 1977 finem
1455 1916 1644 1988 naturalem,
1669 1915 1689 1972 in

450 2012 579 2071 naturali
600 2014 783 2089 beatitudine
804 2016 911 2088 situm,
930 2036 991 2075 non
1011 2016 1077 2075 ideo
1100 2016 1303 2075 contradicere
1323 2016 1493 2092 theologiae
1516 2016 1691 2074 christianae

450 2112 585 2185 putanda
606 2117 667 2182 est,
696 2132 771 2189 quae
791 2114 855 2172 Deo
883 2115 1037 2173 revelante
1066 2114 1153 2171 docet
1180 2114 1326 2172 hominem
1356 2114 1394 2171 ad
1414 2114 1503 2171 finem
1527 2120 1691 2190 supernatu-

450 2208 542 2267 ralem
570 2208 727 2280 destinari,
754 2210 892 2270 nimirum
920 2211 959 2271 ad
982 2210 1196 2271 beatitudinem
1217 2210 1296 2271 omui
1317 2209 1461 2270 felicitate
1482 2211 1620 2271 naturali
1640 2228 1691 2286 par·

450 2306 603 2365 tectiorem
634 2314 664 2369 et
694 2328 770 2385 quae
799 2328 914 2369 ornnem
943 2314 1070 2369 naturae
1099 2308 1320 2385 proportionem
1351 2308 1485 2369 excedat.
1537 2310 1691 2383 Utrumque

451 2404 527 2462 enirn
549 2405 704 2464 verissime
725 2405 843 2475 dicitur,
864 2406 990 2466 alterurn
1012 2426 1066 2483 pro
1087 2406 1189 2465 ordine
1210 2408 1351 2482 naturali,
1372 2406 1497 2465 alterum
1520 2426 1579 2483 pro
1602 2406 1691 2465 ordino

450 2506 687 2582 supernaturali,
715 2506 751 2563 ad
780 2524 864 2581 quern
893 2524 946 2583 per
974 2505 1082 2564 donum
1110 2506 1226 2579 gratiae
1253 2509 1349 2563 totum
1370 2524 1464 2579 genus
1485 2505 1648 2563 humanum
1666 2503 1689 2561 in

450 2600 546 2673 primo
569 2619 622 2658 suo
644 2606 768 2677 parente
790 2602 939 2660 elevatum
961 2620 1028 2659 sese
1050 2601 1206 2661 credimus.
1234 2601 1346 2679 Nempe
1362 2600 1610 2678 quemadmodum
1631 2600 1690 2659 ordo

341 2754 347 2763 ,
451 2694 568 2769 gratias
589 2697 722 2757 ordinem
744 2705 870 2759 naturae
891 2718 950 2757 non
971 2698 1060 2771 tollit,
1083 2699 1136 2758 sed
1157 2699 1297 2777 supponit
1319 2704 1349 2758 et
1370 2700 1469 2758 elevat
1490 2701 1581 2777 eique
1602 2716 1690 2775 super·

453 2793 587 2864 struitur,
608 2796 652 2854 ita
674 2801 704 2854 et
724 2796 792 2855 finis
813 2796 1051 2873 supernaturalis
1072 2797 1238 2855 naturalem
1259 2816 1319 2855 non
1341 2796 1447 2867 aufert,
1470 2796 1524 2855 sed
1546 2814 1638 2871 supra
1650 2810 1691 2850 na·

452 2895 537 2952 turae
565 2893 745 2968 exigentiam
773 2894 899 2971 perlicit.
939 2894 1045 2970 Itaque
1073 2894 1141 2955 fidei
1170 2896 1345 2987 dpcumonto
1380 2900 1491 2952 certum
1514 2895 1633 2970 quidem
1653 2894 1690 2948 est

452 2989 599 3048 hominem
619 3010 674 3068 per
693 2990 817 3051 liberam
838 2998 927 3067 atque
949 2993 1109 3068 gratuitam
1132 2992 1251 3053 divinae
1273 2991 1414 3053 bonitatis
1436 2990 1640 3051 oeconomiam
1655 3006 1690 3045 re

451 3105 524 3145 vera
545 3086 582 3145 ad
596 3088 684 3147 finem
698 3090 842 3149 destinari
856 3110 915 3149 non
929 3112 1006 3151 mere
1029 3090 1195 3151 naturalem
1217 3090 1269 3149 sed
1284 3090 1552 3166 supernaturalem,
1575 3096 1689 3147 natiuae

451 3184 592 3245 videlicet
620 3187 756 3247 elevatae
776 3188 1048 3265 proportionatum,
1076 3207 1112 3246 ac
1140 3187 1263 3264 proinde
1284 3186 1402 3246 nonnisi
1423 3184 1690 3263 supernaturalibus

452 3283 568 3357 gratiae
595 3284 716 3344 auxiliis
744 3284 944 3344 obtinendum.
987 3281 1097 3343 Verum
1125 3284 1193 3343 finis
1221 3284 1368 3343 naturalia
1394 3289 1552 3361 propterea
1576 3302 1630 3344 sua
1649 3282 1688 3338 ob·

452 3380 562 3441 iectiva
589 3382 727 3442 realitate
755 3402 941 3459 nequaquam
969 3381 1130 3459 spoliatur,
1162 3381 1214 3441 sed
1241 3382 1272 3440 in
1300 3380 1366 3459 ipso
1389 3382 1448 3441 fine
1469 3374 1689 3459 supernaturali,

453 3479 546 3538 veluti
566 3480 664 3548 minus
684 3481 848 3556 perfectum
869 3482 900 3540 in
921 3482 1064 3557 perfecto,
1086 3480 1250 3538 eminenter
1271 3479 1415 3539 subsistit.
1444 3478 1525 3537 Idem
1547 3480 1688 3539 affirmans

453 3577 598 3654 Suorez¹,
623 3584 753 3649 ,certum
775 3581 852 3650 est“,
880 3578 991 3654 inquit,
1018 3579 1064 3651 ,in
1086 3578 1306 3655 supernaturali
1327 3576 1509 3636 beatitudine
1530 3577 1688 3636 habiturum

453 3674 599 3733 hominem
620 3695 735 3734 ornnem
756 3675 970 3752 perfectionem
992 3674 1049 3734 sibi
1078 3675 1306 3733 conaturalem.“
1338 3706 1378 3715 -
1407 3674 1596 3747 Omittimua,
1623 3666 1688 3748 quod

452 3779 610 3848 praeterea
630 3775 765 3834 nonnulli
785 3775 998 3834 existimarunt
1019 3774 1049 3832 in
1070 3772 1222 3850 praesenti
1239 3790 1353 3847 quoque
1377 3772 1584 3849 providentiae
1599 3767 1689 3829 ordine

454 3872 587 3931 homines
614 3892 675 3931 non
701 3872 871 3949 baptizatos
898 3873 929 3933 in
957 3871 1085 3931 infantia
1114 3871 1292 3930 decedentes
1321 3876 1352 3928 et
1378 3872 1416 3929 ob
1440 3870 1535 3929 solum
1557 3862 1688 3943 originale

454 3975 609 4046 paccatum
630 3970 851 4047 supernaturali
872 3970 1057 4029 beatitudine
1078 3969 1240 4046 privandos
1261 3968 1392 4029 naturali
1415 3972 1515 4029 umen
1536 3966 1590 4025 illa
1610 3958 1688 4023 lelici·

454 4072 517 4126 tate
544 4087 604 4126 non
625 4067 788 4138 carituros;
817 4085 1010 4143 quamquam,
1039 4066 1143 4125 habita
1163 4065 1280 4125 ratione
1301 4064 1381 4123 illius
1402 4064 1598 4141 privationis,
1624 4059 1686 4119 eiua·

454 4164 532 4223 modi
554 4183 620 4223 sors
641 4184 700 4223 non
721 4163 781 4222 iam
801 4182 872 4222 vere
893 4163 1033 4233 felicitas,
1056 4163 1108 4221 sed
1129 4162 1229 4240 potius
1250 4161 1370 4223 miseria
1392 4158 1517 4219 dicenda
1538 4160 1643 4218 assati

749 4344 899 4417 Notanda
922 4344 963 4417 ad
986 4344 1160 4417 solvendas
1184 4342 1406 4415 difficultates.

455 4486 504 4557 56.
595 4488 620 4553 Ι.
646 4486 705 4552 Vis
729 4486 931 4569 argumenti,
956 4506 1019 4569 quo
1044 4484 1186 4551 secundo
1209 4482 1280 4548 loeo
1304 4482 1346 4547 ad
1368 4482 1571 4564 probandam
1594 4475 1685 4548 thesin

454 4595 506 4660 usi
528 4616 650 4671 snmus,
674 4594 721 4659 nil
743 4592 840 4677 plane
865 4591 1022 4673 tangitur,
1047 4590 1075 4655 si
1098 4590 1170 4672 quis
1193 4589 1279 4655 forte
1299 4588 1435 4653 obiciat:
1460 4588 1559 4653 bruta
1575 4600 1686 4697 quoque

454 4700 609 4766 animalia
631 4698 775 4783 naturali
799 4698 947 4782 appetitu
971 4698 1004 4761 in
1023 4698 1142 4762 bonum
1159 4701 1298 4763 naturae
1313 4694 1597 4779 proportionatum
1613 4694 1684 4761 lem

455 4874 767 4884 m———--·-—

549 4981 555 5010 ¹
574 4976 615 5030 De
634 4976 687 5029 fine
706 4974 778 5029 bom.
797 4974 867 5044 disp.
885 4976 911 5038 4,
930 4980 997 5028 sect.
1018 4975 1042 5034 3,
1061 4976 1086 5028 4.
1196 4972 1206 5005 ¹
1226 4971 1268 5025 cf.
1287 4972 1322 5025 ib.
