3909 5842
465 690 506 745 De
524 691 680 747 moralitate
698 692 727 746 in
746 706 854 761 genere
872 719 908 732 -·
926 690 967 747 De
986 694 1086 747 natura
1105 690 1277 747 moralitatis.
1466 698 1525 760 111

274 870 457 935 odionitoe
479 872 655 937 intrisecus
679 877 707 936 el
729 873 884 953 naturali,
905 890 950 935 an
973 890 1053 935 vero
1077 870 1182 935 sulum
1206 874 1381 937 extrinseca
1405 873 1528 937 mnem-

276 974 414 1059 dentuli,
433 978 524 1059 puta,
541 976 583 1041 ah
598 974 709 1058 aliquo
723 974 814 1041 facto
830 975 1005 1042 arbitrario
1021 980 1080 1041 aut
1094 975 1260 1054 historico,
1277 975 1348 1042 sine
1363 976 1528 1042 hominum

272 1079 349 1145 sive
373 1079 446 1155 Dei,
469 1079 632 1149 derivata

370 1188 401 1254 2.
426 1187 481 1265 ut,
503 1187 663 1271 siquidem
686 1188 873 1254 affirmatur
896 1188 1092 1254 discriminis
1110 1188 1197 1255 ratio
1213 1188 1400 1267 intrinseca,
1427 1192 1530 1277 qualis

275 1294 336 1357 illo
360 1296 413 1375 eit,
437 1297 473 1359 et
494 1292 528 1358 iu
550 1313 617 1375 qua
638 1313 676 1359 re
698 1293 828 1359 demum
852 1294 928 1360 sita.

321 1486 340 1569 ἕ
366 1490 397 1556 2.
443 1489 692 1556 Essentiale
715 1490 942 1557 discrimen
965 1491 1082 1557 inter
1104 1490 1252 1557 bonum
1276 1496 1319 1559 et
1341 1493 1491 1560 malum

705 1596 863 1661 morale
885 1596 1110 1664 asseritur.

274 1716 347 1788 142.
438 1718 500 1796 Qui
514 1718 700 1797 discrimen,
723 1720 810 1802 quod
826 1720 991 1786 communi
1005 1720 1171 1787 hominum
1187 1720 1429 1806 appretiatione
1444 1724 1530 1791 inter

274 1824 430 1891 actiones
459 1820 617 1891 honestae
648 1829 683 1892 et
716 1825 907 1892 inhonestas
938 1826 1123 1905 intercedit,
1157 1828 1318 1894 obiective
1350 1829 1383 1894 in
1416 1850 1528 1895 earum

275 1939 404 1995 natm
424 1929 558 1996 fundari
578 1935 714 2013 negant,
736 1931 834 1997 iidem
856 1935 970 1997 tamen
993 1933 1063 1999 eius
1078 1932 1221 2015 aliquam
1238 1953 1381 2015 causam,
1404 1934 1460 2001 sed
1478 1958 1528 2002 cc-

274 2044 406 2102 terncm
429 2040 463 2103 et
479 2039 662 2122 positivam,
686 2040 835 2104 statuere
856 2038 974 2117 solent,
999 2060 1058 2123 per
1081 2060 1179 2122 quam
1195 2044 1350 2107 constans
1365 2041 1528 2109 hominum

274 2142 432 2208 iudicium
449 2143 511 2209 hac
525 2142 559 2207 in
574 2164 611 2208 re
626 2147 696 2210 tam
711 2144 923 2210 manifestum
939 2144 1048 2227 aliquo
1064 2144 1160 2210 modo
1177 2142 1343 2227 explicare
1358 2150 1528 2216 conantur.

274 2250 360 2315 Ideo
388 2250 503 2315 horum
533 2248 684 2315 doctriua
711 2250 873 2315 communi
903 2250 1035 2316 nomine
1054 2253 1244 2337 poedioismi
1268 2254 1417 2317 morclie¹
1442 2273 1529 2319 com·

274 2356 503 2439 prehenditur.

371 2463 475 2529 Sensu
499 2462 609 2545 aliquo
632 2462 793 2529 latissimo
818 2484 857 2528 ac
880 2463 988 2529 minus
1010 2463 1143 2547 proprio
1166 2463 1229 2529 huc
1252 2464 1401 2531 revocari
1420 2468 1531 2549 potest

275 2590 409 2634 morum
437 2568 643 2655 philosophia
672 2590 795 2649 eorum,
827 2570 882 2653 qui
909 2570 1033 2637 directe
1057 2591 1203 2637 crassum
1226 2592 1282 2637 seu
1307 2572 1529 2659 mechanicum

274 2675 550 2742 materialismum
573 2678 778 2761 profitentur.
825 2676 977 2760 Namque
1000 2676 1066 2753 isti,
1091 2678 1361 2760 quemadmodum
1386 2680 1527 2745 omnium

276 2783 509 2868 operationum
532 2784 815 2863 intellectualium,
845 2786 894 2851 ita
916 2789 951 2851 et
973 2785 1121 2850 idearum
1145 2806 1184 2851 ac
1205 2786 1398 2853 iudiciorum
1419 2806 1528 2851 mora·

275 2890 358 2955 lium
389 2890 513 2956 nullam
544 2891 642 2956 aliam
672 2912 805 2957 causam
836 2895 1022 2973 agnoscunt
1051 2890 1113 2957 nisi
1142 2892 1357 2970 materialem,
1387 2894 1468 2975 puta
1494 2891 1527 2959 in

274 2996 425 3081 physicis
450 2996 503 3061 vel
519 2995 664 3063 chimicis
680 2998 806 3064 cerebri
821 2987 1116 3065 modificationibus
1132 2999 1229 3065 sitam
1238 3000 1260 3065 2.
1292 2998 1528 3064 Verumtamen

274 3101 322 3179 hi,
354 3104 393 3167 ut
420 3106 525 3187 patet,
555 3124 621 3169 non
650 3108 720 3171 tam
750 3104 961 3170 intrinsecam
993 3105 1154 3171 rationem
1177 3103 1311 3170 moralis
1334 3104 1528 3169 discriminis

275 3208 447 3275 actionum
469 3212 603 3293 negant,
627 3206 725 3292 quam
750 3230 845 3276 omne
867 3231 1002 3294 prorsus
1026 3210 1272 3277 fundamentum
1289 3209 1487 3275 moralitatis
1510 3230 1528 3275 e

275 3314 387 3379 medio
410 3315 542 3381 tollunt.

275 3454 346 3527 143.
437 3456 555 3539 Itaque
584 3455 635 3521 his
663 3457 905 3541 praetermissis
922 3459 1114 3542 positivismi
1137 3458 1268 3522 moralis
1291 3464 1462 3523 memores
1485 3458 1528 3522 ad

275 3564 440 3648 duplicem
463 3562 535 3629 fere
557 3564 697 3629 clsseem
720 3564 937 3630 reducuntur:

368 3670 483 3735 Prima
506 3672 618 3734 ducem
640 3688 753 3734 eorum
776 3672 839 3745 est,
864 3669 920 3751 qui
943 3668 1105 3735 rationem
1126 3669 1259 3734 moralis
1276 3668 1470 3735 discriminis
1486 3670 1525 3735 ct

276 3780 348 3862 ipso
379 3778 505 3841 homine
527 3778 634 3840 ortam
658 3778 717 3840 aut
739 3775 857 3840 saltem
880 3796 901 3840 a
925 3794 1026 3840 causa
1048 3774 1190 3839 humana
1213 3774 1461 3858 dependentem,
1491 3779 1526 3841 et

372 3972 381 4003 ¹
399 3967 592 4022 Positivismus
617 3965 743 4031 moralis,
769 3982 849 4035 quem
874 3966 920 4021 hic
937 3966 1137 4034 intellegimus.
1163 3983 1327 4036 quamquam
1346 3984 1376 4020 re
1394 3970 1527 4035 cognatus

276 4064 321 4115 est
346 4054 551 4129 philosophiae,
577 4071 647 4123 quae
672 4054 788 4108 fundata
812 4054 846 4109 sb
865 4056 897 4107 Α.
918 4053 1013 4109 Comta
1032 4055 1116 4122 vulgo
1139 4054 1332 4125 ,positiviami‘
1359 4055 1466 4109 nomine
1488 4057 1525 4110 in·

276 4147 407 4215 signitur,
426 4161 488 4198 cnm
506 4161 539 4197 ea
556 4146 648 4197 tamen
668 4142 872 4197 confundendus
891 4158 945 4196 non
964 4147 1015 4197 est.

370 4235 381 4268 ¹
400 4232 549 4287 Notissima
574 4236 639 4285 sunt
664 4231 782 4285 absurda
803 4230 899 4295 effata,
925 4230 1024 4301 quihus
1043 4231 1070 4285 in
1090 4231 1236 4285 Germania
1255 4246 1422 4285 communem
1442 4230 1525 4284 homi·

274 4342 344 4379 num
363 4338 475 4377 sensum
492 4319 629 4375 offendere
653 4321 714 4374 ausi
730 4322 798 4374 sunt
814 4321 985 4388 Ferendum,
1010 4322 1152 4389 Bdchner,
1178 4320 1345 4383 Molmchctt,
1365 4320 1444 4386 Vout,
1470 4318 1524 4372 alii.

275 4415 382 4482 Eisone
399 4410 480 4481 plane
498 4410 580 4478 digne
597 4412 671 4474 sunt,
690 4426 761 4477 quse
779 4414 807 4463 et
825 4408 890 4464 alibi
908 4409 1010 4479 passim
1030 4408 1174 4463 modernus
1193 4408 1404 4463 materialismus
1426 4407 1526 4473 ,soien-

275 4504 350 4557 tiae⁸
378 4500 486 4555 nomine
504 4498 660 4553 venumdat
698 4498 741 4553 Ex
765 4498 861 4553 multis
885 4498 955 4552 haec
978 4498 1073 4569 accipe
1098 4496 1238 4568 exemplar
1268 4497 1343 4565 ‚Une
1361 4496 1420 4550 idee
1439 4499 1482 4549 est
1499 4496 1525 4551 le

275 4590 389 4662 produit
414 4588 492 4641 d’une
517 4588 701 4642 combinnisou
726 4586 860 4655 analogue
884 4590 901 4640 a
927 4586 995 4641 celle
1020 4586 1053 4639 de
1079 4586 1174 4640 l’scide
1199 4586 1349 4655 formique;
1374 4584 1402 4638 ln
1426 4588 1525 4655 penses

275 4678 385 4751 depend
411 4676 447 4732 du
471 4674 624 4747 phosphore
643 4677 775 4729 oontenue
794 4674 862 4729 dans
879 4674 908 4728 la
926 4674 1073 4728 substance
1092 4672 1243 4737 cerebra103
1270 4673 1297 4728 la
1314 4676 1410 4738 ventu,
1436 4674 1462 4727 le
1481 4672 1526 4728 16-

275 4770 426 4823 vouenrent
451 4768 480 4820 et
503 4764 529 4818 le
555 4780 673 4831 conrege
698 4767 762 4817 sont
786 4765 834 4818 des
859 4766 989 4818 consents
1015 4762 1191 4817 d’electricitd
1210 4762 1373 4831 organiques
1387 4804 1393 4816 .
1408 4803 1434 4817 ..
1454 4764 1521 4817 etc.u

278 4858 336 4920 (na
354 4872 434 4909 renue
450 4854 577 4907 medicale
601 4852 638 4906 du
658 4853 690 4905 15
708 4850 779 4906 fcvr.
800 4850 890 4919 laco).
914 4880 950 4890 -
977 4852 1029 4918 ,le
1048 4852 1109 4905 vice
1128 4854 1157 4905 et
1173 4850 1201 4905 la
1219 4856 1299 4905 ventu
1318 4854 1381 4905 sont
1399 4850 1447 4903 des
1466 4868 1524 4921 pro-

277 4946 352 5000 duits
371 4960 475 4998 comme
492 4941 519 4996 le
536 4958 617 4996 sucre
634 4945 662 4995 et
680 4940 707 4995 le
725 4940 831 4994 vitriol“
855 4942 964 5011 (Taine,
984 4940 1104 4994 Histoire
1121 4937 1156 4993 de
1174 4938 1202 4993 la
1220 4938 1374 4993 litterature
1392 4938 1523 5007 anglaise.

277 5032 381 5088 lutrod.
401 5031 457 5097 15).
