3909 5842
382 646 443 710 184
606 642 694 698 Sestio
714 642 733 696 I.
771 642 851 697 Liber
869 643 904 697 ΙΙ.
941 641 1031 714 Οαριι1
1048 643 1083 699 11.
1119 642 1259 698 Articulus
1278 643 1303 698 2.
1340 643 1402 712 Η.

475 830 547 916 §3-
594 831 651 896 De
674 829 861 896 naturali
884 828 1067 895 hominis
1090 829 1241 896 merito
1265 834 1307 896 et
1330 829 1537 897 demerito

866 936 973 1020 apud
997 937 1133 1004 Deum.

380 1075 449 1149 207.
540 1077 585 1144 Et
615 1077 768 1144 meritum
799 1082 834 1144 et
864 1078 1059 1144 demeritum
1083 1077 1246 1160 quendam
1270 1077 1443 1160 dignitatis
1466 1084 1501 1146 et
1523 1099 1628 1161 quan·

380 1183 534 1250 titativae
564 1183 786 1268 proportionis
816 1183 963 1250 ordinem
994 1184 1148 1268 supponit
1177 1183 1372 1263 intersum,
1404 1184 1460 1266 qui
1483 1191 1631 1252 meretur

380 1291 434 1355 vel
457 1289 653 1368 demeretur,
685 1294 720 1357 et
743 1311 827 1368 eum,
855 1311 957 1374 penes
981 1312 1077 1374 quem
1100 1289 1253 1356 meritum
1277 1291 1331 1356 vel
1354 1291 1549 1357 demeritum
1572 1312 1629 1358 ac-

380 1396 530 1479 quiritur.
577 1397 641 1464 Sed
664 1397 763 1464 aliter
791 1397 877 1463 hunc
907 1397 1054 1464 ordinem
1082 1397 1237 1482 supponit
1259 1398 1421 1476 meritum,
1450 1399 1548 1465 aliter
1571 1399 1629 1464 de·

380 1503 542 1571 meritum.
589 1503 715 1588 Quippe
744 1507 782 1570 ut
805 1503 877 1586 quis
902 1506 1069 1588 demereri,
1101 1504 1123 1570 i.
1148 1525 1176 1570 e.
1200 1503 1344 1570 alienum
1366 1504 1418 1569 ius
1439 1505 1572 1571 laedere
1595 1509 1630 1572 et

380 1608 455 1676 inde
478 1609 622 1677 debitum
647 1610 853 1688 contrahere,
877 1610 992 1695 possit,
1017 1610 1140 1676 sufficit
1162 1611 1216 1675 vel
1235 1609 1388 1676 minimus
1404 1611 1527 1694 gradm
1542 1612 1630 1678 rela-

379 1714 470 1782 tivae
499 1717 682 1800 personalis
710 1717 958 1800 ,quantitatis“,
993 1717 1099 1800 qualis
1123 1719 1174 1783 est
1197 1716 1337 1802 simplex
1360 1718 1542 1801 personalis
1570 1740 1630 1785 ex·

381 1821 542 1889 sistentia.
574 1823 646 1889 Hac
669 1823 740 1889 sola
758 1822 930 1908 supposita
945 1843 1041 1888 omne
1057 1843 1115 1888 ens
1131 1827 1279 1889 creatum
1295 1823 1431 1888 liberum
1448 1823 1630 1891 subiectum

382 1927 482 1994 debiti
513 1949 586 1994 esse
615 1931 736 2016 potest,
767 1929 897 1996 etiamsi
925 1929 1115 2012 ceteroquin
1145 1930 1233 1996 omni
1258 1932 1393 2017 proprio
1422 1934 1493 1996 iure
1516 1937 1631 1999 careat

381 2039 533 2118 respectu
555 2035 652 2112 illius,
678 2036 770 2103 cuius
793 2037 837 2103 sit
860 2035 997 2114 debitor,
1021 2036 1120 2101 immo
1143 2035 1172 2101 si
1194 2036 1247 2100 vel
1264 2035 1336 2120 ipss
1352 2036 1550 2104 exsistentia
1569 2058 1630 2104 sua

382 2161 441 2226 per
470 2161 594 2207 meram
624 2142 720 2208 huius
749 2142 892 2226 gratiam
922 2142 1062 2210 frustm.
1109 2142 1188 2208 Plus
1217 2142 1379 2209 relativae
1402 2143 1574 2227 dignitatis
1596 2144 1631 2208 in

381 2248 528 2315 subiecto
562 2252 669 2316 meriti
701 2250 888 2333 requiritur.
943 2251 1064 2316 Mereri
1099 2251 1184 2316 enim
1220 2257 1272 2319 est
1307 2252 1401 2334 quasi
1434 2251 1515 2316 iuria
1548 2250 1631 2317 titu-

382 2355 459 2434 lum,
490 2357 610 2423 saltem
634 2357 823 2439 aequitatis,
854 2357 1034 2440 acquirere,
1064 2358 1243 2442 reeipiendi
1267 2357 1565 2442 compensationem
1588 2357 1632 2422 ab

383 2483 439 2542 eo,
472 2463 506 2528 in
537 2464 628 2529 cuius
660 2462 809 2528 favorem
844 2463 962 2546 aliquis
995 2465 1036 2530 de
1068 2486 1142 2548 eoo,
1174 2465 1195 2531 i.
1224 2485 1253 2531 e.
1282 2465 1322 2529 de
1352 2464 1539 2546 quantitate
1569 2462 1631 2528 sibi

384 2569 528 2652 propria,
551 2569 653 2634 libere
678 2569 800 2652 aliquid
824 2571 933 2638 cessit.
966 2569 1111 2636 Necesse
1135 2576 1187 2638 est
1208 2570 1320 2654 igitur,
1344 2578 1382 2637 ut
1397 2569 1634 2636 antecedenter

383 2675 425 2740 ad
455 2674 606 2742 meritum
638 2675 760 2758 aliquid
790 2695 869 2741 vore
898 2697 1001 2759 soom,
1033 2677 1171 2743 alterius
1197 2676 1261 2742 iuri
1290 2697 1355 2741 non
1386 2677 1451 2741 iam
1475 2675 1631 2753 debitum,

383 2781 561 2866 possideat.
1419 2797 1427 2809 ’

473 2887 558 2952 Hinc
581 2890 690 2952 autem
715 2891 832 2972 sponte
848 2889 1015 2956 enascitur
1035 2891 1201 2971 quaestio:
1224 2891 1336 2955 Utrum
1352 2891 1480 2954 omnino
1495 2891 1633 2954 liminis
1663 2903 1667 2910 '

385 2995 474 3079 opud
489 2993 592 3058 Deum
617 2997 764 3060 meritum
789 3016 854 3060 esee
868 2997 994 3081 possit?
1020 2995 1099 3061 Cum
1116 2995 1203 3060 enim
1218 2995 1314 3060 homo
1330 2995 1508 3060 secundum
1523 2998 1630 3061 totum

383 3117 478 3164 suum
502 3121 577 3184 esse,
600 3103 772 3186 possidere,
791 3123 885 3186 posse
907 3103 1058 3168 absoluto
1086 3100 1146 3167 Dei
1171 3101 1312 3167 dominio
1336 3102 1525 3180 subiciatur,
1551 3099 1631 3167 nihil

383 3206 482 3290 plane
509 3207 550 3272 de
577 3227 637 3273 suo
660 3207 693 3273 in
716 3207 777 3273 Dei
800 3207 947 3274 favorem
972 3213 1144 3292 praestare
1166 3230 1264 3293 posse
1287 3207 1427 3289 videtur,
1458 3210 1543 3294 quod
1566 3231 1631 3273 non

384 3313 448 3380 iarn
473 3315 589 3382 stricto
612 3315 683 3381 iure
703 3315 772 3381 Deo
797 3317 941 3383 debiturn
965 3317 1019 3383 sit.
1052 3315 1218 3394 Quomodo
1242 3319 1363 3395 autem,
1388 3317 1522 3382 sublata
1544 3314 1632 3380 omni

386 3424 488 3487 motui
519 3420 599 3486 iuris
630 3421 858 3506 proportione,
891 3423 1013 3488 homini
1046 3423 1176 3505 aliquod
1209 3422 1363 3488 meritum
1395 3422 1482 3506 apud
1514 3421 1631 3496 Deum,

383 3528 404 3594 i.
430 3549 458 3595 e.
483 3527 533 3592 ius
557 3547 638 3610 arga
660 3530 775 3608 Deum,
807 3529 943 3596 attribui
971 3534 1080 3612 queat,
1112 3528 1189 3612 quin
1212 3528 1314 3595 divini
1336 3528 1416 3594 iuris
1439 3525 1632 3612 plenitudini

386 3633 605 3701 detrahatur?

387 3775 456 3848 208.
547 3775 592 3844 ut
616 3796 652 3841 re
675 3775 805 3859 quidem
821 3797 912 3855 vera,
936 3775 963 3841 si
979 3775 1120 3842 hominis
1136 3773 1254 3841 relatio
1270 3774 1313 3839 ad
1328 3775 1433 3839 Deum
1449 3775 1635 3860 simpliciter

386 3890 414 3950 el
438 3883 577 3948 obsolute
599 3885 778 3966 spectatur,
809 3880 981 3948 fatendum
1003 3902 1083 3948 sane
1111 3885 1180 3959 est,
1210 3867 1284 3946 eum
1308 3883 1461 3963 respectu
1483 3879 1544 3946 Dei
1567 3901 1633 3945 non

385 3987 448 4053 nisi
472 3986 663 4066 officiorum,
694 4008 733 4053 ac
756 3987 784 4052 si
807 4008 847 4054 ea
870 3987 1016 4066 laeserit,
1047 3987 1289 4064 demeritorum,
1320 4007 1497 4068 numquam
1521 3989 1631 4052 autem

386 4118 425 4162 ea
454 4117 487 4161 se
516 4094 698 4161 subiectum
720 4093 800 4160 iuris
824 4099 858 4160 et
881 4093 956 4160 hinc
979 4114 1086 4176 neque
1109 4093 1218 4160 meriti
1241 4113 1314 4160 esse
1337 4095 1465 4176 pessel.
1512 4091 1631 4169 Quodsi

386 4223 465 4268 vero
489 4200 715 4268 consideratur
737 4199 834 4266 homo
857 4222 917 4284 pro
940 4222 982 4266 ea
1004 4205 1143 4267 naturae
1164 4200 1335 4282 dignitate,
1360 4219 1458 4281 quam
1474 4199 1553 4266 licet
1568 4221 1632 4265 non

387 4329 497 4388 exse,
528 4313 641 4374 tamen
672 4310 707 4374 in
736 4329 769 4373 se
799 4311 832 4374 et
862 4311 999 4374 eatenus
1028 4328 1088 4390 per
1111 4306 1172 4372 Dei
1196 4305 1354 4373 creatoris
1377 4304 1633 4371 munificentiam

386 4417 451 4481 iam
482 4414 719 4498 quodammodo
753 4418 789 4480 ut
818 4435 910 4480 suom
939 4414 1099 4500 possidet3
1132 4413 1161 4478 si
1191 4412 1417 4479 consideratur
1439 4413 1530 4477 Deus
1552 4412 1632 4495 ipse,

387 4543 452 4587 non
475 4527 544 4588 tam
568 4524 605 4587 ut
627 4521 661 4586 in
677 4541 712 4586 se
729 4520 875 4586 infinitus
891 4523 926 4586 et
941 4520 1092 4587 absolute
1106 4519 1329 4603 independens
1344 4523 1406 4598 est,
1429 4518 1488 4584 sed
1503 4518 1633 4601 qualem

388 4627 620 4712 benignissima
643 4647 703 4692 sua
725 4627 929 4693 ordinatione
951 4625 1014 4710 ipsi
1036 4626 1159 4691 homini
1182 4647 1218 4690 se
1241 4625 1334 4708 quasi
1357 4629 1395 4690 ut
1417 4623 1633 4708 propinquum

388 4733 543 4800 exhibere
573 4733 687 4812 voluit,
716 4733 879 4817 praebens
909 4753 944 4797 se
974 4731 1022 4796 illi
1052 4753 1118 4797 non
1141 4731 1245 4796 solum
1270 4735 1307 4796 ut
1330 4751 1490 4795 summum
1513 4730 1633 4795 bonum

482 4977 490 5010 ¹
509 4977 538 5031 S.
564 4975 664 5044 ilicem,
684 4972 710 5028 S.
730 4972 812 5028 theol.
835 4975 857 5038 l,
877 4973 901 5039 2,
921 4989 947 5042 q.
969 4971 1029 5037 114,
1048 4988 1072 5026 a.
1093 4972 1117 5024 1.
