3909 5842
727 676 816 731 Seotio
834 677 855 731 1.
893 674 974 732 Liber
992 676 1013 731 Ι.
1051 677 1140 749 Caput
1157 678 1178 731 l.
1215 676 1354 733 Atticulae
1374 680 1400 733 1.

971 852 1095 963 Gaput
1121 851 1151 939 1.

436 1010 633 1107 Synthesis
668 1013 953 1109 propaedeutica
986 1014 1031 1087 de
1064 1011 1260 1089 activitate
1298 1036 1516 1102 „causarum
1557 1036 1698 1087 secun-

611 1136 762 1210 darum“
795 1161 862 1211 seu
891 1138 936 1211 de
964 1138 1051 1212 aotu
1079 1137 1240 1211 naturali
1268 1138 1307 1211 in
1335 1162 1472 1232 genere
1485 1136 1508 1211 ¹.

906 1341 1150 1411 Articulus
1174 1342 1207 1409 1.

436 1486 607 1551 Generalis
622 1488 707 1551 notio
724 1493 851 1551 actuum
865 1488 1077 1552 naturalium.
1101 1523 1145 1533 -
1168 1486 1340 1572 Principia
1355 1488 1559 1573 coenmlopica
1581 1490 1620 1553 in
1639 1488 1700 1553 lroc

866 1599 1005 1657 tractatu
1028 1592 1246 1677 supponendo.

435 1729 462 1801 2.
552 1732 700 1797 Decente
722 1730 937 1816 psychologia
959 1736 995 1798 et
1014 1730 1214 1815 cosmologia
1237 1752 1332 1797 omne
1356 1752 1414 1798 ens
1437 1736 1590 1799 creatum
1613 1736 1696 1799 sub-

434 1834 555 1903 sistens
571 1837 703 1921 propria
719 1836 830 1920 aliqua
845 1836 1036 1921 operatione
1052 1856 1110 1903 seu
1126 1836 1255 1904 actione
1271 1841 1306 1905 et
1321 1837 1397 1905 hino
1409 1839 1550 1923 propriis
1562 1841 1695 1923 agendi

433 1941 558 2007 viribus
580 1942 764 2026 praeditum
781 1948 842 2022 est,
867 1944 907 2009 ab
923 1942 1035 2010 infima
1050 1944 1236 2011 substantia
1251 1945 1461 2027 anorganica,
1486 1944 1580 2012 ouius
1598 1947 1695 2013 vires

434 2046 651 2115 elementares
666 2048 699 2114 in
717 2050 803 2115 omni
818 2049 971 2117 terrestri
987 2050 1187 2134 caelestique
1203 2054 1372 2119 structura
1387 2052 1554 2134 miramur,
1579 2074 1694 2137 usque

433 2155 476 2220 ad
498 2156 716 2222 substantiam
741 2156 955 2241 spiritualem,
980 2178 1064 2241 quae
1087 2157 1120 2223 in
1144 2156 1229 2223 serie
1252 2178 1361 2224 rerum
1385 2164 1569 2225 creatarum
1597 2160 1691 2245 prin·

433 2260 539 2345 cipem
569 2263 674 2329 locum
699 2263 842 2341 obtinet,
874 2284 1024 2347 quaeque
1047 2262 1199 2330 similiter
1222 2268 1298 2331 actu
1322 2264 1503 2349 spirituali,
1535 2267 1691 2333 omniurn

432 2367 681 2451 perfectissimo,
707 2369 871 2437 excellitl.
902 2370 1006 2437 immo
1030 2370 1092 2436 hac
1116 2369 1188 2454 ipse
1203 2370 1322 2436 virium
1346 2376 1447 2453 atque
1470 2373 1590 2456 agendi
1610 2393 1689 2457 pro·

431 2474 575 2559 prietate
607 2476 755 2543 diversas
786 2497 897 2541 rerum
929 2476 1133 2542 substantias
1166 2476 1379 2559 diversasque
1410 2498 1519 2543 rerum
1552 2478 1690 2563 species

432 2581 673 2666 distinguimus.
727 2582 943 2665 Operationes
975 2582 1135 2647 eiusmodi
1167 2584 1264 2648 rebus
1297 2584 1447 2667 specifice
1477 2586 1634 2669 proprias
1666 2606 1687 2649 a

431 2695 564 2773 notura,
588 2709 608 2753 a
627 2708 691 2771 qua
706 2692 875 2770 tamquam
892 2709 951 2754 suo
966 2688 1126 2773 principio
1143 2688 1333 2773 procedunt,
1358 2692 1497 2757 actiones
1512 2694 1688 2757 naturales

432 2812 597 2860 vocamus.

432 2932 459 3003 3.
550 2934 615 3000 Tot
623 2934 725 3018 igitur
735 2932 893 3017 distingui
902 2938 1041 3019 possunt
1050 2934 1383 3014 actionesnaturalas,
1394 2940 1558 3019 quotsunt
1567 2958 1683 3003 rerum

431 3044 571 3107 naturae
594 3062 652 3107 seu
675 3040 801 3126 species
824 3040 986 3119 diversae,
1010 3044 1125 3122 totque
1149 3040 1314 3106 actionum
1334 3042 1533 3109 naturalium
1549 3064 1683 3109 summa

430 3167 571 3230 genera,
602 3150 683 3230 quot
705 3146 911 3214 substantiae
934 3167 1063 3212 summa
1084 3166 1208 3229 genera
1231 3152 1455 3216 numerantur.
1501 3146 1553 3215 Ita
1576 3148 1681 3214 aliam

430 3253 614 3319 naturalem
631 3252 854 3337 operationem
871 3252 1079 3318 substantiae
1095 3253 1324 3335 anorganioae,
1342 3252 1440 3351 aliam
1452 3252 1680 3337 vegetativae,

522 3426 529 3456 ¹
549 3423 591 3478 cf.
605 3426 633 3479 S.
650 3424 750 3493 Titum,
769 3422 880 3479 Summa
893 3428 987 3479 oontm
1001 3424 1103 3479 Gentes
1121 3424 1139 3479 l.
1152 3424 1177 3489 2,
1197 3442 1219 3479 c.
1235 3426 1353 3484 15-80;
1373 3424 1391 3479 1.
1411 3425 1436 3490 3,
1455 3442 1478 3479 a.
1493 3425 1588 3481 1-24.
1626 3428 1680 3479 To-

426 3513 542 3581 parelli,
567 3512 669 3580 Saggio
691 3515 822 3568 taoretico
839 3512 866 3567 di
885 3512 986 3567 Diritto
1004 3510 1135 3567 Naturale
1154 3514 1207 3567 vol.
1228 3514 1254 3578 1,
1280 3513 1348 3584 disp.
1370 3516 1400 3578 1,
1419 3530 1442 3567 c.
1464 3514 1493 3579 l;
1519 3513 1603 3569 Gorso
1622 3515 1677 3569 ele

430 3604 552 3655 mantare
569 3601 598 3655 di
615 3600 731 3655 Natural
749 3601 849 3655 Diritto
867 3602 885 3656 l.
907 3604 930 3666 1,
948 3618 972 3656 c.
993 3603 1016 3655 1.

519 3689 530 3722 ²
547 3688 691 3744 Hominem
717 3694 790 3744 certa
815 3707 865 3745 nec
889 3708 943 3744 non
969 3692 1068 3745 cuncta
1086 3690 1235 3745 animantia
1253 3690 1362 3761 propria
1380 3690 1536 3761 operatione
1554 3691 1678 3758 gaudere

428 3778 463 3832 ab
488 3776 594 3831 interno
622 3776 721 3845 agendi
744 3778 875 3849 principio
900 3780 1024 3849 prolecta
1049 3779 1120 3849 apud
1146 3795 1239 3833 ornnes
1263 3794 1347 3833 sanae
1372 3780 1471 3832 mentis
1499 3778 1677 3849 philosophos

428 3868 508 3920 extra
533 3865 748 3921 controversiam
773 3869 829 3929 ast;
855 3866 937 3936 idque
961 3884 1047 3921 uuum
1071 3868 1123 3922 hoo
1147 3866 1206 3922 loco
1231 3866 1361 3922 statuisse
1387 3884 1435 3939 per
1459 3885 1489 3921 se
1511 3868 1619 3937 quidem
1638 3870 1675 3923 ad

428 3973 507 4009 usum
535 3955 641 4010 ethicae
667 3955 747 4026 plene
773 3956 920 4010 sufficerat.
961 3955 1070 4010 Habere
1095 3974 1160 4011 vero
1186 3957 1268 4010 etiam
1293 3954 1428 4010 elementa
1452 3957 1582 4010 materiae
1607 3974 1675 4028 spes

427 4045 502 4099 vires
518 4045 572 4099 sibi
589 4044 807 4100 substantialiter
824 4045 923 4099 insitas
940 4062 1058 4113 auosque
1076 4048 1166 4099 motus
1179 4062 1243 4099 vere
1261 4045 1408 4109 naturales,
1427 4045 1445 4098 i.
1458 4062 1481 4098 e.
1494 4062 1547 4099 non
1560 4062 1576 4098 a
1589 4062 1674 4100 causa

427 4134 540 4187 metrice
565 4137 670 4189 mutum
696 4136 846 4188 extmasecu
872 4138 900 4188 at
924 4134 994 4187 citra
1020 4150 1124 4187 omnem
1145 4132 1333 4187 causalitatem
1352 4133 1419 4204 ipsis
1437 4134 1594 4204 corporibus
1612 4152 1673 4205 pro-

426 4222 514 4293 priam
532 4223 685 4293 productos,
704 4240 767 4277 curn
785 4222 933 4277 Aristotele
952 4220 1131 4276 communiter
1143 4221 1241 4275 Schola
1253 4223 1339 4287 docet
1359 4222 1559 4277 contradicente
1571 4240 1673 4293 magna

426 4330 462 4367 ex
487 4316 565 4382 parte
591 4312 742 4367 recentiore
769 4311 954 4383 ‚philosophia
976 4310 1120 4375 naturali“,
1148 4328 1179 4364 eo
1204 4310 1275 4380 quod
1301 4310 1432 4365 scientiae
1455 4310 1586 4366 chimicee
1612 4331 1671 4383 pro-

426 4416 539 4470 gressus
556 4400 635 4455 hodie
654 4418 759 4455 omnem
779 4400 861 4455 aliam
879 4404 994 4454 naturae
1014 4416 1158 4469 corporeae
1171 4398 1379 4469 explicationem
1398 4403 1506 4471 praeter
1524 4418 1598 4454 mare
1614 4404 1671 4455 ato·

426 4490 562 4544 misticum
581 4488 728 4543 excludere
739 4492 879 4559 putantur.
907 4488 959 4543 Sed
972 4492 1161 4559 praeterquam
1176 4488 1246 4557 quod
1260 4488 1331 4541 inter
1343 4490 1416 4543 viros
1429 4506 1536 4559 qnoque
1548 4490 1671 4545 scientiis

425 4578 596 4633 naturalibus
614 4578 865 4649 praestantissimos
884 4594 985 4645 graves
1004 4578 1031 4631 in
1050 4594 1082 4631 ea
1101 4594 1129 4631 re
1149 4577 1288 4631 dissensus
1308 4580 1429 4642 exstant,
1455 4578 1606 4633 doctrinam
1625 4598 1669 4634 ve·

425 4670 529 4730 terum,
555 4666 600 4720 vel
625 4665 683 4720 sola
708 4684 759 4721 sua
783 4666 940 4721 harmonica
965 4665 1070 4721 unitate
1096 4670 1178 4735 atque
1203 4666 1331 4735 analogia
1350 4684 1411 4721 cum
1430 4666 1491 4721 aliis
1510 4667 1669 4722 certissimis

425 4754 613 4826 philosophiae
631 4754 766 4824 capitibus
784 4754 853 4809 satia
866 4754 1089 4819 commendatam,
1109 4754 1242 4809 eominus
1256 4754 1431 4808 deserendam
1445 4758 1580 4824 putamus,
1599 4756 1667 4824 quod

425 4844 492 4899 nibil
511 4844 642 4898 hactenus
667 4844 878 4914 peremptorium
897 4842 1032 4913 prolatum
1052 4844 1102 4907 sit,
1128 4860 1181 4913 quo
1200 4842 1261 4907 illa,
1286 4842 1310 4897 si
1330 4842 1389 4897 eius
1407 4842 1587 4897 substantiam
1608 4862 1669 4898 con-

424 4932 536 4996 siderea,
553 4932 698 5002 pristinum
717 4948 796 4986 auum
816 4930 959 4999 dignitatis
978 4931 1092 4999 madum
1111 4930 1206 4986 cedere
1226 4934 1346 5000 cogatur,
1366 4948 1446 4999 quam
1465 4930 1546 4984 immo
1564 4930 1593 4984 in
1612 4932 1668 4987 dies

423 5020 503 5074 novis
522 5018 668 5089 triumphis
686 5019 789 5072 firmari
809 5019 939 5071 videmus.
978 5018 1020 5072 Cl.
1043 5020 1071 5072 Τ.
1093 5018 1181 5087 Pescla,
1200 5018 1290 5073 Instit.
1309 5016 1374 5088 phil.
1394 5022 1449 5073 nat.
1468 5036 1493 5073 n.
1514 5018 1548 5072 53
1568 5023 1620 5074 etc.
