<?xml version="1.0" encoding="UTF-8"?>
<!DOCTYPE html PUBLIC "-//W3C//DTD XHTML 1.0 Transitional//EN"
    "http://www.w3.org/TR/xhtml1/DTD/xhtml1-transitional.dtd">
<html xmlns="http://www.w3.org/1999/xhtml" xml:lang="en" lang="en">
 <head>
  <title>
</title>
<meta http-equiv="Content-Type" content="text/html;charset=utf-8" />
  <meta name='ocr-system' content='tesseract 3.04.00' />
  <meta name='ocr-capabilities' content='ocr_page ocr_carea ocr_par ocr_line ocrx_word'/>
</head>
<body>
  <div class='ocr_page' id='page_1' title='image "./institutionesiu00meyegoog_0459.png"; bbox 0 0 3909 5842; ppageno 0'>
   <div class='ocr_carea' id='block_1_1' title="bbox 521 655 1532 726">
    <p class='ocr_par' dir='ltr' id='par_1_1' title="bbox 521 655 1532 726">
     <span class='ocr_line' id='line_1_1' title="bbox 521 655 1532 726; baseline 0.006 -16"><span class='ocrx_word' id='word_1_1' title='bbox 521 657 567 710; x_wconf 89' lang='lat' dir='ltr'><strong>Ius</strong></span> <span class='ocrx_word' id='word_1_2' title='bbox 586 660 628 710; x_wconf 89' lang='lat' dir='ltr'><strong>est</strong></span> <span class='ocrx_word' id='word_1_3' title='bbox 647 673 711 726; x_wconf 85' lang='lat' dir='ltr'><strong>pars</strong></span> <span class='ocrx_word' id='word_1_4' title='bbox 730 655 898 712; x_wconf 89' lang='lat' dir='ltr'><strong>constituens</strong></span> <span class='ocrx_word' id='word_1_5' title='bbox 917 656 1046 712; x_wconf 87' lang='lat' dir='ltr'><strong>obiectivi</strong></span> <span class='ocrx_word' id='word_1_6' title='bbox 1065 656 1166 711; x_wconf 76' lang='lat' dir='ltr'><strong>ordinis</strong></span> <span class='ocrx_word' id='word_1_7' title='bbox 1184 656 1304 712; x_wconf 83' lang='lat' dir='ltr'><strong>moralis.</strong></span> <span class='ocrx_word' id='word_1_8' title='bbox 1468 661 1532 725; x_wconf 78' lang='lat'><strong>407</strong></span> 
     </span>
    </p>
   </div>
   <div class='ocr_carea' id='block_1_2' title="bbox 268 829 1534 5068">
    <p class='ocr_par' dir='ltr' id='par_1_2' title="bbox 268 829 1534 1088">
     <span class='ocr_line' id='line_1_2' title="bbox 268 829 1534 910; baseline 0.002 -20"><span class='ocrx_word' id='word_1_9' title='bbox 268 830 414 910; x_wconf 76' lang='lat' dir='ltr'><strong>iugiter</strong></span> <span class='ocrx_word' id='word_1_10' title='bbox 433 829 480 892; x_wconf 88' lang='lat' dir='ltr'><strong>sit</strong></span> <span class='ocrx_word' id='word_1_11' title='bbox 502 847 578 892; x_wconf 86' lang='lat' dir='ltr'><strong>cunr</strong></span> <span class='ocrx_word' id='word_1_12' title='bbox 598 829 792 893; x_wconf 87' lang='lat' dir='ltr'><strong>moralitate</strong></span> <span class='ocrx_word' id='word_1_13' title='bbox 816 847 994 908; x_wconf 89' lang='lat' dir='ltr'><strong>conexum,</strong></span> <span class='ocrx_word' id='word_1_14' title='bbox 1015 830 1039 892; x_wconf 87' lang='lat' dir='ltr'><strong>i.</strong></span> <span class='ocrx_word' id='word_1_15' title='bbox 1054 847 1084 892; x_wconf 92' lang='lat' dir='ltr'><strong>e.</strong></span> <span class='ocrx_word' id='word_1_16' title='bbox 1099 847 1169 892; x_wconf 91' lang='lat' dir='ltr'><strong>nou</strong></span> <span class='ocrx_word' id='word_1_17' title='bbox 1189 834 1337 908; x_wconf 82' lang='lat' dir='ltr'><strong>praeter,</strong></span> <span class='ocrx_word' id='word_1_18' title='bbox 1358 829 1418 893; x_wconf 90' lang='lat' dir='ltr'><strong>sod</strong></span> <span class='ocrx_word' id='word_1_19' title='bbox 1439 830 1534 892; x_wconf 88' lang='lat' dir='ltr'><strong>intra</strong></span> 
     </span>
     <span class='ocr_line' id='line_1_3' title="bbox 270 927 1533 1006; baseline 0.002 -18"><span class='ocrx_word' id='word_1_20' title='bbox 270 927 491 990; x_wconf 83' lang='lat' dir='ltr'><strong>obiectivum</strong></span> <span class='ocrx_word' id='word_1_21' title='bbox 512 927 666 992; x_wconf 85' lang='lat' dir='ltr'><strong>ordinem</strong></span> <span class='ocrx_word' id='word_1_22' title='bbox 687 929 847 991; x_wconf 74' lang='lat' dir='ltr'><strong>moralem</strong></span> <span class='ocrx_word' id='word_1_23' title='bbox 862 929 1063 993; x_wconf 85' lang='lat' dir='ltr'><strong>uniuersum</strong></span> <span class='ocrx_word' id='word_1_24' title='bbox 1076 931 1249 1006; x_wconf 86' lang='lat' dir='ltr'><strong>tamquam</strong></span> <span class='ocrx_word' id='word_1_25' title='bbox 1269 944 1350 1006; x_wconf 85' lang='lat' dir='ltr'><strong>pars</strong></span> <span class='ocrx_word' id='word_1_26' title='bbox 1365 928 1439 992; x_wconf 87' lang='lat' dir='ltr'><strong>eius</strong></span> <span class='ocrx_word' id='word_1_27' title='bbox 1454 944 1533 991; x_wconf 90' lang='lat' dir='ltr'><strong>con·</strong></span> 
     </span>
     <span class='ocr_line' id='line_1_4' title="bbox 270 1024 670 1088; baseline 0.005 -3"><span class='ocrx_word' id='word_1_28' title='bbox 270 1024 443 1088; x_wconf 83' lang='lat' dir='ltr'><strong>stitutiva</strong></span> <span class='ocrx_word' id='word_1_29' title='bbox 464 1025 670 1088; x_wconf 77' lang='lat' dir='ltr'><strong>subsistens.</strong></span> 
     </span>
    </p>

    <p class='ocr_par' dir='ltr' id='par_1_3' title="bbox 272 1135 1533 1971">
     <span class='ocr_line' id='line_1_5' title="bbox 374 1135 1533 1220; baseline 0.002 -20"><span class='ocrx_word' id='word_1_30' title='bbox 374 1135 724 1202; x_wconf 87' lang='lat' dir='ltr'><strong>Praenotandum.</strong></span> <span class='ocrx_word' id='word_1_31' title='bbox 774 1136 873 1202; x_wconf 86' lang='lat' dir='ltr'><strong>Valet</strong></span> <span class='ocrx_word' id='word_1_32' title='bbox 901 1135 1043 1204; x_wconf 81' lang='lat' dir='ltr'><strong>assertio</strong></span> <span class='ocrx_word' id='word_1_33' title='bbox 1073 1137 1222 1220; x_wconf 84' lang='lat' dir='ltr'><strong>proxime</strong></span> <span class='ocrx_word' id='word_1_34' title='bbox 1245 1136 1375 1219; x_wconf 90' lang='lat' dir='ltr'><strong>quidem</strong></span> <span class='ocrx_word' id='word_1_35' title='bbox 1399 1137 1439 1202; x_wconf 89' lang='lat' dir='ltr'><strong>de</strong></span> <span class='ocrx_word' id='word_1_36' title='bbox 1461 1136 1533 1202; x_wconf 89' lang='lat' dir='ltr'><strong>iure</strong></span> 
     </span>
     <span class='ocr_line' id='line_1_6' title="bbox 272 1241 1532 1326; baseline 0.003 -22"><span class='ocrx_word' id='word_1_37' title='bbox 272 1241 458 1310; x_wconf 74' lang='lat' dir='ltr'>collective</span> <span class='ocrx_word' id='word_1_38' title='bbox 481 1246 626 1326; x_wconf 89' lang='lat' dir='ltr'><strong>accepto,</strong></span> <span class='ocrx_word' id='word_1_39' title='bbox 651 1242 844 1308; x_wconf 85' lang='lat' dir='ltr'><strong>secundario</strong></span> <span class='ocrx_word' id='word_1_40' title='bbox 867 1262 947 1308; x_wconf 85' lang='lat' dir='ltr'><strong>vero</strong></span> <span class='ocrx_word' id='word_1_41' title='bbox 971 1245 1006 1307; x_wconf 89' lang='lat' dir='ltr'><strong>et</strong></span> <span class='ocrx_word' id='word_1_42' title='bbox 1029 1245 1268 1324; x_wconf 77' lang='lat' dir='ltr'><strong>consequenter</strong></span> <span class='ocrx_word' id='word_1_43' title='bbox 1290 1243 1331 1308; x_wconf 89' lang='lat' dir='ltr'><strong>de</strong></span> <span class='ocrx_word' id='word_1_44' title='bbox 1353 1241 1532 1326; x_wconf 89' lang='lat' dir='ltr'><strong>particula·</strong></span> 
     </span>
     <span class='ocr_line' id='line_1_7' title="bbox 273 1348 1532 1431; baseline 0.002 -19"><span class='ocrx_word' id='word_1_45' title='bbox 273 1348 375 1414; x_wconf 87' lang='lat' dir='ltr'><strong>ribus</strong></span> <span class='ocrx_word' id='word_1_46' title='bbox 399 1369 527 1431; x_wconf 88' lang='lat' dir='ltr'><strong>quoque</strong></span> <span class='ocrx_word' id='word_1_47' title='bbox 551 1349 621 1415; x_wconf 89' lang='lat' dir='ltr'><strong>eius</strong></span> <span class='ocrx_word' id='word_1_48' title='bbox 644 1349 825 1416; x_wconf 85' lang='lat' dir='ltr'><strong>elementis.</strong></span> <span class='ocrx_word' id='word_1_49' title='bbox 858 1348 987 1416; x_wconf 80' lang='lat' dir='ltr'><strong>Dicitur</strong></span> <span class='ocrx_word' id='word_1_50' title='bbox 1014 1348 1073 1427; x_wconf 82' lang='lat' dir='ltr'><strong>„de</strong></span> <span class='ocrx_word' id='word_1_51' title='bbox 1097 1349 1226 1415; x_wconf 88' lang='lat' dir='ltr'><strong>ratione</strong></span> <span class='ocrx_word' id='word_1_52' title='bbox 1249 1349 1329 1414; x_wconf 90' lang='lat' dir='ltr'><strong>iuris</strong></span> <span class='ocrx_word' id='word_1_53' title='bbox 1352 1353 1437 1427; x_wconf 89' lang='lat' dir='ltr'><strong>est“,</strong></span> <span class='ocrx_word' id='word_1_54' title='bbox 1461 1349 1481 1415; x_wconf 95' lang='lat' dir='ltr'><strong>i.</strong></span> <span class='ocrx_word' id='word_1_55' title='bbox 1503 1369 1532 1415; x_wconf 92' lang='lat' dir='ltr'><strong>e.</strong></span> 
     </span>
     <span class='ocr_line' id='line_1_8' title="bbox 272 1453 1531 1540; baseline 0.002 -21"><span class='ocrx_word' id='word_1_56' title='bbox 272 1455 430 1522; x_wconf 89' lang='lat' dir='ltr'><strong>condicio</strong></span> <span class='ocrx_word' id='word_1_57' title='bbox 455 1455 639 1522; x_wconf 88' lang='lat' dir='ltr'><strong>essentialis</strong></span> <span class='ocrx_word' id='word_1_58' title='bbox 663 1459 766 1522; x_wconf 81' lang='lat' dir='ltr'><strong>omnis</strong></span> <span class='ocrx_word' id='word_1_59' title='bbox 789 1455 880 1533; x_wconf 87' lang='lat' dir='ltr'><strong>iuris,</strong></span> <span class='ocrx_word' id='word_1_60' title='bbox 911 1453 982 1521; x_wconf 91' lang='lat' dir='ltr'><strong>sive</strong></span> <span class='ocrx_word' id='word_1_61' title='bbox 1012 1455 1170 1522; x_wconf 89' lang='lat' dir='ltr'><strong>raturalis</strong></span> <span class='ocrx_word' id='word_1_62' title='bbox 1193 1455 1264 1520; x_wconf 89' lang='lat' dir='ltr'><strong>sive</strong></span> <span class='ocrx_word' id='word_1_63' title='bbox 1286 1454 1430 1540; x_wconf 78' lang='lat' dir='ltr'><strong>positivi,</strong></span> <span class='ocrx_word' id='word_1_64' title='bbox 1461 1454 1531 1521; x_wconf 90' lang='lat' dir='ltr'><strong>sive</strong></span> 
     </span>
     <span class='ocr_line' id='line_1_9' title="bbox 273 1544 1531 1648; baseline 0.003 -24"><span class='ocrx_word' id='word_1_65' title='bbox 273 1561 472 1630; x_wconf 89' lang='lat' dir='ltr'><strong>immediate</strong></span> <span class='ocrx_word' id='word_1_66' title='bbox 501 1544 561 1647; x_wconf 84' lang='lat' dir='ltr'><strong>per</strong></span> <span class='ocrx_word' id='word_1_67' title='bbox 583 1564 688 1630; x_wconf 89' lang='lat' dir='ltr'><strong>Deum</strong></span> <span class='ocrx_word' id='word_1_68' title='bbox 718 1563 789 1629; x_wconf 81' lang='lat' dir='ltr'><strong>sive</strong></span> <span class='ocrx_word' id='word_1_69' title='bbox 819 1563 961 1630; x_wconf 89' lang='lat' dir='ltr'><strong>mediate</strong></span> <span class='ocrx_word' id='word_1_70' title='bbox 988 1583 1048 1629; x_wconf 86' lang='lat' dir='ltr'><strong>seu</strong></span> <span class='ocrx_word' id='word_1_71' title='bbox 1071 1584 1130 1648; x_wconf 89' lang='lat' dir='ltr'><strong>per</strong></span> <span class='ocrx_word' id='word_1_72' title='bbox 1152 1562 1328 1630; x_wconf 82' lang='lat' dir='ltr'><strong>humanam</strong></span> <span class='ocrx_word' id='word_1_73' title='bbox 1353 1562 1531 1628; x_wconf 87' lang='lat' dir='ltr'><strong>auctorita·</strong></span> 
     </span>
     <span class='ocr_line' id='line_1_10' title="bbox 273 1668 1530 1754; baseline -0.001 -21"><span class='ocrx_word' id='word_1_74' title='bbox 273 1673 350 1733; x_wconf 88' lang='lat' dir='ltr'><strong>tem</strong></span> <span class='ocrx_word' id='word_1_75' title='bbox 375 1668 487 1738; x_wconf 88' lang='lat' dir='ltr'><strong>erecti.</strong></span> <span class='ocrx_word' id='word_1_76' title='bbox 518 1705 560 1714; x_wconf 97' lang='lat'>—</span> <span class='ocrx_word' id='word_1_77' title='bbox 591 1669 656 1734; x_wconf 90' lang='lat' dir='ltr'><strong>Per</strong></span> <span class='ocrx_word' id='word_1_78' title='bbox 690 1670 854 1747; x_wconf 85' lang='lat' dir='ltr'><strong>„ordinem</strong></span> <span class='ocrx_word' id='word_1_79' title='bbox 881 1670 1059 1736; x_wconf 81' lang='lat' dir='ltr'><strong>moralem‘</strong></span> <span class='ocrx_word' id='word_1_80' title='bbox 1091 1669 1313 1754; x_wconf 80' lang='lat' dir='ltr'><strong>intellegimus</strong></span> <span class='ocrx_word' id='word_1_81' title='bbox 1342 1668 1530 1734; x_wconf 89' lang='lat' dir='ltr'><strong>universum</strong></span> 
     </span>
     <span class='ocr_line' id='line_1_11' title="bbox 274 1775 1530 1860; baseline 0.001 -21"><span class='ocrx_word' id='word_1_82' title='bbox 274 1775 430 1842; x_wconf 89' lang='lat' dir='ltr'><strong>ordinem</strong></span> <span class='ocrx_word' id='word_1_83' title='bbox 460 1779 575 1842; x_wconf 80' lang='lat' dir='ltr'><strong>orandi</strong></span> <span class='ocrx_word' id='word_1_84' title='bbox 603 1779 753 1856; x_wconf 78' lang='lat' dir='ltr'><strong>moralis,</strong></span> <span class='ocrx_word' id='word_1_85' title='bbox 785 1777 840 1860; x_wconf 89' lang='lat' dir='ltr'><strong>qui</strong></span> <span class='ocrx_word' id='word_1_86' title='bbox 870 1777 1033 1844; x_wconf 81' lang='lat' dir='ltr'><strong>creaturis</strong></span> <span class='ocrx_word' id='word_1_87' title='bbox 1062 1781 1194 1844; x_wconf 89' lang='lat' dir='ltr'><strong>constat</strong></span> <span class='ocrx_word' id='word_1_88' title='bbox 1223 1776 1352 1844; x_wconf 86' lang='lat' dir='ltr'><strong>ratione</strong></span> <span class='ocrx_word' id='word_1_89' title='bbox 1375 1779 1409 1842; x_wconf 89' lang='lat' dir='ltr'><strong>et</strong></span> <span class='ocrx_word' id='word_1_90' title='bbox 1431 1775 1530 1840; x_wconf 93' lang='lat' dir='ltr'><strong>liber-</strong></span> 
     </span>
     <span class='ocr_line' id='line_1_12' title="bbox 273 1883 1163 1971; baseline 0.002 -23"><span class='ocrx_word' id='word_1_91' title='bbox 273 1887 355 1950; x_wconf 87' lang='lat' dir='ltr'><strong>tate</strong></span> <span class='ocrx_word' id='word_1_92' title='bbox 377 1883 546 1966; x_wconf 71' lang='lat' dir='ltr'><strong>praeditis</strong></span> <span class='ocrx_word' id='word_1_93' title='bbox 571 1887 605 1950; x_wconf 90' lang='lat' dir='ltr'><strong>et</strong></span> <span class='ocrx_word' id='word_1_94' title='bbox 629 1883 679 1949; x_wconf 91' lang='lat' dir='ltr'><strong>cui</strong></span> <span class='ocrx_word' id='word_1_95' title='bbox 704 1883 878 1967; x_wconf 91' lang='lat' dir='ltr'><strong>opponitur</strong></span> <span class='ocrx_word' id='word_1_96' title='bbox 901 1884 982 1950; x_wconf 92' lang='lat' dir='ltr'><strong>ordo</strong></span> <span class='ocrx_word' id='word_1_97' title='bbox 1002 1886 1163 1971; x_wconf 75' lang='lat' dir='ltr'><strong>physicas,</strong></span> 
     </span>
    </p>

    <p class='ocr_par' dir='ltr' id='par_1_4' title="bbox 275 1993 1529 2171">
     <span class='ocr_line' id='line_1_13' title="bbox 275 1993 1529 2082; baseline -0.002 -16"><span class='ocrx_word' id='word_1_98' title='bbox 275 1993 354 2067; x_wconf 80' lang='lat'><strong>508.</strong></span> <span class='ocrx_word' id='word_1_99' title='bbox 444 1995 603 2068; x_wconf 76' lang='lat' dir='ltr'><strong>Probatur</strong></span> <span class='ocrx_word' id='word_1_100' title='bbox 625 1995 662 2067; x_wconf 86' lang='lat'><strong>1⁰.</strong></span> <span class='ocrx_word' id='word_1_101' title='bbox 692 1999 746 2064; x_wconf 78' lang='lat' dir='ltr'><strong>Ex</strong></span> <span class='ocrx_word' id='word_1_102' title='bbox 767 1999 861 2082; x_wconf 79' lang='lat' dir='ltr'><strong>finali</strong></span> <span class='ocrx_word' id='word_1_103' title='bbox 885 2003 1006 2066; x_wconf 78' lang='lat' dir='ltr'><strong>unitate</strong></span> <span class='ocrx_word' id='word_1_104' title='bbox 1028 2002 1171 2066; x_wconf 80' lang='lat' dir='ltr'><strong>universi</strong></span> <span class='ocrx_word' id='word_1_105' title='bbox 1194 2001 1321 2065; x_wconf 79' lang='lat' dir='ltr'><strong>ordinis</strong></span> <span class='ocrx_word' id='word_1_106' title='bbox 1344 2000 1477 2064; x_wconf 83' lang='lat' dir='ltr'><strong>moralis</strong></span> <span class='ocrx_word' id='word_1_107' title='bbox 1494 2001 1529 2064; x_wconf 80' lang='lat' dir='ltr'><strong>io</strong></span> 
     </span>
     <span class='ocr_line' id='line_1_14' title="bbox 276 2105 412 2171; baseline 0.022 -3"><span class='ocrx_word' id='word_1_108' title='bbox 276 2105 412 2171; x_wconf 78' lang='lat' dir='ltr'><strong>mundo.</strong></span> 
     </span>
    </p>

    <p class='ocr_par' dir='ltr' id='par_1_5' title="bbox 277 2209 1530 3360">
     <span class='ocr_line' id='line_1_15' title="bbox 371 2209 1530 2294; baseline -0.001 -19"><span class='ocrx_word' id='word_1_109' title='bbox 371 2209 466 2276; x_wconf 85' lang='lat' dir='ltr'><strong>Intre</strong></span> <span class='ocrx_word' id='word_1_110' title='bbox 487 2209 594 2294; x_wconf 90' lang='lat' dir='ltr'><strong>ipsum</strong></span> <span class='ocrx_word' id='word_1_111' title='bbox 619 2211 766 2276; x_wconf 87' lang='lat' dir='ltr'><strong>ordinem</strong></span> <span class='ocrx_word' id='word_1_112' title='bbox 789 2212 946 2278; x_wconf 85' lang='lat' dir='ltr'><strong>moralem</strong></span> <span class='ocrx_word' id='word_1_113' title='bbox 971 2211 1169 2278; x_wconf 83' lang='lat' dir='ltr'><strong>obieetivnm</strong></span> <span class='ocrx_word' id='word_1_114' title='bbox 1193 2231 1215 2276; x_wconf 90' lang='lat' dir='ltr'><strong>a</strong></span> <span class='ocrx_word' id='word_1_115' title='bbox 1237 2230 1389 2294; x_wconf 90' lang='lat' dir='ltr'><strong>supremo</strong></span> <span class='ocrx_word' id='word_1_116' title='bbox 1418 2209 1530 2275; x_wconf 91' lang='lat' dir='ltr'><strong>mundi</strong></span> 
     </span>
     <span class='ocr_line' id='line_1_16' title="bbox 277 2314 1529 2402; baseline 0 -22"><span class='ocrx_word' id='word_1_117' title='bbox 277 2316 451 2384; x_wconf 90' lang='lat' dir='ltr'><strong>conditore</strong></span> <span class='ocrx_word' id='word_1_118' title='bbox 471 2315 634 2384; x_wconf 89' lang='lat' dir='ltr'><strong>sancitum</strong></span> <span class='ocrx_word' id='word_1_119' title='bbox 650 2321 819 2400; x_wconf 86' lang='lat' dir='ltr'><strong>tamquam</strong></span> <span class='ocrx_word' id='word_1_120' title='bbox 835 2318 906 2384; x_wconf 88' lang='lat' dir='ltr'><strong>eius</strong></span> <span class='ocrx_word' id='word_1_121' title='bbox 922 2339 1001 2402; x_wconf 89' lang='lat' dir='ltr'><strong>pars</strong></span> <span class='ocrx_word' id='word_1_122' title='bbox 1016 2317 1203 2385; x_wconf 86' lang='lat' dir='ltr'><strong>essentialis</strong></span> <span class='ocrx_word' id='word_1_123' title='bbox 1218 2321 1254 2383; x_wconf 91' lang='lat' dir='ltr'><strong>et</strong></span> <span class='ocrx_word' id='word_1_124' title='bbox 1269 2317 1363 2400; x_wconf 91' lang='lat' dir='ltr'><strong>quasi</strong></span> <span class='ocrx_word' id='word_1_125' title='bbox 1377 2314 1529 2400; x_wconf 88' lang='lat' dir='ltr'><strong>specialis</strong></span> 
     </span>
     <span class='ocr_line' id='line_1_17' title="bbox 277 2421 1529 2509; baseline 0 -22"><span class='ocrx_word' id='word_1_126' title='bbox 277 2423 450 2506; x_wconf 89' lang='lat' dir='ltr'><strong>provincia</strong></span> <span class='ocrx_word' id='word_1_127' title='bbox 466 2423 674 2489; x_wconf 89' lang='lat' dir='ltr'><strong>contineatur</strong></span> <span class='ocrx_word' id='word_1_128' title='bbox 689 2443 824 2489; x_wconf 89' lang='lat' dir='ltr'><strong>neeesse</strong></span> <span class='ocrx_word' id='word_1_129' title='bbox 840 2427 901 2502; x_wconf 88' lang='lat' dir='ltr'><strong>est,</strong></span> <span class='ocrx_word' id='word_1_130' title='bbox 919 2424 1075 2506; x_wconf 86' lang='lat' dir='ltr'><strong>quidquid</strong></span> <span class='ocrx_word' id='word_1_131' title='bbox 1089 2445 1150 2509; x_wconf 91' lang='lat' dir='ltr'><strong>per</strong></span> <span class='ocrx_word' id='word_1_132' title='bbox 1164 2424 1296 2490; x_wconf 91' lang='lat' dir='ltr'><strong>modum</strong></span> <span class='ocrx_word' id='word_1_133' title='bbox 1311 2421 1529 2506; x_wconf 83' lang='lat' dir='ltr'><strong>legislationis</strong></span> 
     </span>
     <span class='ocr_line' id='line_1_18' title="bbox 278 2528 1529 2614; baseline 0.002 -22"><span class='ocrx_word' id='word_1_134' title='bbox 278 2528 463 2596; x_wconf 88' lang='lat' dir='ltr'><strong>obiectivas</strong></span> <span class='ocrx_word' id='word_1_135' title='bbox 486 2529 606 2610; x_wconf 84' lang='lat' dir='ltr'><strong>agendi</strong></span> <span class='ocrx_word' id='word_1_136' title='bbox 628 2550 761 2595; x_wconf 87' lang='lat' dir='ltr'><strong>normas</strong></span> <span class='ocrx_word' id='word_1_137' title='bbox 787 2530 1050 2614; x_wconf 90' lang='lat' dir='ltr'><strong>comprehendit,</strong></span> <span class='ocrx_word' id='word_1_138' title='bbox 1082 2530 1198 2614; x_wconf 86' lang='lat' dir='ltr'><strong>quibus</strong></span> <span class='ocrx_word' id='word_1_139' title='bbox 1223 2534 1396 2596; x_wconf 89' lang='lat' dir='ltr'><strong>creaturae</strong></span> <span class='ocrx_word' id='word_1_140' title='bbox 1424 2529 1529 2596; x_wconf 87' lang='lat' dir='ltr'><strong>ratio·</strong></span> 
     </span>
     <span class='ocr_line' id='line_1_19' title="bbox 279 2634 1527 2719; baseline 0 -19"><span class='ocrx_word' id='word_1_141' title='bbox 279 2635 373 2700; x_wconf 86' lang='lat' dir='ltr'><strong>nales</strong></span> <span class='ocrx_word' id='word_1_142' title='bbox 392 2634 568 2700; x_wconf 90' lang='lat' dir='ltr'><strong>secundum</strong></span> <span class='ocrx_word' id='word_1_143' title='bbox 589 2635 798 2701; x_wconf 85' lang='lat' dir='ltr'><strong>essentialem</strong></span> <span class='ocrx_word' id='word_1_144' title='bbox 821 2635 963 2719; x_wconf 86' lang='lat' dir='ltr'><strong>aliquem</strong></span> <span class='ocrx_word' id='word_1_145' title='bbox 987 2641 1126 2703; x_wconf 87' lang='lat' dir='ltr'><strong>naturae</strong></span> <span class='ocrx_word' id='word_1_146' title='bbox 1148 2635 1320 2703; x_wconf 90' lang='lat' dir='ltr'><strong>rationalis</strong></span> <span class='ocrx_word' id='word_1_147' title='bbox 1341 2639 1527 2719; x_wconf 89' lang='lat' dir='ltr'><strong>respectum</strong></span> 
     </span>
     <span class='ocr_line' id='line_1_20' title="bbox 279 2740 1526 2830; baseline 0 -24"><span class='ocrx_word' id='word_1_148' title='bbox 279 2740 322 2806; x_wconf 91' lang='lat' dir='ltr'><strong>ad</strong></span> <span class='ocrx_word' id='word_1_149' title='bbox 339 2762 527 2825; x_wconf 88' lang='lat' dir='ltr'><strong>supremum</strong></span> <span class='ocrx_word' id='word_1_150' title='bbox 544 2742 720 2808; x_wconf 86' lang='lat' dir='ltr'><strong>creationis</strong></span> <span class='ocrx_word' id='word_1_151' title='bbox 735 2743 832 2808; x_wconf 88' lang='lat' dir='ltr'><strong>finem</strong></span> <span class='ocrx_word' id='word_1_152' title='bbox 845 2743 1047 2811; x_wconf 85' lang='lat' dir='ltr'><strong>ordinentur.</strong></span> <span class='ocrx_word' id='word_1_153' title='bbox 1074 2745 1173 2830; x_wconf 80' lang='lat' dir='ltr'><strong>Atqui</strong></span> <span class='ocrx_word' id='word_1_154' title='bbox 1188 2743 1290 2811; x_wconf 89' lang='lat' dir='ltr'><strong>talem</strong></span> <span class='ocrx_word' id='word_1_155' title='bbox 1302 2742 1526 2810; x_wconf 87' lang='lat' dir='ltr'><strong>characterem</strong></span> 
     </span>
     <span class='ocr_line' id='line_1_21' title="bbox 279 2848 1527 2934; baseline 0.001 -21"><span class='ocrx_word' id='word_1_156' title='bbox 279 2848 332 2914; x_wconf 90' lang='lat' dir='ltr'><strong>ius</strong></span> <span class='ocrx_word' id='word_1_157' title='bbox 344 2848 518 2915; x_wconf 82' lang='lat' dir='ltr'><strong>manifeste</strong></span> <span class='ocrx_word' id='word_1_158' title='bbox 534 2850 753 2934; x_wconf 81' lang='lat' dir='ltr'><strong>praesefert.</strong></span> <span class='ocrx_word' id='word_1_159' title='bbox 778 2850 897 2916; x_wconf 82' lang='lat' dir='ltr'><strong>Totum</strong></span> <span class='ocrx_word' id='word_1_160' title='bbox 914 2849 1001 2916; x_wconf 84' lang='lat' dir='ltr'><strong>enim</strong></span> <span class='ocrx_word' id='word_1_161' title='bbox 1014 2854 1168 2917; x_wconf 89' lang='lat' dir='ltr'><strong>versatur</strong></span> <span class='ocrx_word' id='word_1_162' title='bbox 1183 2851 1215 2916; x_wconf 95' lang='lat' dir='ltr'><strong>in</strong></span> <span class='ocrx_word' id='word_1_163' title='bbox 1232 2854 1324 2917; x_wconf 87' lang='lat' dir='ltr'><strong>recte</strong></span> <span class='ocrx_word' id='word_1_164' title='bbox 1339 2849 1527 2916; x_wconf 83' lang='lat' dir='ltr'><strong>ordinandis</strong></span> 
     </span>
     <span class='ocr_line' id='line_1_22' title="bbox 279 2955 1527 3039; baseline 0.002 -20"><span class='ocrx_word' id='word_1_165' title='bbox 279 2955 481 3033; x_wconf 87' lang='lat' dir='ltr'><strong>hominibus,</strong></span> <span class='ocrx_word' id='word_1_166' title='bbox 506 2977 569 3022; x_wconf 89' lang='lat' dir='ltr'><strong>non</strong></span> <span class='ocrx_word' id='word_1_167' title='bbox 594 2957 724 3039; x_wconf 91' lang='lat' dir='ltr'><strong>quidem</strong></span> <span class='ocrx_word' id='word_1_168' title='bbox 748 2958 924 3023; x_wconf 88' lang='lat' dir='ltr'><strong>secundum</strong></span> <span class='ocrx_word' id='word_1_169' title='bbox 949 2961 1056 3023; x_wconf 87' lang='lat' dir='ltr'><strong>totum</strong></span> <span class='ocrx_word' id='word_1_170' title='bbox 1080 2956 1238 3036; x_wconf 88' lang='lat' dir='ltr'><strong>ambitum</strong></span> <span class='ocrx_word' id='word_1_171' title='bbox 1261 2961 1401 3023; x_wconf 89' lang='lat' dir='ltr'><strong>naturae</strong></span> <span class='ocrx_word' id='word_1_172' title='bbox 1424 2957 1527 3022; x_wconf 90' lang='lat' dir='ltr'><strong>retio-</strong></span> 
     </span>
     <span class='ocr_line' id='line_1_23' title="bbox 281 3061 1526 3149; baseline 0.002 -24"><span class='ocrx_word' id='word_1_173' title='bbox 281 3061 375 3141; x_wconf 89' lang='lat' dir='ltr'><strong>nalis‚</strong></span> <span class='ocrx_word' id='word_1_174' title='bbox 393 3061 450 3126; x_wconf 90' lang='lat' dir='ltr'><strong>sed</strong></span> <span class='ocrx_word' id='word_1_175' title='bbox 467 3061 638 3145; x_wconf 88' lang='lat' dir='ltr'><strong>speciatim</strong></span> <span class='ocrx_word' id='word_1_176' title='bbox 654 3065 827 3128; x_wconf 78' lang='lat' dir='ltr'><strong>secuudum</strong></span> <span class='ocrx_word' id='word_1_177' title='bbox 844 3065 1025 3129; x_wconf 85' lang='lat' dir='ltr'><strong>obiecticam</strong></span> <span class='ocrx_word' id='word_1_178' title='bbox 1039 3065 1228 3149; x_wconf 75' lang='lat' dir='ltr'><strong>eripeatiam</strong></span> <span class='ocrx_word' id='word_1_179' title='bbox 1240 3071 1378 3128; x_wconf 75' lang='lat' dir='ltr'><strong>naturae</strong></span> <span class='ocrx_word' id='word_1_180' title='bbox 1389 3065 1526 3128; x_wconf 81' lang='lat' dir='ltr'><strong>socialis.</strong></span> 
     </span>
     <span class='ocr_line' id='line_1_24' title="bbox 282 3167 1526 3252; baseline 0.002 -20"><span class='ocrx_word' id='word_1_181' title='bbox 282 3167 367 3252; x_wconf 76' lang='lat' dir='ltr'><strong>Erpa</strong></span> <span class='ocrx_word' id='word_1_182' title='bbox 390 3167 441 3234; x_wconf 90' lang='lat' dir='ltr'><strong>ius</strong></span> <span class='ocrx_word' id='word_1_183' title='bbox 465 3189 483 3233; x_wconf 92' lang='lat' dir='ltr'><strong>e</strong></span> <span class='ocrx_word' id='word_1_184' title='bbox 506 3189 567 3234; x_wconf 89' lang='lat' dir='ltr'><strong>sua</strong></span> <span class='ocrx_word' id='word_1_185' title='bbox 581 3170 715 3235; x_wconf 91' lang='lat' dir='ltr'><strong>notione</strong></span> <span class='ocrx_word' id='word_1_186' title='bbox 731 3173 765 3235; x_wconf 91' lang='lat' dir='ltr'><strong>et</strong></span> <span class='ocrx_word' id='word_1_187' title='bbox 781 3191 840 3252; x_wconf 90' lang='lat' dir='ltr'><strong>per</strong></span> <span class='ocrx_word' id='word_1_188' title='bbox 856 3169 1034 3235; x_wconf 87' lang='lat' dir='ltr'><strong>essentiam</strong></span> <span class='ocrx_word' id='word_1_189' title='bbox 1057 3169 1145 3235; x_wconf 90' lang='lat' dir='ltr'><strong>intra</strong></span> <span class='ocrx_word' id='word_1_190' title='bbox 1160 3169 1358 3236; x_wconf 89' lang='lat' dir='ltr'><strong>obieetivnm</strong></span> <span class='ocrx_word' id='word_1_191' title='bbox 1381 3169 1526 3234; x_wconf 88' lang='lat' dir='ltr'><strong>ordinem</strong></span> 
     </span>
     <span class='ocr_line' id='line_1_25' title="bbox 283 3275 1437 3360; baseline 0.003 -22"><span class='ocrx_word' id='word_1_192' title='bbox 283 3275 438 3340; x_wconf 89' lang='lat' dir='ltr'><strong>moralem</strong></span> <span class='ocrx_word' id='word_1_193' title='bbox 462 3275 650 3341; x_wconf 90' lang='lat' dir='ltr'><strong>universum</strong></span> <span class='ocrx_word' id='word_1_194' title='bbox 673 3281 841 3358; x_wconf 88' lang='lat' dir='ltr'><strong>tamquam</strong></span> <span class='ocrx_word' id='word_1_195' title='bbox 872 3275 1025 3360; x_wconf 88' lang='lat' dir='ltr'><strong>specialis</strong></span> <span class='ocrx_word' id='word_1_196' title='bbox 1048 3276 1118 3341; x_wconf 89' lang='lat' dir='ltr'><strong>eius</strong></span> <span class='ocrx_word' id='word_1_197' title='bbox 1139 3297 1217 3360; x_wconf 90' lang='lat' dir='ltr'><strong>pars</strong></span> <span class='ocrx_word' id='word_1_198' title='bbox 1241 3276 1437 3343; x_wconf 88' lang='lat' dir='ltr'><strong>continetur.</strong></span> 
     </span>
    </p>

    <p class='ocr_par' dir='ltr' id='par_1_6' title="bbox 283 3380 1527 4636">
     <span class='ocr_line' id='line_1_26' title="bbox 371 3380 1525 3465; baseline 0.001 -20"><span class='ocrx_word' id='word_1_199' title='bbox 371 3380 487 3447; x_wconf 91' lang='lat' dir='ltr'><strong>Prob.</strong></span> <span class='ocrx_word' id='word_1_200' title='bbox 518 3382 657 3449; x_wconf 86' lang='lat' dir='ltr'><strong>maior.</strong></span> <span class='ocrx_word' id='word_1_201' title='bbox 707 3381 794 3448; x_wconf 93' lang='lat' dir='ltr'><strong>Ordo</strong></span> <span class='ocrx_word' id='word_1_202' title='bbox 827 3381 939 3447; x_wconf 93' lang='lat' dir='ltr'><strong>mundi</strong></span> <span class='ocrx_word' id='word_1_203' title='bbox 971 3382 1162 3462; x_wconf 81' lang='lat' dir='ltr'><strong>universus,</strong></span> <span class='ocrx_word' id='word_1_204' title='bbox 1197 3382 1251 3465; x_wconf 93' lang='lat' dir='ltr'><strong>qui</strong></span> <span class='ocrx_word' id='word_1_205' title='bbox 1281 3387 1333 3449; x_wconf 90' lang='lat' dir='ltr'><strong>est</strong></span> <span class='ocrx_word' id='word_1_206' title='bbox 1363 3381 1525 3448; x_wconf 88' lang='lat' dir='ltr'><strong>obiectum</strong></span> 
     </span>
     <span class='ocr_line' id='line_1_27' title="bbox 283 3487 1527 3575; baseline 0.001 -24"><span class='ocrx_word' id='word_1_207' title='bbox 283 3487 364 3570; x_wconf 84' lang='lat' dir='ltr'><strong>legis</strong></span> <span class='ocrx_word' id='word_1_208' title='bbox 395 3491 560 3567; x_wconf 87' lang='lat' dir='ltr'><strong>aeternae,</strong></span> <span class='ocrx_word' id='word_1_209' title='bbox 590 3488 711 3574; x_wconf 89' lang='lat' dir='ltr'><strong>partim</strong></span> <span class='ocrx_word' id='word_1_210' title='bbox 743 3493 795 3554; x_wconf 85' lang='lat' dir='ltr'><strong>est</strong></span> <span class='ocrx_word' id='word_1_211' title='bbox 824 3489 904 3554; x_wconf 92' lang='lat' dir='ltr'><strong>ordo</strong></span> <span class='ocrx_word' id='word_1_212' title='bbox 934 3493 1068 3556; x_wconf 84' lang='lat' dir='ltr'><strong>moralis</strong></span> <span class='ocrx_word' id='word_1_213' title='bbox 1094 3489 1215 3573; x_wconf 84' lang='lat' dir='ltr'><strong>partim</strong></span> <span class='ocrx_word' id='word_1_214' title='bbox 1235 3491 1398 3575; x_wconf 79' lang='lat' dir='ltr'><strong>physicas,</strong></span> <span class='ocrx_word' id='word_1_215' title='bbox 1429 3492 1527 3571; x_wconf 91' lang='lat' dir='ltr'><strong>prout</strong></span> 
     </span>
     <span class='ocr_line' id='line_1_28' title="bbox 284 3593 1524 3662; baseline 0.002 -5"><span class='ocrx_word' id='word_1_216' title='bbox 284 3597 434 3658; x_wconf 88' lang='lat' dir='ltr'><strong>versatur</strong></span> <span class='ocrx_word' id='word_1_217' title='bbox 464 3593 551 3660; x_wconf 87' lang='lat' dir='ltr'><strong>circa</strong></span> <span class='ocrx_word' id='word_1_218' title='bbox 581 3599 751 3661; x_wconf 89' lang='lat' dir='ltr'><strong>creaturas</strong></span> <span class='ocrx_word' id='word_1_219' title='bbox 781 3595 960 3662; x_wconf 87' lang='lat' dir='ltr'><strong>rationales</strong></span> <span class='ocrx_word' id='word_1_220' title='bbox 991 3600 1051 3662; x_wconf 87' lang='lat' dir='ltr'><strong>aut</strong></span> <span class='ocrx_word' id='word_1_221' title='bbox 1077 3595 1338 3662; x_wconf 88' lang='lat' dir='ltr'><strong>non-rationales</strong></span> <span class='ocrx_word' id='word_1_222' title='bbox 1361 3595 1403 3661; x_wconf 90' lang='lat' dir='ltr'><strong>ad</strong></span> <span class='ocrx_word' id='word_1_223' title='bbox 1426 3615 1524 3660; x_wconf 89' lang='lat' dir='ltr'><strong>unum</strong></span> 
     </span>
     <span class='ocr_line' id='line_1_29' title="bbox 283 3701 1525 3785; baseline 0.002 -21"><span class='ocrx_word' id='word_1_224' title='bbox 283 3721 465 3784; x_wconf 90' lang='lat' dir='ltr'><strong>supremum</strong></span> <span class='ocrx_word' id='word_1_225' title='bbox 491 3701 595 3767; x_wconf 89' lang='lat' dir='ltr'><strong>omnis</strong></span> <span class='ocrx_word' id='word_1_226' title='bbox 619 3701 794 3768; x_wconf 87' lang='lat' dir='ltr'><strong>creationis</strong></span> <span class='ocrx_word' id='word_1_227' title='bbox 817 3705 913 3767; x_wconf 89' lang='lat' dir='ltr'><strong>finem</strong></span> <span class='ocrx_word' id='word_1_228' title='bbox 935 3708 1025 3770; x_wconf 92' lang='lat' dir='ltr'><strong>recte</strong></span> <span class='ocrx_word' id='word_1_229' title='bbox 1041 3703 1249 3768; x_wconf 91' lang='lat' dir='ltr'><strong>ordinandas.</strong></span> <span class='ocrx_word' id='word_1_230' title='bbox 1280 3702 1398 3784; x_wconf 88' lang='lat' dir='ltr'><strong>Itaque</strong></span> <span class='ocrx_word' id='word_1_231' title='bbox 1413 3722 1525 3785; x_wconf 87' lang='lat' dir='ltr'><strong>quem·</strong></span> 
     </span>
     <span class='ocr_line' id='line_1_30' title="bbox 284 3806 1523 3896; baseline 0.001 -24"><span class='ocrx_word' id='word_1_232' title='bbox 284 3806 453 3873; x_wconf 90' lang='lat' dir='ltr'><strong>admodum</strong></span> <span class='ocrx_word' id='word_1_233' title='bbox 488 3809 567 3874; x_wconf 85' lang='lat' dir='ltr'><strong>ordo</strong></span> <span class='ocrx_word' id='word_1_234' title='bbox 601 3810 752 3896; x_wconf 77' lang='lat' dir='ltr'><strong>physicus</strong></span> <span class='ocrx_word' id='word_1_235' title='bbox 782 3809 969 3876; x_wconf 90' lang='lat' dir='ltr'><strong>universum</strong></span> <span class='ocrx_word' id='word_1_236' title='bbox 999 3810 1154 3875; x_wconf 90' lang='lat' dir='ltr'><strong>mundum</strong></span> <span class='ocrx_word' id='word_1_237' title='bbox 1182 3809 1353 3893; x_wconf 89' lang='lat' dir='ltr'><strong>physicum</strong></span> <span class='ocrx_word' id='word_1_238' title='bbox 1387 3812 1457 3874; x_wconf 91' lang='lat' dir='ltr'><strong>tum</strong></span> <span class='ocrx_word' id='word_1_239' title='bbox 1491 3808 1523 3873; x_wconf 90' lang='lat' dir='ltr'><strong>in</strong></span> 
     </span>
     <span class='ocr_line' id='line_1_31' title="bbox 284 3913 1525 3999; baseline 0.004 -22"><span class='ocrx_word' id='word_1_240' title='bbox 284 3913 348 3978; x_wconf 90' lang='lat' dir='ltr'><strong>suis</strong></span> <span class='ocrx_word' id='word_1_241' title='bbox 372 3914 542 3980; x_wconf 90' lang='lat' dir='ltr'><strong>elementis</strong></span> <span class='ocrx_word' id='word_1_242' title='bbox 566 3915 818 3999; x_wconf 85' lang='lat' dir='ltr'><strong>particularibus</strong></span> <span class='ocrx_word' id='word_1_243' title='bbox 841 3919 911 3980; x_wconf 94' lang='lat' dir='ltr'><strong>tum</strong></span> <span class='ocrx_word' id='word_1_244' title='bbox 933 3915 967 3980; x_wconf 88' lang='lat' dir='ltr'><strong>iu</strong></span> <span class='ocrx_word' id='word_1_245' title='bbox 990 3935 1053 3980; x_wconf 88' lang='lat' dir='ltr'><strong>sua</strong></span> <span class='ocrx_word' id='word_1_246' title='bbox 1075 3915 1249 3980; x_wconf 89' lang='lat' dir='ltr'><strong>collectiva</strong></span> <span class='ocrx_word' id='word_1_247' title='bbox 1271 3915 1464 3998; x_wconf 80' lang='lat' dir='ltr'><strong>integritate</strong></span> <span class='ocrx_word' id='word_1_248' title='bbox 1491 3920 1525 3982; x_wconf 89' lang='lat' dir='ltr'><strong>et</strong></span> 
     </span>
     <span class='ocr_line' id='line_1_32' title="bbox 285 4019 1524 4106; baseline 0.001 -22"><span class='ocrx_word' id='word_1_249' title='bbox 285 4019 469 4086; x_wconf 87' lang='lat' dir='ltr'><strong>harmonica</strong></span> <span class='ocrx_word' id='word_1_250' title='bbox 499 4021 627 4088; x_wconf 87' lang='lat' dir='ltr'><strong>unitate</strong></span> <span class='ocrx_word' id='word_1_251' title='bbox 658 4021 913 4106; x_wconf 84' lang='lat' dir='ltr'><strong>comprehendit,</strong></span> <span class='ocrx_word' id='word_1_252' title='bbox 944 4021 993 4086; x_wconf 89' lang='lat' dir='ltr'><strong>ita</strong></span> <span class='ocrx_word' id='word_1_253' title='bbox 1015 4023 1095 4087; x_wconf 83' lang='lat' dir='ltr'><strong>ordo</strong></span> <span class='ocrx_word' id='word_1_254' title='bbox 1117 4023 1249 4087; x_wconf 83' lang='lat' dir='ltr'><strong>moralis</strong></span> <span class='ocrx_word' id='word_1_255' title='bbox 1273 4020 1315 4086; x_wconf 91' lang='lat' dir='ltr'><strong>ad</strong></span> <span class='ocrx_word' id='word_1_256' title='bbox 1337 4020 1524 4086; x_wconf 89' lang='lat' dir='ltr'><strong>universum</strong></span> 
     </span>
     <span class='ocr_line' id='line_1_33' title="bbox 285 4124 1525 4211; baseline 0 -21"><span class='ocrx_word' id='word_1_257' title='bbox 285 4127 433 4192; x_wconf 92' lang='lat' dir='ltr'><strong>mundum</strong></span> <span class='ocrx_word' id='word_1_258' title='bbox 457 4127 614 4193; x_wconf 86' lang='lat' dir='ltr'><strong>moralem</strong></span> <span class='ocrx_word' id='word_1_259' title='bbox 639 4127 685 4211; x_wconf 89' lang='lat' dir='ltr'><strong>(in</strong></span> <span class='ocrx_word' id='word_1_260' title='bbox 704 4127 755 4192; x_wconf 88' lang='lat' dir='ltr'><strong>his</strong></span> <span class='ocrx_word' id='word_1_261' title='bbox 770 4128 870 4194; x_wconf 87' lang='lat' dir='ltr'><strong>terris</strong></span> <span class='ocrx_word' id='word_1_262' title='bbox 885 4148 990 4210; x_wconf 87' lang='lat' dir='ltr'><strong>genus</strong></span> <span class='ocrx_word' id='word_1_263' title='bbox 1005 4126 1195 4211; x_wconf 91' lang='lat' dir='ltr'><strong>humanum)</strong></span> <span class='ocrx_word' id='word_1_264' title='bbox 1219 4137 1286 4194; x_wconf 79' lang='lat' dir='ltr'><strong>tum</strong></span> <span class='ocrx_word' id='word_1_265' title='bbox 1300 4128 1335 4192; x_wconf 91' lang='lat' dir='ltr'><strong>in</strong></span> <span class='ocrx_word' id='word_1_266' title='bbox 1349 4124 1525 4192; x_wconf 88' lang='lat' dir='ltr'><strong>individuis</strong></span> 
     </span>
     <span class='ocr_line' id='line_1_34' title="bbox 285 4231 1525 4318; baseline -0.001 -21"><span class='ocrx_word' id='word_1_267' title='bbox 285 4240 344 4298; x_wconf 81' lang='lat' dir='ltr'><strong>tam</strong></span> <span class='ocrx_word' id='word_1_268' title='bbox 374 4232 407 4298; x_wconf 92' lang='lat' dir='ltr'><strong>iu</strong></span> <span class='ocrx_word' id='word_1_269' title='bbox 438 4234 611 4318; x_wconf 84' lang='lat' dir='ltr'><strong>complexu</strong></span> <span class='ocrx_word' id='word_1_270' title='bbox 635 4233 748 4300; x_wconf 85' lang='lat' dir='ltr'><strong>sociali</strong></span> <span class='ocrx_word' id='word_1_271' title='bbox 772 4236 806 4299; x_wconf 90' lang='lat' dir='ltr'><strong>et</strong></span> <span class='ocrx_word' id='word_1_272' title='bbox 830 4233 988 4317; x_wconf 84' lang='lat' dir='ltr'><strong>organica</strong></span> <span class='ocrx_word' id='word_1_273' title='bbox 1010 4234 1138 4300; x_wconf 88' lang='lat' dir='ltr'><strong>unitate</strong></span> <span class='ocrx_word' id='word_1_274' title='bbox 1161 4254 1203 4298; x_wconf 83' lang='lat' dir='ltr'><strong>ex</strong></span> <span class='ocrx_word' id='word_1_275' title='bbox 1226 4237 1337 4300; x_wconf 89' lang='lat' dir='ltr'><strong>mente</strong></span> <span class='ocrx_word' id='word_1_276' title='bbox 1360 4231 1525 4298; x_wconf 67' lang='lat' dir='ltr'><strong>creatoris</strong></span> 
     </span>
     <span class='ocr_line' id='line_1_35' title="bbox 288 4338 1524 4424; baseline 0 -21"><span class='ocrx_word' id='word_1_277' title='bbox 288 4343 369 4404; x_wconf 86' lang='lat' dir='ltr'><strong>recte</strong></span> <span class='ocrx_word' id='word_1_278' title='bbox 392 4338 604 4406; x_wconf 87' lang='lat' dir='ltr'><strong>ordinandum</strong></span> <span class='ocrx_word' id='word_1_279' title='bbox 622 4361 659 4404; x_wconf 90' lang='lat' dir='ltr'><strong>se</strong></span> <span class='ocrx_word' id='word_1_280' title='bbox 675 4339 835 4418; x_wconf 87' lang='lat' dir='ltr'><strong>extendit,</strong></span> <span class='ocrx_word' id='word_1_281' title='bbox 859 4339 980 4424; x_wconf 83' lang='lat' dir='ltr'><strong>partim</strong></span> <span class='ocrx_word' id='word_1_282' title='bbox 996 4338 1126 4421; x_wconf 91' lang='lat' dir='ltr'><strong>quidem</strong></span> <span class='ocrx_word' id='word_1_283' title='bbox 1142 4339 1333 4406; x_wconf 88' lang='lat' dir='ltr'><strong>immediate</strong></span> <span class='ocrx_word' id='word_1_284' title='bbox 1348 4339 1409 4404; x_wconf 91' lang='lat' dir='ltr'><strong>Dei</strong></span> <span class='ocrx_word' id='word_1_285' title='bbox 1424 4338 1524 4421; x_wconf 88' lang='lat' dir='ltr'><strong>legis·</strong></span> 
     </span>
     <span class='ocr_line' id='line_1_36' title="bbox 287 4444 1525 4530; baseline 0.002 -21"><span class='ocrx_word' id='word_1_286' title='bbox 287 4445 411 4523; x_wconf 85' lang='lat' dir='ltr'><strong>latione,</strong></span> <span class='ocrx_word' id='word_1_287' title='bbox 443 4445 563 4528; x_wconf 92' lang='lat' dir='ltr'><strong>partim</strong></span> <span class='ocrx_word' id='word_1_288' title='bbox 594 4445 746 4522; x_wconf 86' lang='lat' dir='ltr'><strong>mediate,</strong></span> <span class='ocrx_word' id='word_1_289' title='bbox 777 4446 797 4512; x_wconf 94' lang='lat' dir='ltr'><strong>i.</strong></span> <span class='ocrx_word' id='word_1_290' title='bbox 823 4467 850 4512; x_wconf 90' lang='lat' dir='ltr'><strong>e.</strong></span> <span class='ocrx_word' id='word_1_291' title='bbox 880 4450 1078 4530; x_wconf 90' lang='lat' dir='ltr'><strong>cooperante</strong></span> <span class='ocrx_word' id='word_1_292' title='bbox 1108 4445 1308 4512; x_wconf 88' lang='lat' dir='ltr'><strong>auctoritate</strong></span> <span class='ocrx_word' id='word_1_293' title='bbox 1337 4444 1452 4510; x_wconf 89' lang='lat' dir='ltr'><strong>sociali</strong></span> <span class='ocrx_word' id='word_1_294' title='bbox 1481 4465 1525 4511; x_wconf 84' lang='lat' dir='ltr'><strong>ex</strong></span> 
     </span>
     <span class='ocr_line' id='line_1_37' title="bbox 288 4550 774 4636; baseline 0.002 -20"><span class='ocrx_word' id='word_1_295' title='bbox 288 4550 339 4616; x_wconf 91' lang='lat' dir='ltr'><strong>Dei</strong></span> <span class='ocrx_word' id='word_1_296' title='bbox 362 4551 517 4619; x_wconf 88' lang='lat' dir='ltr'><strong>mandato</strong></span> <span class='ocrx_word' id='word_1_297' title='bbox 541 4556 575 4618; x_wconf 90' lang='lat' dir='ltr'><strong>et</strong></span> <span class='ocrx_word' id='word_1_298' title='bbox 598 4555 774 4636; x_wconf 86' lang='lat' dir='ltr'><strong>potestate.</strong></span> 
     </span>
    </p>

    <p class='ocr_par' dir='ltr' id='par_1_7' title="bbox 288 4661 1194 4751">
     <span class='ocr_line' id='line_1_38' title="bbox 288 4661 1194 4751; baseline -0.003 -18"><span class='ocrx_word' id='word_1_299' title='bbox 288 4661 349 4734; x_wconf 75' lang='lat'><strong>509.</strong></span> <span class='ocrx_word' id='word_1_300' title='bbox 438 4661 598 4734; x_wconf 72' lang='lat' dir='ltr'><strong>Probatur</strong></span> <span class='ocrx_word' id='word_1_301' title='bbox 619 4661 662 4734; x_wconf 84' lang='lat'><strong>11⁰</strong></span> <span class='ocrx_word' id='word_1_302' title='bbox 685 4668 812 4732; x_wconf 77' lang='lat' dir='ltr'><strong>exclusa</strong></span> <span class='ocrx_word' id='word_1_303' title='bbox 836 4669 1000 4731; x_wconf 79' lang='lat' dir='ltr'><strong>coratrariu</strong></span> <span class='ocrx_word' id='word_1_304' title='bbox 1023 4667 1194 4751; x_wconf 78' lang='lat' dir='ltr'><strong>hypothesi.</strong></span> 
     </span>
    </p>

    <p class='ocr_par' dir='ltr' id='par_1_8' title="bbox 288 4768 1523 5068">
     <span class='ocr_line' id='line_1_39' title="bbox 367 4768 1522 4854; baseline 0 -20"><span class='ocrx_word' id='word_1_305' title='bbox 367 4768 426 4846; x_wconf 81' lang='lat' dir='ltr'><strong>Qui</strong></span> <span class='ocrx_word' id='word_1_306' title='bbox 456 4791 576 4835; x_wconf 87' lang='lat' dir='ltr'><strong>nexum</strong></span> <span class='ocrx_word' id='word_1_307' title='bbox 607 4771 687 4836; x_wconf 89' lang='lat' dir='ltr'><strong>iuris</strong></span> <span class='ocrx_word' id='word_1_308' title='bbox 720 4792 792 4836; x_wconf 92' lang='lat' dir='ltr'><strong>cum</strong></span> <span class='ocrx_word' id='word_1_309' title='bbox 823 4771 1013 4838; x_wconf 88' lang='lat' dir='ltr'><strong>moralitate</strong></span> <span class='ocrx_word' id='word_1_310' title='bbox 1043 4769 1255 4854; x_wconf 85' lang='lat' dir='ltr'><strong>originarium</strong></span> <span class='ocrx_word' id='word_1_311' title='bbox 1287 4770 1427 4853; x_wconf 87' lang='lat' dir='ltr'><strong>quidem,</strong></span> <span class='ocrx_word' id='word_1_312' title='bbox 1458 4791 1522 4836; x_wconf 92' lang='lat' dir='ltr'><strong>uon</strong></span> 
     </span>
     <span class='ocr_line' id='line_1_40' title="bbox 288 4875 1523 4959; baseline 0.002 -20"><span class='ocrx_word' id='word_1_313' title='bbox 288 4879 387 4941; x_wconf 88' lang='lat' dir='ltr'><strong>autem</strong></span> <span class='ocrx_word' id='word_1_314' title='bbox 410 4880 604 4959; x_wconf 89' lang='lat' dir='ltr'><strong>perpetuum</strong></span> <span class='ocrx_word' id='word_1_315' title='bbox 630 4875 669 4942; x_wconf 90' lang='lat' dir='ltr'><strong>de</strong></span> <span class='ocrx_word' id='word_1_316' title='bbox 693 4877 821 4942; x_wconf 89' lang='lat' dir='ltr'><strong>ratione</strong></span> <span class='ocrx_word' id='word_1_317' title='bbox 844 4877 924 4942; x_wconf 86' lang='lat' dir='ltr'><strong>iuris</strong></span> <span class='ocrx_word' id='word_1_318' title='bbox 940 4898 1014 4943; x_wconf 86' lang='lat' dir='ltr'><strong>esse</strong></span> <span class='ocrx_word' id='word_1_319' title='bbox 1029 4879 1155 4956; x_wconf 84' lang='lat' dir='ltr'><strong>volunt,</strong></span> <span class='ocrx_word' id='word_1_320' title='bbox 1178 4877 1260 4944; x_wconf 83' lang='lat' dir='ltr'><strong>hacc</strong></span> <span class='ocrx_word' id='word_1_321' title='bbox 1276 4876 1339 4942; x_wconf 92' lang='lat' dir='ltr'><strong>duo</strong></span> <span class='ocrx_word' id='word_1_322' title='bbox 1354 4881 1523 4959; x_wconf 88' lang='lat' dir='ltr'><strong>tamquam</strong></span> 
     </span>
     <span class='ocr_line' id='line_1_41' title="bbox 288 4983 1522 5068; baseline 0.002 -23"><span class='ocrx_word' id='word_1_323' title='bbox 288 4986 368 5048; x_wconf 88' lang='lat' dir='ltr'><strong>certa</strong></span> <span class='ocrx_word' id='word_1_324' title='bbox 398 4988 601 5066; x_wconf 89' lang='lat' dir='ltr'><strong>supponunt:</strong></span> <span class='ocrx_word' id='word_1_325' title='bbox 636 4988 664 5050; x_wconf 94' lang='grc'><strong>1.</strong></span> <span class='ocrx_word' id='word_1_326' title='bbox 689 4983 740 5049; x_wconf 90' lang='lat' dir='ltr'><strong>ius</strong></span> <span class='ocrx_word' id='word_1_327' title='bbox 771 4983 885 5066; x_wconf 84' lang='lat' dir='ltr'><strong>vigens</strong></span> <span class='ocrx_word' id='word_1_328' title='bbox 912 4985 1037 5050; x_wconf 90' lang='lat' dir='ltr'><strong>nullum</strong></span> <span class='ocrx_word' id='word_1_329' title='bbox 1061 5005 1135 5050; x_wconf 91' lang='lat' dir='ltr'><strong>esse</strong></span> <span class='ocrx_word' id='word_1_330' title='bbox 1156 4983 1221 5048; x_wconf 89' lang='lat' dir='ltr'><strong>nisi</strong></span> <span class='ocrx_word' id='word_1_331' title='bbox 1242 4983 1431 5068; x_wconf 82' lang='lat' dir='ltr'><strong>positivum,</strong></span> <span class='ocrx_word' id='word_1_332' title='bbox 1461 4983 1522 5048; x_wconf 91' lang='lat' dir='ltr'><strong>hu·</strong></span> 
     </span>
    </p>
   </div>
   <div class='ocr_carea' id='block_1_3' title="bbox 0 0 1970 5842">
    <p class='ocr_par' dir='ltr' id='par_1_9' title="bbox 0 0 1970 5842">
     <span class='ocr_line' id='line_1_42' title="bbox 0 0 1970 5842; baseline 0 0"><span class='ocrx_word' id='word_1_333' title='bbox 0 0 1970 5842; x_wconf 95' lang='lat' dir='ltr'><strong> </strong></span> 
     </span>
    </p>
   </div>
  </div>
 </body>
</html>
