3909 5842
603 632 644 688 De
662 633 758 688 morali
776 637 887 688 actuum
906 633 1084 690 humanorum
1103 634 1294 690 indifferentia.
1509 641 1571 704 169

359 817 379 901 ἕ
403 823 433 888 2.
480 821 538 886 Do
559 821 712 886 morali
735 823 902 887 actuum
925 821 1200 888 humanorum
1223 821 1533 888 indifferentia.

318 955 388 1028 192.
479 958 531 1024 Ex
547 959 597 1037 iis,
615 979 699 1042 quae
715 959 755 1026 de
770 959 959 1028 moralitate
975 961 1134 1029 hactenus
1156 959 1343 1037 dictasunt,
1360 961 1441 1026 haec
1453 965 1571 1045 sponte

319 1083 383 1129 sua
415 1063 553 1130 ulterior
584 1065 732 1149 gignitur
763 1067 930 1150 quaestio:
966 1073 1075 1135 utrum
1109 1068 1273 1135 actionum
1297 1068 1511 1133 humanarum
1534 1072 1573 1133 ut

318 1171 494 1236 moralium
529 1171 645 1238 divisio
679 1173 712 1238 in
747 1173 851 1240 bonas
886 1179 920 1241 et
953 1176 1059 1240 malas
1094 1174 1138 1240 sit
1172 1175 1374 1258 adaequata,
1415 1195 1456 1240 an
1491 1194 1571 1240 vero

320 1279 497 1360 praeterea
519 1278 606 1345 inter
628 1279 703 1345 illas
724 1279 849 1346 medias
866 1281 985 1346 dantur
1000 1281 1156 1360 actiones,
1181 1301 1241 1346 nec
1256 1281 1363 1347 bonae
1377 1301 1438 1346 nec
1453 1281 1570 1358 malae,

320 1403 381 1447 seu
405 1385 569 1450 moraliter
591 1385 837 1469 indifferentes?
865 1385 910 1452 Et
932 1385 1091 1470 siquidem
1114 1385 1249 1452 moralis
1271 1387 1401 1452 bonitas
1424 1387 1477 1452 vel
1500 1407 1571 1451 ma-

319 1487 395 1554 litia
426 1489 556 1556 aliunde
585 1491 618 1556 in
652 1494 761 1558 actum
791 1491 934 1558 derivari
957 1497 1101 1576 nequeat
1124 1493 1187 1559 nisi
1210 1514 1252 1559 ex
1277 1493 1404 1559 obiecto
1427 1493 1482 1558 vel
1507 1495 1571 1558 fine

322 1595 376 1661 vel
402 1589 665 1677 circumstantiis,
691 1601 804 1666 eadem
830 1600 979 1682 quaestio
1005 1600 1151 1683 aequalis
1175 1602 1227 1665 est
1250 1599 1341 1665 huic:
1370 1609 1479 1665 utrum
1499 1602 1572 1684 ficri

318 1706 436 1788 possit,
467 1713 501 1769 ut
528 1727 656 1791 noque
687 1727 724 1771 ea·
753 1705 868 1772 obiecto
897 1729 1024 1792 neque
1056 1729 1093 1772 ax
1120 1707 1183 1789 fiae
1212 1728 1340 1792 aeque
1370 1729 1409 1772 ex
1439 1709 1570 1772 circum·

321 1813 452 1878 montiis
481 1815 589 1898 aliqua
620 1815 736 1898 speciae
765 1814 958 1878 moralitatis
987 1817 1022 1879 in
1054 1821 1158 1879 actum
1183 1814 1369 1880 derioetur?
1411 1813 1464 1878 Ad
1485 1814 1572 1878 hano

320 1937 441 1984 revera
456 1919 561 1983 ornnis
577 1919 802 1985 controversia
814 1919 926 1986 reduci
938 1922 1059 2003 potest,
1076 1939 1161 2002 quae
1172 1920 1213 1985 de
1223 1919 1340 1986 morali
1352 1919 1572 1986 indifferentia

320 2023 355 2088 in
386 2023 508 2090 scholis
538 2024 713 2108 disceptari
745 2026 925 2105 consuevit,
958 2025 1204 2107 divergentibus
1226 2025 1261 2090 in
1284 2026 1367 2091 duas
1389 2025 1571 2092 sententias

321 2129 521 2209 doctoribus,
552 2153 689 2214 quorum
720 2136 779 2198 olii
807 2137 902 2198 actus
924 2131 1085 2197 humanos
1108 2152 1173 2196 non
1196 2133 1301 2197 solum
1324 2132 1358 2197 in
1381 2133 1490 2216 specie
1511 2132 1571 2198 sed

321 2236 424 2304 etiam
446 2236 480 2302 in
503 2237 680 2315 individuo,
705 2241 765 2304 alii
788 2242 897 2304 autem
921 2242 1052 2304 tantum
1075 2237 1109 2302 in
1131 2239 1241 2322 specie
1263 2259 1322 2304 acu
1344 2239 1378 2304 in
1401 2239 1571 2306 abstracto

321 2344 493 2410 moraliter
514 2343 738 2411 indifferentes
761 2365 835 2410 esse
857 2365 954 2429 posse
978 2345 1189 2412 contendunt.
1220 2345 1373 2428 Namque
1395 2349 1489 2411 actus
1515 2349 1570 2428 ,in

322 2454 423 2536 specie
455 2473 509 2516 ocu
541 2453 577 2516 ia
610 2451 786 2517 abstracto“
819 2451 968 2529 sumitur,
1000 2451 1028 2517 si
1058 2455 1188 2517 tantum
1218 2453 1396 2518 secundnm
1419 2453 1570 2518 obiectum

322 2556 559 2634 consideratur,
583 2557 804 2625 abstrahendo
828 2579 849 2624 a
871 2560 934 2624 fine
958 2563 993 2625 et
1007 2557 1274 2635 circumstantiis,
1301 2562 1353 2639 ,ia
1378 2559 1568 2624 individuo“

322 2669 445 2741 autem,
473 2662 502 2728 si
525 2669 699 2747 praeterea
722 2664 898 2730 secundum
921 2666 1019 2730 finem
1043 2669 1079 2730 et
1101 2663 1368 2731 circumstantias
1389 2669 1569 2748 spectatur,

321 2788 407 2850 quae
438 2767 501 2834 duo
532 2769 574 2834 ad
597 2776 784 2838 concretam
807 2774 903 2836 actus
924 2770 1223 2836 individualitatem
1246 2771 1422 2854 pertinent.
1468 2771 1570 2837 Dubi-

321 2873 415 2942 tandi
440 2895 478 2940 ao
501 2874 652 2957 litigandi
675 2897 789 2942 ansam
812 2876 845 2940 in
869 2876 931 2942 hac
953 2897 990 2942 re
1013 2876 1164 2960 suggerit
1186 2897 1249 2942 non
1266 2881 1335 2943 tarn
1351 2877 1453 2962 ipsius
1470 2898 1570 2960 quae·

322 2979 439 3046 stionis
470 2979 657 3060 difficultas,
688 2981 716 3048 si
746 3003 805 3068 per
834 3004 870 3048 se
900 2987 1080 3067 spectatur,
1111 3003 1207 3065 quam
1239 2983 1369 3066 quidam
1401 2984 1570 3050 doctorum

323 3085 493 3152 dissensus
522 3087 611 3154 circa
641 3088 740 3155 altius
770 3089 939 3156 doctrinae
968 3087 1174 3174 principium,
1204 3109 1226 3154 a
1255 3110 1318 3172 quo
1341 3089 1430 3156 illius
1452 3089 1570 3156 solutio

321 3192 429 3274 logice
472 3195 603 3278 pendet.
665 3195 864 3280 Quicumque
906 3195 993 3262 enim
1033 3199 1202 3281 positivam
1242 3197 1347 3262 omnis
1386 3196 1570 3264 activitatis

321 3299 447 3364 liberae
470 3299 663 3368 relationem
686 3303 936 3369 intentionalem
959 3304 1001 3368 ad
1024 3303 1121 3368 finem
1145 3303 1294 3367 ultimum
1318 3302 1367 3369 ita
1386 3302 1429 3368 ad
1443 3306 1569 3370 rectum

322 3409 464 3472 naturae
494 3407 640 3474 ordinem
670 3409 791 3492 requiri
823 3409 951 3487 docent,
983 3413 1020 3474 ut
1050 3429 1090 3474 ea
1116 3407 1171 3474 vel
1192 3407 1263 3491 ipso
1287 3408 1373 3473 illius
1396 3408 1570 3474 defectua

322 3511 440 3578 morali
462 3513 660 3580 rectitudine
684 3515 824 3594 deficiat,
849 3515 997 3582 actiones
1019 3513 1053 3578 in
1076 3512 1242 3579 individuo
1265 3513 1489 3582 indifferentes
1511 3515 1570 3580 ad-

322 3617 455 3686 mittere
477 3623 652 3704 nequeunt.
693 3620 751 3698 Qui
776 3626 886 3688 autem
910 3641 1000 3686 mero
1023 3623 1200 3706 negativam
1223 3620 1416 3686 relationem
1439 3621 1570 3688 finalem

323 3745 381 3791 seu
404 3747 528 3792 meram
557 3727 855 3806 ,referibilitatem“
883 3733 978 3794 actus
1003 3727 1154 3793 sufficere
1178 3726 1278 3802 aiunt,
1303 3731 1341 3792 ut
1362 3727 1401 3806 is,
1426 3727 1488 3793 etsi
1504 3747 1570 3793 non

322 3833 437 3912 bonus,
467 3838 578 3902 tamen
609 3855 715 3918 neque
744 3833 886 3918 positive
910 3833 1017 3900 malus
1040 3835 1167 3900 censeri
1189 3833 1303 3918 possit,
1334 3837 1570 3915 consequenter

323 3937 546 4006 indifferentes
569 3944 664 4006 actus
687 3939 787 4006 etiarn
811 3939 844 4004 in
867 3939 1035 4006 individuo
1059 3960 1132 4005 esse
1146 3961 1243 4024 posse
1259 3938 1466 4006 concludunt.
1498 3937 1569 4004 Nos

323 4043 434 4127 igitur,
458 4067 517 4130 pro
541 4067 581 4112 ea
605 4046 764 4124 doctrina,
788 4068 886 4130 quam
910 4047 950 4112 de
973 4047 1113 4112 hominis
1137 4047 1178 4112 ad
1201 4047 1298 4112 finem
1318 4045 1478 4111 relatione
1494 4065 1568 4128 pro·

322 4151 473 4218 bavimus
497 4149 531 4233 (l.
555 4151 582 4231 I,
606 4175 632 4219 c.
657 4153 698 4231 II,
724 4159 787 4222 art.
812 4153 857 4236 4),
882 4155 1057 4237 analogam
1081 4175 1209 4239 quoque
1231 4153 1264 4218 in
1285 4152 1454 4236 praesenti
1469 4173 1569 4235 quae·

324 4258 1367 4347 stionesententiam,duceAnqelicoDoctore,omninotenemus.
1391 4259 1499 4336 Quare
1508 4257 1568 4323 sit:

323 4421 388 4492 193.
482 4413 637 4496 ThOSiS
664 4413 785 4498 XXI.
826 4437 1034 4522 Quamquam
1062 4437 1261 4502 admittendi
1288 4443 1370 4500 sunt
1390 4443 1487 4500 actus
1508 4437 1569 4500 lru·

323 4534 417 4596 marri
430 4535 606 4598 moraliter
619 4533 866 4616 indifferentes,
882 4535 912 4598 si
927 4536 964 4598 in
979 4535 1153 4599 absmocto
1167 4533 1440 4615 considerantur,
1454 4537 1569 4598 nullus

324 4631 496 4694 tamenin
517 4637 675 4695 concreto
698 4633 864 4697 exsistere
885 4637 1015 4712 potest,
1038 4633 1186 4710 quinon
1207 4632 1253 4694 sit
1274 4633 1488 4710 aliquatenus
1510 4639 1571 4696 ant

323 4729 433 4792 bonus
455 4734 514 4792 aut
534 4732 656 4792 malus.

412 4847 715 4917 Praenotanda.
746 4851 795 4915 De
818 4851 896 4916 solis
920 4849 1048 4916 actibus
1073 4873 1141 4916 rere
1162 4849 1312 4915 humanis
1327 4849 1380 4915 hio
1396 4869 1502 4916 sermo
1518 4849 1568 4916 in·

323 4953 481 5034 stituitur,
505 4953 525 5022 i.
550 4976 578 5022 e.
602 4956 641 5022 de
664 4956 714 5030 iis,
740 4957 792 5040 qui
816 4979 859 5023 ex
881 4957 984 5024 libera
1001 4957 1172 5024 voluntate
1195 4956 1453 5041 proficiscuntur.
1485 4956 1568 5022 Gon-
