3909 5842
422 618 464 683 46
652 614 743 669 Sectio
761 616 782 669 l.
820 615 901 669 Liber
919 616 939 671 Ι.
977 616 1067 685 Caput
1084 616 1119 671 Il.
1155 616 1296 670 Atticulae
1315 616 1360 670 3.*
1378 616 1395 683 5
1416 619 1439 670 1.

422 796 545 875 aequat
565 792 728 859 obiectum
751 791 890 858 formale
913 798 984 859 tum
1008 792 1275 876 apprehensionis
1298 798 1369 859 tum
1385 789 1607 877 expansionis
1627 813 1672 855 ra·

421 898 556 965 tionalis
585 898 730 965 eiusdem
754 904 903 965 naturae.
951 902 1050 984 Atqui
1073 899 1141 965 tale
1164 920 1230 965 non
1254 904 1306 965 est
1328 900 1391 965 nisi
1415 919 1493 965 esse
1519 896 1673 963 inlinitum

424 1026 482 1071 seu
507 1005 605 1071 Dens.

512 1112 622 1177 Maior
641 1115 735 1195 patet
750 1132 793 1177 ex
808 1110 905 1177 dictis
920 1132 1020 1195 supra
1038 1110 1105 1193 (16,
1122 1111 1264 1177 Axioma
1280 1112 1343 1187 IX;
1366 1114 1419 1190 27,
1438 1113 1593 1178 Axioma
1608 1110 1677 1189 ΧΧ,

424 1220 477 1297 37,
502 1218 617 1283 'l'hesis
639 1216 679 1300 Ι).
712 1217 949 1301 Psychologica
971 1218 1113 1301 namque
1136 1217 1218 1284 haec
1241 1218 1337 1285 unica
1360 1219 1514 1284 condicio
1532 1222 1600 1293 est,
1624 1236 1680 1297 qun

424 1324 585 1391 naturalis
607 1324 775 1410 appetitus
798 1326 840 1391 ah
863 1324 1020 1391 ulteriore
1043 1327 1133 1389 motu
1157 1324 1314 1407 quiescat.

513 1440 629 1506 Proh.
648 1439 786 1506 minor.
822 1439 1099 1517 Quemadmodum
1120 1442 1267 1506 voluutas
1286 1440 1528 1525 expansionem
1556 1440 1682 1505 finalem

424 1545 527 1611 totius
545 1545 708 1611 humanae
723 1549 863 1611 naturae
878 1545 1054 1629 propriam,
1080 1544 1128 1611 ita
1143 1549 1316 1612 intellectas
1332 1546 1478 1612 eiusdem
1495 1546 1684 1631 apprehen·

425 1651 549 1717 sionem
577 1651 702 1735 pariter
724 1650 889 1735 propriam
913 1651 1027 1732 illique
1050 1652 1333 1735 proportionatam
1357 1652 1492 1718 exhibet
1521 1651 1598 1734 (37,
1625 1652 1684 1733 16).

427 1758 488 1824 Elst
510 1780 608 1842 porro
632 1758 803 1841 utriusque
825 1758 998 1824 rationalis
1020 1756 1192 1823 facultatis
1208 1758 1371 1825 obiectum
1395 1758 1544 1824 formale
1562 1758 1685 1823 ambitu

427 1863 632 1942 latissimum,
657 1864 814 1929 nimirum
831 1864 864 1929 in
889 1864 1002 1929 ordine
1025 1867 1212 1949 copnitionia
1234 1864 1390 1947 quidquid
1413 1868 1490 1949 ueri,
1517 1866 1558 1931 in
1577 1863 1686 1930 ordine

428 1976 630 2059 appetitionis
660 1972 814 2054 quidquid
846 1972 919 2037 doni
948 1971 1110 2037 rationem
1140 1972 1242 2037 habet
1264 1968 1344 2053 (40).
1392 1972 1461 2037 Iam
1494 1992 1585 2038 vero
1616 1969 1685 2034 huie

427 2078 668 2145 universalitati
693 2077 764 2142 sive
786 2081 855 2144 neri
876 2077 948 2143 sive
972 2078 1045 2143 doni
1068 2076 1148 2141 nihil
1172 2077 1383 2160 aequivalens
1406 2078 1440 2144 in
1464 2079 1590 2144 ordine
1606 2074 1685 2171 'reali

428 2205 500 2251 esse
523 2188 634 2270 potest
655 2182 719 2249 nisi
741 2185 912 2267 infinitam.
952 2184 998 2250 Et
1021 2204 1109 2263 sane,
1135 2202 1208 2249 cum
1230 2184 1420 2251 intellectus
1442 2190 1564 2251 noster
1591 2186 1652 2249 nat
1672 2214 1685 2226 ·

428 2290 544 2357 raliter
566 2289 789 2373 acognitione
812 2291 935 2357 entium
959 2290 1125 2357 finitorum
1148 2290 1191 2355 ad
1214 2289 1379 2357 notionem
1404 2312 1538 2374 quoque
1556 2287 1683 2361 inlinit-i,

428 2396 657 2479 acognitione
687 2397 867 2464 veritatum
896 2396 1143 2481 particularium
1174 2396 1217 2462 ad
1247 2396 1413 2463 notionem
1438 2398 1601 2464 veritatis
1632 2396 1685 2460 ah

427 2504 556 2570 solutae
579 2503 767 2587 pertingere
791 2504 918 2581 valeat,
947 2522 1083 2567 necesse
1107 2506 1159 2567 ost
1182 2502 1344 2567 obiectum
1368 2502 1508 2569 formale
1532 2503 1683 2569 intellec

429 2614 483 2675 tus
507 2614 541 2675 et
564 2609 747 2675 voluntatis
770 2610 869 2676 etiam
894 2610 937 2674 ad
958 2628 1074 2674 verum
1098 2614 1132 2675 et
1156 2610 1274 2674 bonum
1298 2608 1484 2675 absolutum
1509 2612 1576 2677 sub
1600 2630 1684 2675 com·

429 2716 622 2781 manissime
649 2716 708 2781 illa
737 2717 866 2783 ratione
893 2716 964 2781 veri
987 2720 1022 2782 et
1044 2714 1120 2780 boni
1144 2736 1216 2781 sess
1241 2714 1419 2783 extendere
1442 2715 1524 2799 (40).
1579 2716 1683 2793 Quare

431 2842 491 2888 nec
519 2822 707 2888 intellectus
736 2843 828 2888 suam
856 2824 1006 2889 ultimam
1029 2822 1263 2906 perlectionem
1287 2824 1349 2889 nisi
1373 2824 1407 2889 in
1431 2826 1583 2890 absoluta
1607 2824 1684 2888 ueri

430 2938 494 2995 tote
522 2948 583 2994 nec
606 2930 760 2995 voluntas
791 2929 851 2995 nisi
879 2929 912 2994 in
943 2931 1084 2995 absoluto
1113 2930 1191 2995 dmro
1215 2950 1273 2995 seu
1296 2930 1366 2995 Deo
1389 2930 1536 3015 reperire
1562 2932 1681 3015 potest

520 3038 553 3103 S.
583 3038 718 3103 thomas
747 3037 833 3101 idem
863 3035 933 3101 iere
963 3040 1192 3118 argumentum
1223 3036 1273 3102 his
1301 3038 1530 3121 complectitur
1556 3036 1681 3104 verbis:

435 3142 657 3227 „Impossibile
679 3146 731 3208 est
753 3141 990 3209 beatitudinem
1013 3142 1153 3206 hominis
1174 3162 1247 3207 esse
1267 3142 1301 3207 in
1324 3144 1433 3225 aliquo
1454 3144 1540 3209 bono
1559 3146 1680 3210 creato.

431 3250 608 3316 Beatitudo
624 3250 709 3315 enim
727 3253 779 3315 est
801 3249 920 3314 bonum
944 3246 1138 3331 perfectum,
1163 3249 1248 3330 quod
1271 3248 1420 3314 totaliter
1436 3250 1566 3331 quietat
1583 3266 1680 3333 appe·

431 3356 605 3423 titum...
644 3355 816 3422 Obiectum
840 3357 950 3420 autern
974 3352 1167 3431 voluntatis,
1192 3374 1277 3435 quae
1300 3360 1353 3421 est
1375 3356 1542 3439 appetitus
1567 3356 1679 3421 huma·

432 3484 502 3541 nus,
528 3466 580 3528 est
602 3462 791 3527 universale
813 3461 943 3539 honum,
968 3460 1054 3525 sicut
1077 3460 1240 3526 obiectum
1263 3460 1451 3527 intellectus
1474 3466 1526 3527 est
1549 3462 1678 3527 univer·

432 3569 501 3635 sale
517 3588 641 3633 verum.
678 3568 731 3633 Ex
753 3589 818 3650 quo
841 3571 945 3652 patet,
970 3566 1057 3649 quod
1080 3567 1159 3631 nihil
1182 3570 1293 3651 potest
1309 3568 1459 3650 quietare
1474 3568 1679 3635 voluntatem

432 3674 572 3741 hominis
586 3673 650 3747 uisi
665 3675 784 3740 bonum
801 3674 1004 3750 universale;
1022 3674 1107 3757 quod
1123 3694 1188 3739 non
1204 3673 1370 3741 invenitur
1385 3674 1418 3739 in
1434 3675 1543 3757 aliquo
1556 3678 1676 3747 creato,

432 3782 547 3848 sedin
570 3782 640 3846 solo
656 3780 778 3848 Deo.'¹l
813 3780 882 3857 Quo
905 3801 1003 3846 sensu
1028 3785 1062 3847 et
1085 3783 1117 3846 S.
1135 3783 1335 3865 Aapastious
1358 3802 1423 3846 non
1446 3782 1553 3847 minus
1577 3780 1678 3867 philo-

433 3885 600 3971 sophicam
619 3906 716 3967 quam
739 3884 957 3967 theologicam
974 3884 1150 3951 veritatem
1167 3885 1361 3963 enuntiavit,
1386 3885 1575 3952 obtestans:
1604 3884 1677 3964 ‚re-

433 3994 509 4060 cisti
531 4014 608 4072 nos,
632 3990 809 4074 (Domine),
833 3992 875 4057 ad
898 3996 947 4070 te,
971 3995 1006 4057 st
1029 3990 1209 4073 inquietum
1234 3995 1286 4057 est
1309 4012 1364 4057 eor
1388 3996 1554 4069 nostrum,
1579 3993 1677 4059 donec

433 4099 619 4182 requiescat
641 4100 675 4165 iu
698 4100 788 4165 te.“²

434 4248 483 4320 62.
573 4246 613 4317 II.
637 4245 868 4341 Argumentum
893 4244 1158 4337 uuamolugiuum:
1187 4270 1226 4312 ec
1248 4248 1362 4312 ordine
1383 4248 1478 4331 finali
1500 4248 1673 4314 creationis.

523 4355 729 4422 Constrnitur
759 4360 794 4421 et
822 4354 884 4420 hoc
914 4356 1143 4436 argumentum
1174 4374 1217 4418 ex
1239 4353 1321 4418 ideis
1346 4352 1494 4435 Angelici
1519 4352 1674 4428 Deciens,

435 4484 517 4546 quas
546 4468 584 4529 at
612 4462 715 4528 totius
742 4460 967 4545 philosophiae
995 4459 1259 4527 fundamentales
1282 4460 1314 4525 in
1340 4460 1473 4526 Summa
1495 4461 1674 4543 theologica

527 4691 534 4722 ¹
548 4692 576 4744 S.
594 4690 693 4756 Thom„
707 4686 733 4741 S.
746 4686 829 4740 theol.
845 4687 867 4749 1,
881 4686 906 4750 2,
920 4702 944 4754 q.
959 4686 984 4748 2,
998 4702 1020 4737 a.
1035 4684 1066 4747 ὃς
1081 4685 1116 4739 cl.
1130 4685 1231 4740 Contra
1244 4684 1348 4739 Gentes
1361 4686 1378 4738 1.
1391 4686 1414 4750 3,
1428 4702 1451 4739 c.
1465 4686 1497 4740 18
1511 4687 1554 4740 25.
1577 4690 1672 4740 Saum

436 4781 454 4834 ¹·
473 4797 497 4834 ⁰·
516 4780 542 4899 δ’,
555 4778 678 4921 (ldnleds.
696 4865 715 4919 l.
736 4867 762 4929 1,
782 4882 805 4918 c.
821 4866 843 4918 1.
877 4862 918 4917 cf.
938 4878 1045 4931 quoque
1068 4861 1122 4927 „De
1140 4862 1259 4916 moribus
1276 4861 1430 4916 aeclesiae*
1451 4862 1470 4917 l.
1491 4862 1514 4927 1,
1534 4878 1557 4917 e.
1577 4862 1601 4927 3,
1618 4862 1671 4915 nl

435 4961 465 5012 et
481 4958 500 5011 l.
521 4957 544 5022 1,
563 4974 586 5010 c.
607 4957 649 5018 14,
668 4972 693 5007 n.
713 4955 756 5007 24.
