3909 5842
589 676 630 730 De
648 677 771 733 eiusdem
790 677 965 747 expansionis
985 676 1089 731 obiecto
1108 678 1224 732 formali.
1487 682 1527 745 31

281 851 409 910 mediate
431 856 461 911 55
481 852 593 911 duecte
613 851 805 928 attingendus
826 853 1014 929 proponitur,
1040 852 1072 911 in
1091 854 1211 931 pulchro
1232 857 1330 913 autem
1351 855 1530 915 smslhllidss

280 949 330 1007 vel
351 948 640 1025 quasi-sensibilibus
665 952 772 1025 formis
792 949 884 1008 veluti
911 949 1119 1027 incorporatus
1142 955 1171 1009 et
1194 969 1231 1009 ex
1253 969 1354 1009 earum
1375 951 1529 1011 harmonia

281 1047 444 1123 symbolice
464 1048 602 1107 relucens
623 1052 757 1124 apparet,
780 1053 811 1106 et
831 1048 876 1107 ita
888 1047 1038 1106 mediante
1061 1066 1096 1105 ao
1117 1047 1362 1107 subministrante
1384 1048 1529 1109 sensibili-

280 1150 344 1202 tate
372 1145 403 1215 (i.
425 1164 451 1205 5.
478 1144 632 1225 55555555
659 1144 866 1219 cognoscitiva
893 1144 1010 1203 animae
1032 1164 1090 1220 qua
1111 1145 1288 1219 sensitivae)
1310 1166 1328 1205 5
1348 1147 1464 1207 ratione
1483 1152 1529 1206 55

281 1240 407 1316 tingitur
418 1246 436 1301 ¹.
464 1241 530 1311 Qua
544 1242 781 1303 consideratione
796 1262 855 1302 non
869 1243 966 1302 minus
981 1242 1126 1301 illustrari
1147 1262 1234 1319 quam
1255 1244 1424 1303 confirmari
1444 1244 1528 1303 intel-

280 1339 391 1414 legitur
418 1340 576 1400 notissima
602 1340 752 1414 definitio,
779 1360 838 1417 555
863 1340 895 1398 τὸ
925 1341 1081 1417 pulchrum
1109 1340 1152 1399 nil
1180 1341 1259 1401 aliud
1287 1362 1374 1417 quam
1395 1343 1529 1419 splcrtdm

283 1440 371 1513 cerff,
392 1437 410 1496 i.
427 1457 569 1499 ererum
584 1457 638 1497 seu
653 1438 725 1497 ordo
746 1438 866 1497 essendi
886 1443 1037 1514 tamquam
1059 1439 1195 1499 obiectum
1216 1441 1324 1499 rationi
1339 1458 1395 1515 per
1415 1458 1446 1498 se
1465 1458 1529 1499 con·

372 1645 442 1699 ¹ct.
465 1647 619 1714 Taporellr‘,
644 1645 761 1713 Regiani
786 1644 831 1699 del
855 1646 927 1699 hallo
951 1647 1070 1701 secondo
1093 1648 1102 1700 i
1127 1646 1253 1717 principii
1279 1646 1307 1701 di
1333 1645 1387 1701 San
1413 1646 1528 1701 Tomsso

282 1733 396 1800 (Civilth
416 1737 482 1788 catt
500 1752 554 1789 ser.
573 1736 599 1798 4,
619 1734 642 1787 V
661 1734 699 1787 VI
718 1733 784 1797 Vll;
804 1734 832 1787 in
850 1736 942 1805 specie
962 1734 1006 1801 Vl,
1026 1736 1075 1798 44;
1096 1734 1156 1799 Vll,
1176 1737 1228 1789 556
1241 1736 1295 1805 sq).

369 1822 442 1876 ¹Cf.
462 1839 532 1891 quae
553 1825 580 1876 S.
605 1824 712 1890 thom„
731 1822 759 1877 S.
777 1822 860 1877 theol.
883 1823 908 1887 2,
929 1824 954 1888 2,
973 1840 1000 1891 q.
1016 1825 1074 1889 145,
1093 1841 1118 1878 5.
1139 1824 1156 1877 2
1176 1824 1204 1877 55
1223 1841 1305 1893 corp,
1325 1823 1402 1877 dicit:
1425 1826 1527 1889 ,...ad

280 1910 412 1965 rationem
439 1908 546 1981 pulchri
571 1912 631 1965 sive
659 1911 749 1965 decori
768 1913 906 1965 concurrit
924 1915 952 1964 et
970 1914 1082 1965 claritas
1101 1918 1123 1965 et
1142 1914 1228 1965 dehita
1246 1910 1412 1981 proportio“.
1435 1942 1469 1951 -
1488 1912 1527 1967 Si·

281 1997 381 2051 militer
406 2000 434 2052 in
463 2002 639 2053 commentar.
665 2004 695 2051 r'n
715 2001 747 2054 B.
766 2001 895 2067 Dionysii
920 2002 964 2053 lib.
991 2002 1023 2053 ds
1049 2002 1100 2053 dia.
1128 2018 1198 2054 nom.
1224 2019 1247 2053 5.
1273 2000 1305 2059 4.
1331 2000 1429 2055 leot.5
1457 2000 1526 2055 idern

281 2084 306 2139 S.
319 2086 422 2141 Doctor
440 2090 571 2142 rationem
591 2088 801 2158 pulchritudinis
820 2088 968 2142 consistere
988 2090 1067 2142 docet
1079 2090 1106 2142 in
1120 2086 1330 2159 „consonantia“
1350 2090 1526 2155 (harmonia)

284 2182 320 2241 ,et
338 2174 488 2229 claritcts“.
514 2176 550 2230 Et
568 2176 674 2230 subdit:
697 2175 843 2243 ,Quamvis
861 2180 952 2231 autem
971 2176 1115 2247 pulchrum
1135 2181 1164 2231 55
1183 2178 1281 2231 honum
1300 2180 1365 2231 sunt
1381 2178 1451 2230 idem
1464 2178 1526 2231 suh-

281 2264 356 2326 iecto,
376 2265 443 2331 quia
460 2269 517 2317 tam
536 2264 649 2318 claritas
668 2280 750 2333 quam
770 2266 947 2319 consonantia
965 2264 1016 2319 snb
1036 2265 1140 2319 ratione
1159 2266 1221 2319 boni
1235 2266 1415 2330 continentur,
1435 2268 1526 2319 tamen

280 2354 386 2404 ratione
404 2351 546 2414 differunt3
570 2369 633 2405 nam
651 2353 794 2423 pulchmm
814 2354 891 2407 addit
908 2370 992 2423 supra
1011 2354 1109 2408 bonum
1129 2356 1251 2408 ordinem
1270 2356 1307 2406 ad
1324 2357 1377 2407 or‘m
1396 2358 1526 2423 cosnosci·

281 2443 360 2492 ticam
379 2440 448 2494 illud
467 2458 529 2496 esse
547 2443 704 2496 eiusmodi*
727 2472 759 2481 -
779 2442 810 2495 In
824 2443 918 2496 eadem
930 2441 1047 2496 lectione
1066 2442 1194 2507 declarat,
1214 2458 1269 2511 555
1287 2442 1391 2496 ratione
1409 2441 1526 2513 pulchri·

280 2528 343 2581 tudo
362 2530 509 2584 conveniat
526 2534 597 2599 Deo,
624 2535 651 2584 st
670 2531 803 2599 quomodo
821 2533 971 2585 creaturis:
999 2529 1087 2597 „Dicit
1105 2548 1170 2598 ergo
1191 2530 1233 2597 (Β.
1252 2530 1411 2601 Dionysius)
1432 2531 1526 2601 primo,

281 2619 349 2685 qaod
367 2618 459 2683 Deus,
484 2620 531 2688 qui
556 2624 598 2674 est
619 2622 890 2689 ,sapnsabstanh'ale
904 2618 1077 2689 pulchruffl,
1103 2621 1202 2675 dicitur
1227 2620 1398 2691 pulchritudo
1417 2624 1527 2690 propter

279 2704 342 2768 hoc,
368 2707 441 2775 quod
460 2708 586 2761 omuibus
605 2709 712 2763 entibus
732 2709 833 2762 creetis
851 2708 899 2763 dat
916 2708 1145 2779 pulchritudinem
1164 2708 1313 2763 secundum
1332 2708 1525 2779 proprietatem

280 2793 500 2862 uniuscuiusque.
538 2795 599 2849 alia
618 2796 689 2849 enim
709 2800 752 2850 est
770 2796 944 2866 pulchritudo
963 2796 1077 2867 spiritus
1096 2796 1197 2851 stalis
1216 2798 1351 2867 corporis,
1370 2801 1453 2865 atque
1472 2796 1525 2850 slis

280 2881 357 2936 huius
376 2886 405 2936 55
424 2883 498 2937 illius
517 2887 645 2954 eorporis.
676 2886 712 2939 Et
729 2886 757 2938 in
776 2902 829 2954 555
848 2886 982 2939 consistat
1000 2886 1209 2956 pulchritudinis
1229 2886 1307 2951 ratio,
1326 2886 1445 2939 ostendit
1463 2886 1524 2941 sub·

280 2972 351 3033 dens,
370 2973 444 3041 quod
461 2975 502 3027 sic
520 2972 595 3027 Dens
612 2974 698 3028 tradit
715 2974 959 3045 pulchritudinem,
978 2978 1009 3028 in
1029 2983 1159 3045 quantum
1178 2983 1214 3028 ast
1233 2993 1316 3029 causo
1335 2979 1526 3029 consonantias

280 3068 301 3111 et
319 3061 454 3115 claritatis
471 3066 501 3114 r‘n
520 3064 650 3115 omnibus.
676 3061 721 3115 Sic
739 3064 810 3115 enim
828 3062 965 3117 hominem
978 3062 1121 3132 pulchrum
1135 3062 1249 3117 dicimus
1261 3067 1372 3133 propter
1385 3064 1523 3116 decentem

278 3150 476 3217 proportionem
502 3150 683 3204 membrorum
709 3150 737 3204 in
763 3150 916 3219 quantitate
942 3155 971 3204 et
995 3152 1050 3205 situ
1073 3156 1102 3205 55
1126 3156 1236 3221 propter
1261 3150 1325 3215 hoc,
1352 3150 1423 3219 quod
1443 3149 1525 3203 habet

279 3236 379 3290 clarum
399 3241 428 3291 et
446 3238 561 3291 nitidum
580 3238 706 3293 colorem.
743 3238 821 3292 Unde
841 3240 1079 3309 proportionaliter
1097 3244 1139 3295 555
1159 3241 1191 3293 55
1211 3241 1310 3293 ceteris
1329 3239 1524 3309 accipiendum,

280 3326 347 3392 quod
366 3328 575 3394 uruntquodpae
592 3328 694 3380 dicitur
702 3328 857 3394 pulchrum,
875 3329 1020 3381 5555555555
1033 3330 1104 3397 quod
1116 3330 1192 3381 habet
1205 3330 1354 3381 claritatem
1366 3331 1410 3380 sui
1420 3330 1525 3394 perata

280 3416 317 3465 rel
333 3416 504 3483 spiritualem
529 3417 569 3467 oet
587 3418 752 3482 corporalem
771 3424 795 3467 st
811 3418 955 3468 secundum
974 3419 1046 3485 quod
1065 3410 1100 3469 ast
1118 3420 1147 3469 r'n
1167 3418 1254 3469 debita
1269 3419 1447 3484 proportione
1465 3430 1524 3467 con·

279 3507 406 3559 5555555.
444 3502 583 3568 Quomodo
607 3510 698 3558 autern
718 3504 792 3558 Deus
818 3508 861 3559 555
878 3522 962 3558 causa
981 3508 1129 3572 claritatis,
1156 3506 1276 3559 ostendit
1293 3504 1427 3568 subdens,
1453 3504 1522 3572 quod

280 3590 350 3645 Dens
368 3593 493 3649 immittit
510 3595 635 3649 omnibus
653 3595 786 3649 creaturis
799 3612 861 3649 eum
874 3596 990 3663 quodam
1003 3596 1111 3663 fulgore
1124 3595 1296 3649 traditionem
1309 3596 1352 3649 sui
1364 3593 1433 3647 radii
1445 3592 1524 3647 lumi-

281 3683 345 3745 nosi,
363 3684 410 3751 qui
430 3686 474 3735 est
491 3682 552 3737 fons
570 3682 696 3746 luminis;
715 3700 786 3752 quae
804 3683 912 3753 quidem
932 3683 1095 3739 traditiones
1107 3684 1229 3751 fulgidae
1243 3682 1328 3737 divini
1347 3683 1416 3737 radii
1429 3699 1523 3737 sacun-

281 3769 340 3823 dum
358 3772 595 3841 participationem
614 3772 800 3826 similitudinis
819 3777 883 3826 suut
901 3772 1109 3843 intellegendae.
1139 3773 1175 3827 Et
1193 3774 1262 3827 istae
1281 3770 1442 3827 traditiones
1460 3775 1524 3825 eunt

284 3858 496 3926 ‚pulchrificae‘,
521 3860 538 3913 i.
559 3878 582 3913 5.
607 3860 741 3914 facientes
765 3860 994 3930 pulchritudinem
1019 3860 1047 3915 in
1073 3862 1162 3915 rebus.
1200 3860 1305 3916 Rursus
1324 3860 1433 3933 opponit
1451 3859 1524 3913 aliud

282 3946 435 4010 membrum,
454 3947 559 4001 scilicet
577 3949 647 4016 quod
661 3949 735 4002 Deus
747 3949 785 4003 sit
797 3966 880 4002 causa
892 3951 1082 4003 consonantias
1095 3949 1122 4001 in
1136 3948 1225 4003 rebus.
1251 3948 1301 4002 Est
1318 3952 1409 4003 sutem
1423 3947 1523 4018 duplex

281 4036 454 4088 consonantia
471 4036 500 4089 in
518 4037 607 4089 rebus.
634 4038 728 4089 Prima
747 4036 854 4105 quidem
873 4038 1021 4091 secuudum
1041 4037 1160 4091 ordinem
1180 4040 1365 4092 creaturarum
1382 4038 1415 4090 ad
1428 4036 1522 4101 Deum,

282 4124 308 4174 et
328 4122 397 4177 banc
415 4124 520 4191 tangit,
546 4140 607 4178 cum
627 4126 707 4190 dicit,
733 4126 805 4194 quod
823 4124 897 4179 Deus
916 4130 960 4179 est
979 4142 1062 4180 causa
1081 4130 1287 4191 consonantiae,
1317 4127 1403 4193 ,sicut
1422 4142 1522 4179 vocaus

283 4211 412 4265 omniaad
426 4212 566 4282 seipsum,
584 4213 613 4267 in
631 4218 763 4283 quantum
782 4216 918 4268 convertit
936 4213 1027 4267 omnia
1040 4214 1074 4268 ad
1087 4231 1117 4268 55
1129 4214 1218 4285 ipsum
1237 4215 1309 4269 sicut
1327 4215 1361 4269 55
1381 4214 1459 4267 finem
1474 4254 1479 4267 .
1495 4252 1501 4265 .
1517 4254 1522 4265 .

284 4299 401 4352 Socanda
419 4304 511 4355 autem
530 4304 707 4356 consonantia
726 4306 769 4357 555
786 4303 813 4356 55
833 4303 914 4357 rebus
935 4304 1084 4357 secundum
1104 4304 1298 4358 ordinationem
1319 4320 1412 4357 aarum
1431 4301 1464 4354 sd
1484 4301 1522 4353 in·

283 4386 380 4453 ricem;
398 4393 427 4443 et
446 4390 497 4443 hoc
515 4392 613 4458 tangit,
632 4409 694 4445 cum
711 4392 813 4455 subdit,
832 4392 903 4461 quod
922 4394 1072 4461 congregat
1091 4393 1181 4447 omnis
1200 4394 1228 4447 in
1241 4393 1365 4447 omnibus
1377 4393 1410 4445 ad
1424 4390 1519 4445 idem*

283 4476 413 4531 -Porro
432 4478 468 4531 ad
486 4478 684 4548 explicandum,
706 4480 839 4548 quomodo
858 4498 893 4535 ex
910 4480 967 4535 Deo
986 4481 1094 4549 singula
1113 4482 1276 4553 participent
1295 4480 1540 4552 pulchritudinem,

283 4564 424 4618 55555555]
445 4569 592 4634 propriam
616 4570 764 4635 rationem,
790 4566 817 4621 S.
836 4567 954 4622 Thomas
978 4568 1068 4638 ipsam
1091 4572 1211 4637 sormam
1230 4569 1462 4639 (substantialem)
1483 4568 1521 4623 rei

283 4647 348 4703 hanc
365 4654 500 4725 propriam
519 4656 654 4711 rationem
671 4657 884 4726 uniuscuiusque
903 4658 1070 4711 constituere
1089 4658 1168 4713 dicit:
1191 4657 1302 4725 ,Omnis
1321 4664 1413 4713 autem
1426 4659 1521 4725 forma,

285 4754 328 4805 per
351 4758 431 4809 quam
450 4760 494 4797 res
512 4743 596 4798 habet
615 4763 689 4809 csse,
716 4751 759 4800 est
776 4746 950 4816 participatio
968 4746 1101 4815 quaedam
1121 4747 1230 4801 divinae
1249 4748 1398 4812 claritatis,
1426 4752 1454 4801 et
1471 4748 1522 4802 hoc

286 4829 409 4898 estquod
427 4831 520 4885 subdit
533 4833 576 4900 (B.
589 4832 758 4904 Dionysius),
777 4835 848 4903 quod
870 4834 996 4902 ,singula
1014 4843 1079 4889 suut
1097 4834 1211 4905 pulchra
1224 4836 1373 4891 secundum
1386 4836 1521 4905 propriam

286 4916 434 4984 rationsm¹,
460 4918 477 4972 i.
504 4938 526 4973 e.
552 4924 696 4975 secandum
717 4926 864 4990 propriam
887 4926 1014 4989 terrram.
1052 4923 1129 4977 Unde
1155 4926 1246 4993 patet,
1273 4924 1343 4992 qnod
1369 4941 1404 4977 cx
1429 4924 1522 4979 divina

286 5002 478 5069 pulchritudine
497 5026 550 5077 esse
568 5010 686 5063 omnium
706 5011 868 5065 derivatur*
896 5011 932 5064 nt
951 5011 1076 5065 similiter
1095 5012 1128 5064 de
1147 5011 1232 5065 altero
1251 5016 1387 5067 momento
1405 5012 1522 5081 pulchri·
