3909 5842
672 670 739 725 Esse
757 688 852 725 verum
872 672 915 727 ius
932 676 1048 727 naturas
1066 674 1205 729 assantur.
1495 681 1559 745 471

407 848 544 915 Admitti
568 848 680 932 nequit
702 850 736 916 in
759 851 872 917 ordine
894 851 1025 931 sociali,
1053 853 1153 919 etiam
1178 854 1238 919 sub
1263 853 1406 919 naturali
1430 857 1561 920 tantum

315 953 522 1037 providentia
548 956 772 1034 considerato,
803 957 894 1023 cuius
916 958 1111 1042 praecipuus
1135 958 1263 1025 fructus
1286 980 1359 1025 esse
1390 959 1487 1025 debet
1511 960 1561 1025 iu·

316 1060 399 1125 rium
423 1060 598 1139 securitas,
629 1082 689 1127 nec
712 1064 860 1146 personis
883 1064 1060 1130 individuis
1083 1085 1143 1131 neo
1169 1065 1391 1133 subordinatis
1413 1066 1562 1149 personis

315 1167 494 1233 moralibus
510 1171 619 1254 ultum,
643 1192 682 1237 uc
698 1172 803 1237 ideale
818 1174 955 1257 quidem,
976 1174 1148 1258 legitimum
1161 1174 1361 1258 proemdium
1378 1191 1561 1256 superesse,

316 1272 402 1353 quod
433 1278 549 1341 contra
581 1275 774 1343 arbitrarios
803 1276 884 1342 iuris
913 1277 1047 1344 humani
1076 1277 1271 1362 praesertim
1297 1276 1420 1362 publici
1441 1277 1563 1344 abusus

315 1377 457 1445 fidenter
478 1380 625 1447 invocari
650 1382 764 1466 possit,
788 1382 839 1448 sin
863 1383 969 1449 minus
993 1405 1068 1449 cum
1090 1384 1209 1451 effectu
1231 1384 1323 1462 reali,
1351 1405 1424 1449 cum
1447 1384 1563 1450 morali

316 1486 406 1549 certe
430 1484 575 1555 vindicta
598 1489 669 1555 veri
691 1489 772 1555 iuris
795 1491 922 1557 nefarie
945 1491 1104 1575 oppressi.
1151 1491 1253 1557 Secus
1275 1490 1360 1557 enim
1383 1490 1482 1557 altior
1508 1510 1562 1555 so·

315 1588 447 1657 sistatis
469 1592 542 1659 finis
565 1616 625 1678 per
647 1594 707 1661 Dei
731 1597 946 1665 sanctitatem
969 1598 1157 1663 necessario
1179 1596 1352 1681 impositus
1375 1596 1561 1662 nouaclum

316 1695 357 1760 de
380 1694 479 1775 facto,
503 1699 562 1765 sed
580 1700 680 1768 etiam
697 1704 737 1769 de
751 1707 823 1771 iuro
838 1703 1005 1770 illusorius
1020 1704 1112 1770 reddi
1126 1707 1249 1788 posset,
1273 1702 1360 1786 quod
1375 1724 1440 1769 non
1454 1702 1562 1767 minus

316 1804 427 1867 rectae
457 1805 578 1871 rationi
611 1828 709 1891 quam
744 1808 874 1875 divinae
908 1809 1080 1876 sanctitati
1112 1814 1285 1893 repugnat.
1332 1806 1431 1889 (Vide
1461 1828 1562 1892 supra

316 1929 348 1975 n.
361 1910 437 1988 493,
454 1910 508 1976 ubi
521 1912 634 1979 eadem
647 1914 790 1981 absurda
802 1914 1036 1997 consequentia
1047 1915 1179 1981 uberius
1194 1914 1387 1997 quibusdam
1403 1914 1562 1999 exemplis

315 2016 526 2101 illustratur.)

405 2124 507 2209 Atqui
528 2125 609 2191 haee
632 2126 767 2209 indigna
790 2128 938 2195 condicio
960 2129 1124 2195 humanae
1139 2127 1309 2194 societatis
1324 2128 1433 2210 logica
1447 2147 1561 2192 neces·

316 2228 417 2296 sitate
433 2232 642 2313 consequitur
657 2233 847 2300 modernum
863 2234 1137 2319 iurisprudentiae
1153 2234 1299 2300 axiomaz
1319 2232 1471 2311 ,Nullum
1488 2252 1561 2297 esse

316 2334 366 2399 ius
390 2335 452 2401 nisi
475 2337 681 2420 positivum.“

406 2442 520 2509 Proh.
546 2444 686 2511 minor.
718 2446 756 2511 In
779 2446 955 2531 hypothesi
973 2448 1069 2513 huius
1083 2446 1261 2514 axiomatis
1276 2450 1391 2511 contra
1406 2444 1561 2511 iniustam

316 2548 578 2629 praetensionem
601 2550 682 2617 iuris
705 2552 837 2636 positivi
861 2552 995 2619 humani
1018 2554 1103 2619 alius
1125 2572 1277 2619 recursus
1299 2550 1467 2633 legitimus
1495 2570 1560 2615 non

316 2652 513 2737 relinquitur
535 2657 595 2723 nisi
620 2657 737 2725 adius
760 2658 859 2725 altius
882 2658 1070 2739 humanum,
1094 2660 1123 2726 si
1141 2662 1274 2744 praesto
1289 2658 1344 2736 sit,
1368 2678 1408 2723 ac
1423 2656 1562 2739 denique

318 2759 362 2824 ad
392 2760 442 2825 ius
469 2766 639 2846 positivum
671 2767 826 2831 divinum.
873 2764 942 2831 Iam
974 2786 1053 2831 vero
1079 2768 1108 2832 1.
1131 2764 1182 2831 ius
1205 2764 1349 2830 divinum
1372 2764 1560 2849 positivum,

316 2863 446 2931 etiamsi
477 2868 596 2951 ubique
624 2870 754 2953 publice
777 2891 842 2955 qua
864 2870 932 2939 tale
956 2870 1103 2954 agnitum
1128 2876 1217 2937 esset
1239 2874 1273 2937 et
1295 2870 1328 2936 in
1352 2870 1440 2936 omui
1462 2889 1562 2934 causa

317 2972 444 3038 cunctis
473 2974 640 3042 sufficiens
668 2977 748 3043 iuris
777 2978 975 3062 praesidium
1004 2979 1187 3063 praeberet,
1218 2978 1427 3053 essentialem
1450 2979 1561 3042 tamen

316 3076 408 3143 illum
432 3079 605 3161 defectum,
630 3104 726 3167 quem
750 3084 928 3167 arguimus,
952 3086 1080 3150 ordinis
1099 3086 1261 3151 naturalis
1277 3103 1482 3165 naquaquam
1497 3081 1561 3148 tol·

316 3184 410 3263 leret,
434 3190 548 3271 utpote
572 3190 657 3271 quod
679 3198 808 3276 practer
822 3198 974 3257 acturum
997 3210 1059 3274 ope
1075 3189 1335 3273 supernaturalis
1350 3187 1562 3254 revelationis

316 3289 485 3359 inductum
509 3315 581 3360 esse
604 3298 744 3362 coristat.
776 3295 901 3380 Quippe
919 3304 1058 3362 acturae
1080 3298 1168 3377 ordo,
1193 3314 1389 3377 quamquam
1405 3314 1465 3377 per
1480 3293 1561 3357 libe-

316 3419 388 3464 ram
419 3400 480 3466 Dei
509 3401 749 3469 institutionem
779 3401 859 3468 ordo
888 3402 1149 3487 supernaturalis
1180 3402 1211 3467 ei
1241 3399 1494 3484 superstruitur,
1527 3400 1560 3464 in

315 3526 376 3571 suo
400 3510 511 3573 tamen
534 3508 639 3591 gradu
663 3513 698 3575 et
721 3508 846 3575 ambitu
869 3531 963 3575 suom
984 3511 1153 3595 propriam
1176 3508 1388 3593 iutegritatem
1412 3507 1560 3592 deposcit,

317 3632 423 3696 neque
447 3635 465 3680 e
488 3636 586 3680 manu
617 3614 850 3699 sapientissimi
883 3614 1044 3683 creatoris
1074 3618 1244 3697 tamquam
1276 3634 1358 3697 opus
1387 3612 1421 3678 in
1451 3632 1562 3677 essen

315 3720 452 3787 tislibus
481 3722 668 3789 mutilatum
700 3722 830 3805 prodire
859 3722 977 3806 potuit.
1024 3722 1203 3788 Praeterea
1233 3718 1446 3787 uidemini
1474 3719 1563 3803 posi·

316 3828 432 3907 tivum,
466 3850 663 3912 quamquam
695 3830 857 3895 obiective
889 3829 1002 3894 diviua
1033 3828 1233 3895 auctoritate
1263 3828 1403 3904 firmum,
1435 3824 1470 3890 in
1501 3844 1562 3889 usu

316 3938 429 4001 tamen
459 3934 540 4001 reali
569 3934 751 4002 efficaciam
774 3956 867 4001 suam
891 3935 1061 4001 iuridicam
1086 3938 1162 4001 actu
1186 3952 1342 3999 exercere
1364 3952 1429 3997 non
1452 3935 1563 4015 potest

316 4040 380 4106 uisi
404 4041 489 4125 apud
513 4061 580 4121 eos,
607 4041 695 4107 inter
717 4062 799 4124 quos
821 4040 985 4125 positivae
1008 4040 1175 4123 religionis
1198 4038 1386 4105 institutum
1410 4040 1445 4103 et
1466 4036 1500 4100 in
1524 4055 1563 4101 eo

316 4148 490 4215 fundatum
513 4147 563 4212 ius
587 4148 844 4213 ecclesiasticum
867 4146 996 4230 publice
1019 4145 1218 4228 agnoscitur.

408 4256 493 4342 Erpo
517 4263 573 4320 aut
600 4274 752 4319 recursus
776 4252 914 4335 denique
938 4252 1054 4318 adius
1078 4252 1221 4318 divinum
1244 4250 1562 4332 universalissimum,

317 4363 392 4445 lege
422 4362 565 4429 naturali
590 4361 755 4427 conditum
780 4365 815 4427 et
837 4363 872 4426 in
897 4368 1019 4427 ustura
1041 4361 1197 4425 rationali
1220 4360 1372 4443 scriptum
1395 4360 1564 4436 tamquam

318 4490 377 4553 per
414 4490 450 4535 se
484 4468 628 4533 validum
660 4466 883 4534 admittendus
914 4471 986 4543 est,
1022 4475 1078 4531 out
1108 4465 1253 4531 absoluto
1288 4461 1426 4529 iuridica
1460 4460 1563 4526 omni·

317 4576 466 4660 potentia
494 4575 578 4657 legis
608 4574 769 4639 humanae
798 4572 979 4639 theoretice
1007 4577 1042 4639 et
1070 4570 1215 4655 practice
1244 4568 1425 4636 toleranda.
1472 4565 1563 4643 Quae

318 4680 482 4748 conclusio
512 4682 545 4745 in
578 4700 641 4763 quo
671 4680 800 4745 demum
836 4700 856 4744 a
886 4677 1077 4745 statolatria
1107 4676 1291 4759 Hegeliana
1322 4673 1468 4759 practice
1500 4671 1563 4736 dii·

317 4788 423 4866 ferat,
457 4786 514 4852 vix
547 4790 702 4871 apparet,
737 4785 896 4867 siquidem
930 4788 965 4851 et
996 4784 1049 4849 hic
1078 4804 1139 4868 pro
1172 4782 1285 4848 ordine
1317 4780 1461 4846 naturali
1492 4778 1564 4845 sola

317 4894 448 4978 publica
485 4894 629 4959 humana
663 4890 844 4959 auctoritas
883 4910 941 4956 seu
975 4894 1085 4956 status
1118 4888 1269 4974 publicus
1302 4886 1447 4952 universi
1483 4884 1563 4950 iuris

318 5020 490 5085 supremus
522 4999 596 5065 fons
629 5002 663 5063 et
687 4996 810 5063 arbiter
840 4996 1067 5073 constituitur,
1102 4994 1153 5061 cui
1185 5014 1245 5079 per
1277 5012 1479 5075 consequens
1509 4988 1563 5055 vel
