3909 5842
435 676 499 742 288
660 672 750 727 Sectio
769 672 790 726 Ι.
827 671 909 726 Liber
925 669 972 726 IV.
1011 669 1101 742 Caput
1119 671 1139 725 I.
1176 669 1317 724 articulus
1336 670 1360 724 2.
1397 668 1459 738 ὅθ.

434 851 596 918 neminem
620 850 762 935 positive
785 869 876 915 reum
902 849 1073 915 declarare
1096 853 1131 914 et
1146 868 1272 932 poenae
1288 846 1439 913 addicere
1460 845 1554 912 licite
1575 850 1691 930 potest

435 956 476 1023 cb
499 956 604 1022 solam
628 955 772 1038 aliquam
794 953 1063 1039 probabilitatem
1086 954 1211 1038 culpae.
1255 953 1372 1036 Neque
1399 952 1527 1018 medico
1551 951 1636 1018 licet
1659 951 1691 1017 in

435 1063 581 1130 curando
611 1067 748 1145 aegroto
778 1081 860 1146 prae
888 1061 1043 1127 remediis
1066 1061 1166 1127 certis
1189 1081 1229 1126 ac
1251 1059 1350 1140 tutis,
1384 1057 1609 1143 experimenti
1634 1062 1693 1123 ant

436 1169 592 1236 ditandae
615 1168 773 1235 scientiae
795 1168 922 1250 gratia,
947 1167 1056 1250 aliquo
1080 1166 1318 1232 medicamento
1342 1164 1391 1232 uti
1413 1164 1501 1231 forte
1523 1163 1693 1247 probabili

435 1275 575 1359 quidem,
597 1294 712 1340 verum
737 1272 872 1358 ancipiti
895 1276 930 1338 et
953 1271 1146 1356 periculoso.

525 1397 565 1463 ΙΙ.
590 1398 746 1462 Positice:

436 1527 506 1600 320.
594 1516 751 1600 Thetis
782 1513 1013 1598 XXXVII·
1068 1540 1112 1602 Ut
1140 1531 1254 1617 aliqua
1274 1539 1364 1602 actio
1385 1540 1440 1605 vol
1461 1539 1627 1618 omissio,
1653 1540 1694 1602 de

435 1659 503 1720 qna
522 1639 661 1702 dubium
689 1637 936 1714 speculativum
964 1637 1064 1699 unice
1093 1637 1187 1699 circa
1213 1636 1344 1700 licitum
1372 1641 1432 1700 aut
1451 1637 1615 1700 illicitum
1637 1655 1694 1700 ra-

435 1739 528 1801 tione
549 1735 723 1814 praecepti
735 1739 907 1812 versatur,
928 1738 1101 1811 tamquam
1118 1735 1267 1812 practice
1281 1752 1352 1796 non
1365 1734 1486 1797 illicito
1499 1735 1697 1812 prudenter

435 1835 611 1898 aestimari
631 1833 752 1911 possit,
773 1833 962 1910 requiritur
984 1837 1018 1894 et
1032 1832 1163 1894 sufficit
1177 1849 1261 1898 vcra
1276 1833 1498 1909 probabilitas
1513 1833 1696 1910 opinionis

435 1949 497 1995 sou
517 1930 635 1993 ludicii
655 1929 868 2008 speculativi,
890 1947 956 2006 qno
977 1929 1071 1992 illam
1092 1929 1194 1994 licere
1215 1930 1422 1994 affirmatur.

524 2049 829 2117 Praenotanda.
864 2053 892 2115 l.
909 2049 1022 2114 Verba
1036 2049 1132 2114 huius
1148 2049 1280 2116 theseos
1295 2049 1463 2133 proprium
1478 2047 1694 2114 materialem

436 2156 594 2223 ambitum
616 2156 756 2239 legitimi
779 2176 857 2220 usus
880 2153 1114 2238 probabilismi‚
1138 2155 1203 2220 iam
1220 2155 1375 2236 negative
1391 2153 1694 2238 circumscriptum,

432 2266 567 2349 positive
589 2262 757 2329 definiunt.
789 2262 852 2328 Hic
876 2281 994 2345 nempe
1017 2263 1058 2327 ad
1083 2283 1211 2327 omnem
1236 2281 1348 2328 casnm
1363 2259 1435 2326 veri
1458 2259 1546 2327 dubii
1571 2281 1611 2326 se
1631 2281 1695 2327 ex·

436 2370 557 2447 tendit,
591 2369 677 2452 qnod
707 2373 861 2436 versetur
893 2368 981 2434 circa
1012 2367 1192 2434 liceitatem
1225 2369 1279 2433 vel
1310 2367 1513 2434 illiceitatem
1547 2367 1696 2436 alicuius

435 2476 575 2542 actionis
597 2475 651 2540 vel
675 2475 860 2541 omissionis
883 2475 917 2540 in
941 2495 977 2540 ae
1001 2479 1183 2559 spectatae,
1208 2497 1265 2542 seu
1289 2474 1376 2558 qnod
1399 2475 1486 2539 idem
1510 2479 1574 2551 est,
1599 2476 1695 2542 cinca

435 2581 598 2647 actualem
632 2581 863 2647 exsistentiam
894 2581 1105 2665 obligationis
1136 2584 1168 2646 ai
1199 2583 1363 2668 praecepti
1393 2580 1465 2645 sive
1487 2580 1592 2646 divini
1618 2582 1695 2647 sive

433 2688 577 2765 humani,
602 2707 667 2770 qua
682 2687 741 2752 illa
756 2686 971 2771 prohibeatur
997 2691 1056 2754 aut
1079 2687 1310 2772 praecipiatur.
1343 2690 1373 2754 2.
1391 2687 1475 2764 Quid
1491 2687 1533 2752 ad
1554 2709 1696 2764 „veram

435 2793 720 2878 probabilitatem“
756 2793 894 2859 alicuius
925 2793 1087 2877 opinionis
1118 2795 1320 2876 requiratur,
1359 2793 1478 2874 collige
1512 2813 1554 2860 ex
1588 2815 1697 2879 supra

436 2899 482 2982 (n.
507 2902 571 2965 306
597 2897 675 2980 315)
700 2899 807 2967 dictis.
854 2903 884 2967 3.
916 2900 1008 2978 Quod
1039 2900 1159 2966 dicitur
1185 2921 1316 2976 „veram
1347 2899 1618 2984 probabilitatem
1646 2925 1697 2967 re-

437 3008 541 3093 qairi“
570 3010 667 3072 extra
690 3007 949 3074 controversiam
973 3011 1026 3073 ost
1049 3011 1083 3073 et
1106 3007 1189 3073 satis
1212 3029 1272 3091 per
1295 3027 1330 3072 ae
1352 3006 1472 3088 liquet;
1497 3027 1602 3089 quare
1620 3009 1697 3075 sola

436 3113 507 3179 eius
533 3111 765 3197 „sufficientia“
791 3113 966 3197 specialem
991 3113 1303 3180 demonstrationem
1320 3113 1477 3196 deposcit.
1509 3113 1616 3177 Porro
1636 3135 1697 3178 no-

436 3220 590 3298 tandum,
620 3219 706 3284 hanc
737 3218 968 3288 sufficientiam
1000 3223 1185 3306 simpliciter
1208 3221 1354 3303 adeoque
1377 3225 1447 3286 turn
1471 3219 1573 3286 etiam
1598 3221 1696 3286 affir-

435 3326 536 3405 mari,
568 3348 641 3392 cum
672 3326 759 3393 forte
789 3325 898 3410 opinio
922 3326 1073 3410 opposita
1097 3331 1131 3392 et
1154 3325 1346 3410 obligationi
1369 3325 1488 3392 favans
1511 3325 1611 3390 simili
1639 3329 1695 3392 vel

437 3432 538 3498 etiam
561 3432 685 3497 maiore
708 3432 942 3515 probabilitate
964 3432 1090 3516 pollere
1114 3431 1275 3498 videatur.

525 3569 695 3643 Probatur.
741 3573 793 3638 Ad
824 3572 961 3640 honeste
992 3573 1234 3640 econscientia
1264 3573 1427 3655 agendum
1451 3573 1634 3655 requiritur
1660 3581 1695 3640 et

437 3677 560 3744 sufficit
588 3678 676 3743 illius
706 3681 863 3746 dictamen
891 3684 1068 3765 practicam
1098 3681 1277 3762 (altimum)
1307 3681 1470 3745 moraliter
1493 3687 1613 3745 certam
1641 3681 1694 3764 (ut

436 3786 504 3850 iam
519 3806 551 3849 n.
569 3786 631 3848 311
650 3785 823 3867 probatum
840 3783 915 3866 cst).
951 3789 1052 3871 Atqui
1069 3785 1129 3850 snb
1153 3785 1342 3851 condicione
1358 3785 1390 3849 in
1407 3785 1493 3851 thesi
1516 3787 1695 3870 supposita

438 3913 477 3958 ea
499 3892 619 3955 iudicio
642 3893 833 3975 speculativo
855 3914 927 3956 cere
947 3893 1109 3977 probabili
1132 3892 1172 3956 de
1196 3891 1334 3956 actionis
1350 3891 1404 3956 vel
1428 3889 1614 3956 omissionis
1631 3893 1693 3959 ho·

437 3999 570 4064 nastate
592 4017 650 4061 sen
674 3997 820 4063 liceitate
844 3997 884 4062 de
908 3998 1023 4064 eadem
1047 3996 1195 4079 legitime
1218 3997 1385 4062 efformari
1400 3999 1513 4080 potest
1528 3999 1690 4065 dictamen

351 4153 356 4162 .
437 4107 646 4170 conscientiae
665 4107 843 4189 practicam
873 4107 1038 4170 moraliter
1061 4111 1188 4171 certam.
1236 4103 1323 4190 Erpa
1350 4103 1508 4168 eiusmodi
1531 4103 1689 4170 iudicium

437 4213 677 4297 speculativum
701 4232 780 4277 vere
801 4211 971 4294 probabile
994 4210 1160 4277 sufficiens
1182 4210 1432 4276 fundamentum
1449 4211 1597 4294 praebet,
1622 4233 1689 4295 quo

438 4325 473 4386 et
495 4318 640 4403 practice
662 4317 743 4382 illud
766 4318 858 4400 sequi
881 4318 1008 4384 licitum
1031 4338 1104 4382 esse
1128 4317 1265 4383 dicatur.

527 4459 644 4525 Proh.
669 4458 811 4524 minor.

439 4563 502 4635 ³21.
592 4567 824 4649 Arpameatam
839 4565 864 4629 Ι
872 4562 1070 4648 (directum).
1103 4563 1377 4646 Quotiescumque
1399 4567 1475 4647 post
1496 4563 1686 4647 diligentem

437 4670 727 4753 investigationem
740 4669 839 4736 etiarn
851 4670 1031 4754 peritorum
1046 4677 1079 4737 et
1092 4669 1307 4736 consideratis
1319 4670 1351 4734 in
1368 4674 1542 4754 utramque
1557 4675 1687 4755 partam

438 4778 487 4842 rei
511 4777 673 4844 adiunctis
697 4798 740 4843 ex
762 4775 858 4860 gravi
881 4776 1011 4843 ratione
1031 4777 1177 4859 adeoque
1202 4799 1271 4843 aere
1292 4777 1503 4863 probabiliter
1523 4777 1688 4842 iudicatur

440 4885 642 4969 propositam
677 4884 821 4967 aliquam
852 4883 1016 4950 actionem
1040 4885 1094 4950 vel
1119 4884 1327 4949 omissionem
1358 4885 1400 4949 ab
1431 4883 1520 4949 omni
1543 4883 1687 4968 prohibi·

438 4991 529 5056 tione
551 4991 688 5056 liberam
713 4995 747 5056 et
770 4990 846 5055 hinc
870 4989 1031 5057 obiective
1055 4991 1178 5057 licitam
1203 5011 1285 5068 esse,
1311 5012 1350 5056 co
1372 4991 1444 5074 ipso
1468 4990 1524 5056 lex
1541 4990 1685 5074 opinata.
