3909 5842
529 668 562 722 II.
582 668 622 722 De
641 671 703 722 ortu
721 672 750 722 et
768 686 915 739 progressu
933 670 1065 725 scientiae
1084 670 1152 725 iuris
1170 669 1311 725 naturalia.
1442 686 1545 724 xxxvrr

281 868 339 913 ex
363 846 472 913 officio
495 868 628 930 operam
652 846 771 925 dabat,
802 868 868 911 non
896 848 968 913 sine
998 848 1140 932 sapienti
1164 847 1365 913 divinatione
1389 848 1545 913 observa-

281 959 409 1031 verat,
440 956 564 1036 quanta
586 952 681 1018 ruina
703 953 833 1037 publico
857 955 968 1020 sensui
990 954 1123 1033 morali,
1154 955 1188 1019 in
1211 954 1309 1020 rebus
1338 953 1545 1038 potissimum

282 1060 448 1126 civilibus
471 1059 836 1127 et.internationalibus
859 1061 1029 1143 gerendis,
1061 1065 1138 1146 post
1160 1062 1356 1143 abrogatam
1379 1059 1487 1126 subito
1511 1064 1546 1127 et

282 1172 519 1252 contemptam
542 1169 700 1233 moralem
725 1172 760 1235 et
782 1168 972 1252 religiosam
996 1170 1229 1237 auctoritatem
1245 1168 1415 1234 Ecclesiae
1437 1166 1471 1232 in
1493 1166 1545 1232 fu-

282 1280 407 1341 turum
430 1274 577 1340 timenda
599 1277 698 1352 esset,
722 1273 785 1339 uisi
809 1274 884 1341 huic
901 1275 1081 1341 universali
1096 1280 1131 1342 et
1146 1274 1302 1342 historice
1318 1272 1545 1339 efficacissimo

283 1380 420 1445 ordinis
442 1379 667 1445 sustentaculo
691 1379 781 1445 aliud
803 1401 869 1445 uon
885 1380 993 1447 miuus
1008 1380 1264 1448 internatiouale
1280 1378 1453 1463 subrogari
1468 1400 1546 1444 con-

283 1487 450 1570 tingeret.
497 1485 705 1571 Quapropter
734 1486 777 1552 ad
806 1492 989 1555 naturalem
1018 1487 1158 1569 denique
1184 1486 1417 1553 auctoritatem
1442 1485 1546 1551 omnis

285 1592 496 1661 moralitatis
520 1597 555 1659 et
576 1593 734 1672 iustitiae,
759 1614 845 1677 quae
867 1598 945 1677 post
967 1594 1146 1661 admissum
1163 1615 1285 1659 novum
1300 1593 1333 1658 in
1350 1592 1447 1659 rebus
1470 1591 1545 1657 fidei

286 1699 489 1785 principium
514 1698 707 1777 ,subiectivi
728 1700 908 1765 examinia‘
934 1700 1031 1766 unica
1052 1704 1226 1784 supererat
1248 1698 1463 1765 communiter
1486 1718 1546 1781 ag-

288 1807 376 1883 nita,
400 1804 634 1870 recurrendum
658 1826 732 1870 esse
755 1806 860 1883 duxit,
884 1804 1012 1872 scilicet
1035 1806 1076 1872 ad
1092 1810 1273 1873 naturalem
1291 1806 1353 1870 Dei
1369 1808 1465 1891 legem
1487 1807 1545 1869 im-

287 1913 478 1977 mutabilem
502 1914 587 1977 etin
611 1913 761 1978 cordibus
783 1914 945 1978 bominum
969 1916 1132 1999 scriptam.
1164 1913 1310 1979 Primum
1332 1912 1435 1995 igitur
1458 1932 1546 1977 com·

288 2018 408 2083 munia
423 2018 584 2100 quaedam
599 2018 680 2083 iuris
695 2020 857 2085 naturalis
873 2019 1042 2104 principia,
1060 2019 1210 2105 proxime
1226 2019 1355 2102 quidem
1368 2040 1427 2103 pro
1443 2017 1546 2083 inter·

289 2125 457 2191 nationali
478 2126 674 2210 populorum
696 2127 874 2205 relatione,
906 2126 1056 2193 stabilire
1079 2126 1127 2193 illi
1149 2127 1354 2212 propositum
1378 2130 1460 2193 erat.
1508 2126 1545 2190 Id

290 2232 402 2316 ipsum
426 2234 538 2297 autem
560 2232 631 2297 fieri
655 2254 719 2298 uon
742 2254 840 2317 posse
862 2232 1038 2312 intellexit,
1063 2234 1126 2299 uisi
1149 2233 1336 2316 generalius
1360 2237 1394 2299 et
1409 2231 1546 2316 profun-

293 2336 370 2402 dius
392 2336 427 2401 in
449 2336 607 2402 moralem
638 2340 673 2403 et
702 2337 858 2403 socialem
881 2341 1036 2405 naturam
1066 2339 1206 2405 hominis
1235 2341 1436 2423 penetraret.
1483 2336 1545 2403 At-

292 2464 360 2525 que
389 2443 439 2510 ita
467 2443 552 2508 liber
579 2444 647 2520 ,De
669 2443 741 2509 iure
763 2444 841 2509 belli
871 2467 910 2511 aa
939 2445 1049 2529 pacis¹‘
1077 2446 1254 2531 inscriptus
1284 2446 1317 2510 in
1348 2444 1545 2529 completum

292 2554 445 2634 systema
476 2550 557 2614 iuris
588 2550 751 2615 naturalis
784 2550 943 2617 excrevit.
991 2550 1120 2617 Abhinc
1150 2554 1261 2617 autern
1294 2549 1389 2615 huius
1420 2548 1546 2633 periodi

292 2656 378 2721 iuris
400 2655 564 2721 naturalis
586 2645 705 2721 iterum
721 2656 836 2723 variae
849 2658 976 2739 formae
994 2660 1176 2723 evolationis
1198 2656 1366 2723 commode
1389 2654 1547 2737 distingui

292 2765 471 2847 possunt¹:

387 2870 502 2935 Prima
526 2873 673 2953 evolutio,
703 2891 802 2953 quam
826 2876 947 2938 vocant
981 2870 1078 2951 ,iuris
1103 2870 1263 2938 naturalis
1290 2871 1421 2954 proprie
1445 2868 1542 2936 dicti“

293 2975 507 3059 (praesertim
523 2974 557 3039 in
574 2975 775 3057 Germania),
791 2996 811 3041 a
828 2978 938 3043 Gratia
954 2998 1053 3065 aeque
1069 2980 1114 3043 ad
1130 2978 1299 3043 Kantium.
1327 2976 1425 3042 Liber
1441 2976 1546 3043 Grotii

292 3082 412 3149 statim
443 3103 570 3147 summa
602 3082 802 3150 auctoritate
825 3084 890 3149 frui
914 3085 1039 3169 coepit,
1072 3106 1169 3167 quam
1200 3105 1302 3167 usque
1333 3084 1375 3150 ad
1404 3082 1546 3149 medium

293 3188 367 3254 fere
390 3209 476 3254 saec.
500 3188 612 3253 XVIII
634 3188 826 3272 frequentes
850 3190 1028 3271 editiones,
1061 3191 1183 3276 partim
1206 3192 1376 3257 doctorum
1401 3189 1546 3255 virorum

292 3295 348 3379 (ut
372 3294 530 3361 Gronovii
553 3298 588 3359 et
610 3294 837 3379 Barbeyracii)
861 3298 1129 3366 adnotationibus
1152 3302 1211 3365 aut
1234 3294 1477 3363 commentariis
1493 3315 1546 3359 or-

291 3406 406 3481 natae,
435 3401 519 3468 satis
550 3401 818 3470 manifestabant.
866 3404 946 3471 (lum
970 3406 1085 3472 Gratia
1109 3406 1232 3483 schola,
1264 3423 1349 3486 quae
1373 3422 1446 3467 eum
1470 3420 1545 3483 pro·

291 3506 385 3572 xime
406 3506 623 3590 sequebatur,
652 3508 687 3573 iu
710 3513 858 3576 naturali
880 3512 1019 3577 dominia
1042 3513 1233 3593 socialitate,
1258 3532 1278 3576 a
1300 3515 1421 3575 natura
1443 3506 1546 3574 ratio-

292 3614 362 3679 uali
386 3613 597 3698 inseparabili
621 3618 656 3681 et
678 3614 836 3681 divinitus
859 3617 965 3685 instar
988 3618 1073 3702 legis
1096 3619 1217 3696 indita,
1248 3638 1430 3703 supremum
1448 3617 1546 3699 prin-

292 3724 415 3805 cipium
438 3719 586 3801 agnovit,
611 3743 632 3785 a
648 3743 708 3806 quo
732 3724 892 3789 iuridieae
907 3727 992 3789 inter
1007 3726 1149 3791 bominac
1165 3727 1335 3791 relationes
1354 3730 1447 3808 atque
1470 3721 1546 3787 inde

292 3850 402 3893 omnea
424 3828 556 3893 sociales
578 3830 792 3894 institutiones
816 3830 1051 3897 derivarentur.

385 3934 449 3999 Per
477 3934 565 3999 idem
595 3938 707 4001 autem
738 3939 870 4019 tempus
904 3938 1042 4004 Ibornae
1072 3937 1198 4003 Hobbee
1228 3934 1480 4018 (1588-1679)
1511 3933 1545 3997 in

292 4040 418 4124 Anglia
440 4060 533 4106 suam
565 4040 747 4108 doctrinam
772 4042 930 4109 Gratiano
960 4042 1119 4127 principio
1150 4042 1274 4108 directe
1297 4039 1481 4125 oppositam
1505 4040 1546 4105 de

294 4150 444 4214 naturali
465 4149 604 4213 taminia
626 4156 712 4214 etatu
731 4152 914 4215 antiaoeiali
929 4149 1027 4215 editis
1043 4150 1135 4215 libris
1156 4150 1223 4227 ,De
1239 4148 1335 4215 Give“
1356 4152 1390 4215 et
1410 4147 1545 4227 ,Levia-

291 4254 394 4320 than‘
422 4254 595 4320 adstruere
618 4258 757 4320 conatus
780 4260 841 4322 est.
875 4256 959 4323 Orta
982 4256 1056 4321 hinc
1081 4255 1307 4323 controversia
1321 4254 1408 4320 inter
1424 4253 1545 4319 utrius·

293 4381 358 4443 que
384 4360 448 4424 viri
480 4361 627 4426 asseclas
659 4361 886 4428 defensoribus
920 4362 1027 4429 Grotii
1060 4367 1128 4428 tam
1162 4362 1195 4427 in
1229 4360 1349 4444 Anglia
1381 4380 1479 4443 quam
1511 4359 1544 4424 in

294 4465 472 4531 Germania
500 4466 705 4533 occasionem
736 4468 827 4535 dedit
857 4469 1040 4535 doctrinam
1074 4469 1144 4535 eius
1167 4468 1260 4535 varie
1290 4467 1464 4534 evolvendi
1488 4470 1546 4533 aut

386 4643 395 4673 ¹
413 4640 504 4708 Magis
522 4641 652 4710 specialia
672 4642 705 4695 de
723 4642 767 4696 hie
785 4642 947 4697 documenta
966 4644 1052 4697 refert
1071 4644 1245 4711 ll'arnlcdnr'g,
1264 4640 1545 4713 Rechtephilosophie,

255 4724 261 4735 ’
297 4730 320 4782 1.
340 4728 425 4794 Buch,
452 4728 617 4797 Grundzllge
644 4730 692 4783 der
712 4730 877 4784 Geschichte
903 4731 951 4785 der
969 4730 1253 4802 Rechtephilosophie,
1274 4730 1357 4795 1839;
1383 4732 1416 4784 F.
1436 4732 1545 4799 Walter,

293 4816 462 4871 Naturrecht
479 4817 534 4871 und
547 4817 658 4883 Politik,
677 4820 703 4872 3.
716 4818 782 4872 Teii.
797 4848 832 4857 -
845 4820 1051 4890 Amplissimam
1071 4825 1162 4874 autem
1185 4818 1398 4885 ,litteraturam“
1414 4820 1545 4872 scientiae

293 4905 360 4960 luris
386 4906 468 4959 etiarn
493 4910 631 4961 naturalia
655 4907 768 4975 collegit
794 4910 893 4976 Vering
918 4909 946 4961 iu
971 4908 1074 4978 period.
1104 4908 1315 4975 ,Literarischer
1341 4907 1544 4971 Haudweism‘,

294 4994 391 5063 Jahrg.
412 4994 598 5049 lave-1879.
