3909 5842
862 634 1032 706 Conspectus
1052 654 1149 690 rerum.

417 810 519 867 'l'lresfs
537 812 577 866 11.
604 810 747 865 Obiectum
766 811 880 865 formale
900 811 1034 867 humanae
1047 812 1198 867 voluntatis
1218 814 1245 867 iu
1258 830 1307 867 sno
1319 817 1451 884 conceptu
1469 815 1541 866 tam

489 899 544 953 late
562 902 647 969 patet,
666 917 747 968 quam
765 899 828 953 boui
847 901 916 954 ratio
935 901 1070 955 latissime
1089 906 1203 972 accepta
1221 919 1270 957 sen
1288 905 1332 956 est
1347 902 1446 956 bonnm
1469 902 1543 955 uni·

491 989 593 1041 veraim
630 1028 1442 1043 ...........
1534 1032 1541 1041 .

529 1076 684 1129 Corollaria
710 1118 1441 1133 ..........
1532 1118 1539 1130 .

543 1164 574 1217 B.
593 1163 634 1217 De
653 1164 760 1219 formali
778 1169 919 1235 respectu,
945 1166 997 1220 sub
1022 1184 1076 1236 qno
1095 1166 1222 1222 voluntas
1241 1168 1375 1222 obiectum
1393 1168 1446 1222 sibi
1464 1184 1540 1238 pro·

590 1253 709 1323 positum
728 1254 811 1309 babet
873 1297 1539 1311 .........
1628 1288 1646 1306 a

417 1377 520 1434 'l'lresfs
537 1379 593 1433 ΙΙΙ.
620 1378 777 1434 Communia
794 1380 869 1453 ratio⁴
890 1381 953 1435 boni
972 1384 1086 1435 eatenus
1103 1381 1255 1436 formaliter
1272 1383 1411 1453 proprium
1431 1380 1539 1435 volun·

489 1467 557 1521 tatis
579 1467 714 1522 obiectum
740 1469 845 1523 censeri
870 1471 976 1539 potest,
1005 1474 1141 1539 quatenns
1158 1470 1285 1525 rationali
1311 1470 1539 1541 apprehensione

490 1555 531 1610 illi
549 1557 709 1626 proponitur

528 1656 682 1709 Corollaria
710 1697 1441 1711 ..........
1521 1696 1529 1708 .

525 1744 679 1798 Sabellum:
697 1744 819 1799 Reflexio
833 1744 1196 1815 philosophico-aesthetica:
1216 1745 1256 1799 De
1268 1745 1370 1816 triplici
1383 1744 1532 1800 rationalis

561 1832 798 1903 contemplationis
817 1834 936 1888 obiecto:
956 1836 1073 1903 horream,
1091 1852 1160 1903 vero,
1176 1836 1293 1903 pulchro
1356 1877 1362 1888 .
1436 1876 1443 1888 .
1518 1877 1527 1889 .

489 1932 506 1999 ἕ
525 1934 549 1987 3.
587 1932 627 1987 De
646 1932 722 1986 finali
741 1937 867 2003 respectu
885 1936 1001 1987 naturae
1019 1932 1154 1988 humanae
1173 1934 1206 1988 ad
1224 1932 1441 1987 beatitudinem.
1517 1974 1524 1985 .

544 2023 576 2076 Α.
596 2021 777 2077 Beatitudinis
795 2024 870 2075 notio

543 2111 575 2165 B.
594 2110 635 2165 De
653 2111 773 2165 naturali
792 2113 916 2182 appetitu
934 2112 1112 2167 beatitudinis

418 2234 521 2290 Tiresia
539 2234 589 2291 lv.
615 2234 719 2288 lutuitu
737 2234 861 2289 formalis
879 2235 979 2289 obiecti
997 2235 1149 2291 voluntatis
1168 2236 1247 2289 homo
1266 2235 1385 2290 naturali
1398 2234 1524 2305 appetitu

489 2322 517 2375 in
536 2322 731 2376 beatitudinem
751 2322 816 2375 ferri
836 2328 910 2377 recte
929 2322 1029 2378 dicitur

528 2421 710 2475 Corollariam

456 2544 649 2597 Articulus
667 2544 692 2597 2.
730 2544 873 2598 deseritur
891 2544 954 2597 finis
972 2545 1090 2599 hominia
1108 2546 1221 2599 ultimus
1240 2546 1268 2599 in
1286 2544 1442 2599 communi.
1517 2587 1522 2597 .

417 2662 521 2716 'l'lrcsls
539 2663 574 2718 V·
601 2662 676 2716 Finis
693 2663 811 2718 hominis
828 2663 942 2718 ultimus
955 2664 1089 2719 naturalis
1110 2666 1136 2718 in
1150 2664 1318 2719 beatitudine
1340 2664 1451 2718 realiter
1463 2680 1523 2717 con·

489 2750 628 2817 sequenda
647 2751 773 2805 consistit
792 2793 1523 2808 ..........
1628 2752 1645 2769 ‘'

525 2840 678 2891 Sabellum:
703 2840 847 2894 Beatitudo
869 2843 1085 2911 supernaturalis
1114 2844 1264 2896 eminenter
1292 2841 1423 2912 adimplet
1446 2847 1523 2897 natu·

562 2928 647 2982 ralem
707 2971 1520 2985 ...........

524 2978 652 3069 lt'ctanda
670 3020 707 3069 ad
724 3020 861 3072 solvendae
879 3020 1051 3086 difficultates
1112 3060 1520 3075 ......

453 3153 648 3207 Articulus
667 3156 692 3209 3.
730 3155 804 3209 Finis
823 3156 940 3210 hominis
958 3156 1072 3211 ultimus
1090 3158 1118 3211 in
1144 3158 1302 3228 particulari
1326 3160 1523 3214 determinatur

490 3240 507 3308 ἕ
529 3245 552 3295 l.
577 3242 617 3297 De
637 3244 805 3298 heatitudine
824 3245 960 3299 obiectiva

417 3364 520 3420 Tbesls
538 3367 588 3422 vl.
614 3368 644 3420 ln
663 3367 738 3422 nullo
756 3369 826 3423 bono
844 3370 929 3434 finito,
949 3371 998 3424 sed
1016 3372 1044 3424 in
1063 3370 1120 3425 solo
1133 3370 1190 3425 Dec
1210 3376 1308 3425 natura
1326 3371 1445 3426 hunrana
1463 3389 1522 3442 per·

489 3455 561 3509 fecte
580 3456 709 3526 compleri
728 3474 777 3511 seu
796 3458 931 3512 obiectire
950 3460 1025 3513 beari
1044 3464 1135 3531 potest
1194 3503 1521 3515 .....

528 3547 683 3599 Corollaria
711 3588 1521 3603 ...........

525 3634 654 3687 tharula
672 3636 709 3686 cd
725 3637 863 3689 solvendas
881 3638 1053 3703 difficultates
1116 3680 1522 3692 ......

490 3720 506 3787 ἕ
526 3722 551 3773 2.
577 3720 617 3774 De
636 3722 804 3776 beatitudine
822 3725 975 3778 subiectiva
1034 3766 1522 3779 .......

417 3845 520 3899 'lbesis
539 3844 604 3902 Vll.
640 3846 786 3901 Beatitudc
812 3848 965 3902 subiectira
990 3848 1142 3902 formaliter
1168 3850 1194 3902 in
1213 3848 1422 3919 perfectissima,
1442 3864 1522 3917 quam

490 3952 538 4004 pro
557 3952 607 3989 sua
626 3937 742 4005 quisque
760 3938 875 3991 naturae
893 3938 1047 4007 capacitate
1066 3938 1176 4007 assequi
1188 3938 1284 4008 possit,
1304 3938 1354 3992 Dei
1368 3938 1523 4006 cognitione

490 4026 518 4076 et
536 4041 627 4077 amore
646 4025 772 4079 similiter
797 4026 919 4095 perfecto
945 4028 1079 4081 consistit.
1117 4027 1218 4081 Verum
1245 4028 1378 4098 complete
1403 4028 1451 4082 illa
1469 4028 1522 4081 uiai

490 4112 517 4165 in
536 4113 595 4166 vita
613 4112 760 4167 immortali
778 4114 894 4168 obtineri
912 4114 1009 4183 nequit
1035 4156 1522 4169 .......
1596 4118 1631 4170 50

528 4203 682 4258 Corollaria
711 4244 1523 4259 ...........
1596 4205 1631 4259 53

525 4292 654 4344 Notanda
672 4294 708 4344 cd
726 4294 865 4346 solvendas
883 4294 1056 4359 difficultates
1114 4334 1120 4345 .
1194 4334 1199 4346 .
1275 4336 1280 4347 .
1357 4335 1362 4347 .
1436 4336 1442 4347 .
1517 4336 1521 4346 .
1596 4295 1631 4347 54

526 4381 680 4434 Sabellam:
699 4381 880 4435 Beatitudinis
898 4382 1027 4447 essentie,
1047 4380 1187 4445 attributa,
1207 4382 1358 4435 accidentia
1437 4424 1442 4435 .
1517 4425 1522 4435 .
1596 4384 1631 4435 58

455 4502 646 4556 Articulus
664 4505 689 4557 4.
721 4503 761 4557 De
780 4504 833 4558 fine
852 4504 969 4558 hominis
989 4507 1114 4574 respectu
1133 4505 1285 4574 praesentis
1304 4504 1379 4558 vitae
1397 4522 1523 4575 supremo
1596 4506 1630 4559 59

528 4592 669 4647 Conclusio
713 4634 1523 4649 ...........
1595 4594 1630 4647 59

418 4714 522 4770 'l'lresfs
540 4715 619 4771 ΠΗ.
651 4715 787 4782 Felicitas,
806 4734 876 4785 quae
894 4716 996 4770 homini
1016 4734 1050 4770 ex
1069 4718 1182 4770 naturae
1201 4716 1382 4771 destinatione
1401 4716 1428 4770 in
1447 4734 1524 4787 prae-

490 4806 562 4858 senti
581 4806 640 4858 vita
665 4805 855 4875 consequenda
873 4806 1047 4875 proponitur.
1073 4822 1237 4875 quamquam
1264 4824 1313 4875 per
1331 4822 1361 4859 ae
1380 4806 1522 4859 sensitiva·

490 4892 645 4955 rationalis,
671 4892 773 4947 nullam
792 4897 884 4947 tamen
902 4893 984 4947 aliam
1004 4893 1152 4947 sensitivas
1171 4894 1260 4962 partis
1278 4893 1433 4947 fruitionem
1453 4910 1523 4945 com·

490 4980 647 5050 prehendit,
665 4981 717 5035 nisi
737 4999 806 5050 quae
825 4982 942 5052 positiva
961 4982 1053 5051 aliqua
1071 4981 1290 5036 subordinatione
1309 4982 1342 5035 ad
1362 4982 1441 5035 finem
1462 4980 1522 5033 ulti·
