<?xml version="1.0" encoding="UTF-8"?>
<!DOCTYPE html PUBLIC "-//W3C//DTD XHTML 1.0 Transitional//EN"
    "http://www.w3.org/TR/xhtml1/DTD/xhtml1-transitional.dtd">
<html xmlns="http://www.w3.org/1999/xhtml" xml:lang="en" lang="en">
 <head>
  <title>
</title>
<meta http-equiv="Content-Type" content="text/html;charset=utf-8" />
  <meta name='ocr-system' content='tesseract 3.04.00' />
  <meta name='ocr-capabilities' content='ocr_page ocr_carea ocr_par ocr_line ocrx_word'/>
</head>
<body>
  <div class='ocr_page' id='page_1' title='image "./institutionesiu00meyegoog_0049.png"; bbox 0 0 3909 5842; ppageno 0'>
   <div class='ocr_carea' id='block_1_1' title="bbox 506 656 1536 728">
    <p class='ocr_par' dir='ltr' id='par_1_1' title="bbox 506 656 1536 728">
     <span class='ocr_line' id='line_1_1' title="bbox 506 656 1536 728; baseline -0.002 -17"><span class='ocrx_word' id='word_1_1' title='bbox 506 658 553 711; x_wconf 89' lang='grc' dir='ltr'><strong>ΠΙ.</strong></span> <span class='ocrx_word' id='word_1_2' title='bbox 572 656 613 711; x_wconf 89' lang='lat' dir='ltr'><strong>De</strong></span> <span class='ocrx_word' id='word_1_3' title='bbox 631 657 776 712; x_wconf 85' lang='lat' dir='ltr'><strong>universae</strong></span> <span class='ocrx_word' id='word_1_4' title='bbox 795 656 982 728; x_wconf 76' lang='lat' dir='ltr'>philosophiae</span> <span class='ocrx_word' id='word_1_5' title='bbox 1001 656 1139 727; x_wconf 80' lang='lat' dir='ltr'><strong>practicae</strong></span> <span class='ocrx_word' id='word_1_6' title='bbox 1156 658 1310 727; x_wconf 78' lang='lat' dir='ltr'>partitione.</span> <span class='ocrx_word' id='word_1_7' title='bbox 1479 674 1536 712; x_wconf 84' lang='lat' dir='ltr'><strong>xnv</strong></span> 
     </span>
    </p>
   </div>
   <div class='ocr_carea' id='block_1_2' title="bbox 271 834 1535 921">
    <p class='ocr_par' dir='ltr' id='par_1_2' title="bbox 271 834 1535 921">
     <span class='ocr_line' id='line_1_2' title="bbox 271 834 1535 921; baseline 0.002 -20"><span class='ocrx_word' id='word_1_8' title='bbox 271 841 314 902; x_wconf 92' lang='lat' dir='ltr'><strong>ut</strong></span> <span class='ocrx_word' id='word_1_9' title='bbox 331 858 439 921; x_wconf 90' lang='lat' dir='ltr'><strong>supra</strong></span> <span class='ocrx_word' id='word_1_10' title='bbox 454 836 521 901; x_wconf 91' lang='lat' dir='ltr'><strong>iam</strong></span> <span class='ocrx_word' id='word_1_11' title='bbox 537 834 739 912; x_wconf 87' lang='lat' dir='ltr'><strong>dictumest,</strong></span> <span class='ocrx_word' id='word_1_12' title='bbox 756 835 880 919; x_wconf 90' lang='lat' dir='ltr'><strong>primus</strong></span> <span class='ocrx_word' id='word_1_13' title='bbox 897 838 1015 901; x_wconf 78' lang='lat' dir='ltr'><strong>auctor</strong></span> <span class='ocrx_word' id='word_1_14' title='bbox 1029 834 1094 901; x_wconf 90' lang='lat' dir='ltr'><strong>fuit</strong></span> <span class='ocrx_word' id='word_1_15' title='bbox 1111 836 1317 903; x_wconf 80' lang='lat' dir='ltr'><strong>Christ-iopas</strong></span> <span class='ocrx_word' id='word_1_16' title='bbox 1338 837 1535 918; x_wconf 83' lang='lat' dir='ltr'><strong>Thomasius,</strong></span> 
     </span>
    </p>
   </div>
   <div class='ocr_carea' id='block_1_3' title="bbox 272 940 1614 1009">
    <p class='ocr_par' dir='ltr' id='par_1_3' title="bbox 272 940 1614 1009">
     <span class='ocr_line' id='line_1_3' title="bbox 272 940 1614 1009; baseline -0.003 -2"><span class='ocrx_word' id='word_1_17' title='bbox 272 942 378 1008; x_wconf 88' lang='lat' dir='ltr'><strong>cuius</strong></span> <span class='ocrx_word' id='word_1_18' title='bbox 401 964 484 1007; x_wconf 81' lang='lat' dir='ltr'><strong>hooc</strong></span> <span class='ocrx_word' id='word_1_19' title='bbox 500 942 652 1009; x_wconf 84' lang='lat' dir='ltr'><strong>doctrina</strong></span> <span class='ocrx_word' id='word_1_20' title='bbox 674 942 716 1007; x_wconf 88' lang='lat' dir='ltr'><strong>de</strong></span> <span class='ocrx_word' id='word_1_21' title='bbox 731 941 861 1008; x_wconf 87' lang='lat' dir='ltr'><strong>interno</strong></span> <span class='ocrx_word' id='word_1_22' title='bbox 879 940 1065 1007; x_wconf 87' lang='lat' dir='ltr'><strong>discrimine</strong></span> <span class='ocrx_word' id='word_1_23' title='bbox 1088 941 1242 1007; x_wconf 88' lang='lat' dir='ltr'><strong>interius</strong></span> <span class='ocrx_word' id='word_1_24' title='bbox 1265 946 1299 1008; x_wconf 90' lang='lat' dir='ltr'><strong>et</strong></span> <span class='ocrx_word' id='word_1_25' title='bbox 1315 943 1536 1009; x_wconf 88' lang='lat' dir='ltr'><strong>moralitatem</strong></span> <span class='ocrx_word' id='word_1_26' title='bbox 1610 996 1614 1003; x_wconf 84' lang='lat'><strong>.</strong></span> 
     </span>
    </p>
   </div>
   <div class='ocr_carea' id='block_1_4' title="bbox 272 1048 1540 2940">
    <p class='ocr_par' dir='ltr' id='par_1_4' title="bbox 272 1048 1539 1876">
     <span class='ocr_line' id='line_1_4' title="bbox 272 1048 1538 1132; baseline 0.002 -18"><span class='ocrx_word' id='word_1_27' title='bbox 272 1050 371 1114; x_wconf 87' lang='lat' dir='ltr'><strong>hanc</strong></span> <span class='ocrx_word' id='word_1_28' title='bbox 392 1048 612 1115; x_wconf 89' lang='lat' dir='ltr'><strong>methodicam</strong></span> <span class='ocrx_word' id='word_1_29' title='bbox 636 1049 819 1115; x_wconf 89' lang='lat' dir='ltr'><strong>novitatem</strong></span> <span class='ocrx_word' id='word_1_30' title='bbox 839 1048 946 1131; x_wconf 86' lang='lat' dir='ltr'><strong>logica</strong></span> <span class='ocrx_word' id='word_1_31' title='bbox 961 1048 1161 1132; x_wconf 90' lang='lat' dir='ltr'><strong>postulabat.</strong></span> <span class='ocrx_word' id='word_1_32' title='bbox 1193 1048 1310 1131; x_wconf 87' lang='lat' dir='ltr'><strong>Itaque</strong></span> <span class='ocrx_word' id='word_1_33' title='bbox 1326 1072 1347 1115; x_wconf 90' lang='lat' dir='ltr'><strong>a</strong></span> <span class='ocrx_word' id='word_1_34' title='bbox 1363 1051 1538 1116; x_wconf 81' lang='lat' dir='ltr'><strong>Thomasio</strong></span> 
     </span>
     <span class='ocr_line' id='line_1_5' title="bbox 272 1153 1538 1240; baseline 0.002 -20"><span class='ocrx_word' id='word_1_35' title='bbox 272 1156 426 1239; x_wconf 90' lang='lat' dir='ltr'><strong>primum</strong></span> <span class='ocrx_word' id='word_1_36' title='bbox 457 1160 608 1239; x_wconf 89' lang='lat' dir='ltr'><strong>coeptum</strong></span> <span class='ocrx_word' id='word_1_37' title='bbox 640 1160 692 1221; x_wconf 88' lang='lat' dir='ltr'><strong>est</strong></span> <span class='ocrx_word' id='word_1_38' title='bbox 722 1153 863 1220; x_wconf 77' lang='lat' dir='ltr'><strong>ethicam</strong></span> <span class='ocrx_word' id='word_1_39' title='bbox 899 1158 934 1220; x_wconf 85' lang='lat' dir='ltr'><strong>at</strong></span> <span class='ocrx_word' id='word_1_40' title='bbox 967 1155 1020 1219; x_wconf 91' lang='lat' dir='ltr'><strong>ius</strong></span> <span class='ocrx_word' id='word_1_41' title='bbox 1050 1154 1202 1221; x_wconf 83' lang='lat' dir='ltr'><strong>naturale</strong></span> <span class='ocrx_word' id='word_1_42' title='bbox 1232 1175 1291 1220; x_wconf 92' lang='lat' dir='ltr'><strong>seu</strong></span> <span class='ocrx_word' id='word_1_43' title='bbox 1320 1154 1400 1221; x_wconf 84' lang='lat' dir='ltr'><strong>iuris</strong></span> <span class='ocrx_word' id='word_1_44' title='bbox 1433 1156 1538 1240; x_wconf 92' lang='lat' dir='ltr'><strong>philo·</strong></span> 
     </span>
     <span class='ocr_line' id='line_1_6' title="bbox 274 1258 1538 1345; baseline 0.002 -20"><span class='ocrx_word' id='word_1_45' title='bbox 274 1261 435 1345; x_wconf 89' lang='lat' dir='ltr'><strong>sophiam</strong></span> <span class='ocrx_word' id='word_1_46' title='bbox 457 1261 510 1325; x_wconf 89' lang='lat' dir='ltr'><strong>vel</strong></span> <span class='ocrx_word' id='word_1_47' title='bbox 535 1265 705 1342; x_wconf 82' lang='lat' dir='ltr'><strong>tamquam</strong></span> <span class='ocrx_word' id='word_1_48' title='bbox 721 1259 877 1325; x_wconf 86' lang='lat' dir='ltr'><strong>scientias</strong></span> <span class='ocrx_word' id='word_1_49' title='bbox 892 1259 991 1343; x_wconf 89' lang='lat' dir='ltr'><strong>plane</strong></span> <span class='ocrx_word' id='word_1_50' title='bbox 1007 1258 1181 1325; x_wconf 88' lang='lat' dir='ltr'><strong>distinctas</strong></span> <span class='ocrx_word' id='word_1_51' title='bbox 1196 1260 1249 1323; x_wconf 89' lang='lat' dir='ltr'><strong>vel</strong></span> <span class='ocrx_word' id='word_1_52' title='bbox 1267 1262 1357 1325; x_wconf 89' lang='lat' dir='ltr'><strong>certe</strong></span> <span class='ocrx_word' id='word_1_53' title='bbox 1373 1265 1411 1326; x_wconf 89' lang='lat' dir='ltr'><strong>ut</strong></span> <span class='ocrx_word' id='word_1_54' title='bbox 1425 1266 1538 1345; x_wconf 87' lang='lat' dir='ltr'><strong>partes</strong></span> 
     </span>
     <span class='ocr_line' id='line_1_7' title="bbox 273 1364 1538 1451; baseline 0 -18"><span class='ocrx_word' id='word_1_55' title='bbox 273 1389 341 1451; x_wconf 87' lang='lat' dir='ltr'><strong>per</strong></span> <span class='ocrx_word' id='word_1_56' title='bbox 367 1388 405 1433; x_wconf 89' lang='lat' dir='ltr'><strong>se</strong></span> <span class='ocrx_word' id='word_1_57' title='bbox 428 1367 610 1432; x_wconf 89' lang='lat' dir='ltr'><strong>disiunctas</strong></span> <span class='ocrx_word' id='word_1_58' title='bbox 633 1372 668 1433; x_wconf 87' lang='lat' dir='ltr'><strong>ot</strong></span> <span class='ocrx_word' id='word_1_59' title='bbox 691 1366 901 1433; x_wconf 85' lang='lat' dir='ltr'><strong>coordinatas</strong></span> <span class='ocrx_word' id='word_1_60' title='bbox 923 1364 1099 1431; x_wconf 88' lang='lat' dir='ltr'><strong>universae</strong></span> <span class='ocrx_word' id='word_1_61' title='bbox 1122 1366 1347 1450; x_wconf 81' lang='lat' dir='ltr'><strong>philosophiae</strong></span> <span class='ocrx_word' id='word_1_62' title='bbox 1369 1366 1538 1451; x_wconf 82' lang='lat' dir='ltr'><strong>practicae</strong></span> 
     </span>
     <span class='ocr_line' id='line_1_8' title="bbox 275 1473 1538 1557; baseline -0.001 -17"><span class='ocrx_word' id='word_1_63' title='bbox 275 1475 508 1541; x_wconf 69' lang='lat' dir='ltr'><strong>considerare</strong></span> <span class='ocrx_word' id='word_1_64' title='bbox 561 1473 665 1551; x_wconf 83' lang='lat' dir='ltr'><strong>Quem</strong></span> <span class='ocrx_word' id='word_1_65' title='bbox 694 1494 819 1539; x_wconf 87' lang='lat' dir='ltr'><strong>moram</strong></span> <span class='ocrx_word' id='word_1_66' title='bbox 852 1474 1007 1557; x_wconf 81' lang='lat' dir='ltr'><strong>deinceps</strong></span> <span class='ocrx_word' id='word_1_67' title='bbox 1039 1494 1100 1539; x_wconf 91' lang='lat' dir='ltr'><strong>usu</strong></span> <span class='ocrx_word' id='word_1_68' title='bbox 1133 1476 1302 1557; x_wconf 86' lang='lat' dir='ltr'><strong>receptum</strong></span> <span class='ocrx_word' id='word_1_69' title='bbox 1335 1496 1399 1539; x_wconf 89' lang='lat' dir='ltr'><strong>non</strong></span> <span class='ocrx_word' id='word_1_70' title='bbox 1433 1474 1538 1540; x_wconf 90' lang='lat' dir='ltr'><strong>solum</strong></span> 
     </span>
     <span class='ocr_line' id='line_1_9' title="bbox 276 1579 1538 1663; baseline -0.002 -18"><span class='ocrx_word' id='word_1_71' title='bbox 276 1602 401 1645; x_wconf 90' lang='lat' dir='ltr'><strong>omnes</strong></span> <span class='ocrx_word' id='word_1_72' title='bbox 423 1579 495 1645; x_wconf 86' lang='lat' dir='ltr'><strong>fere</strong></span> <span class='ocrx_word' id='word_1_73' title='bbox 517 1579 598 1643; x_wconf 91' lang='lat' dir='ltr'><strong>iuris</strong></span> <span class='ocrx_word' id='word_1_74' title='bbox 621 1580 785 1655; x_wconf 89' lang='lat' dir='ltr'><strong>doctores,</strong></span> <span class='ocrx_word' id='word_1_75' title='bbox 809 1579 868 1643; x_wconf 88' lang='lat' dir='ltr'><strong>sed</strong></span> <span class='ocrx_word' id='word_1_76' title='bbox 892 1582 927 1644; x_wconf 92' lang='lat' dir='ltr'><strong>et</strong></span> <span class='ocrx_word' id='word_1_77' title='bbox 949 1579 1082 1645; x_wconf 87' lang='lat' dir='ltr'><strong>scholae</strong></span> <span class='ocrx_word' id='word_1_78' title='bbox 1106 1579 1317 1663; x_wconf 88' lang='lat' dir='ltr'><strong>adoptarunt,</strong></span> <span class='ocrx_word' id='word_1_79' title='bbox 1343 1600 1402 1644; x_wconf 90' lang='lat' dir='ltr'><strong>eae</strong></span> <span class='ocrx_word' id='word_1_80' title='bbox 1427 1579 1538 1655; x_wconf 89' lang='lat' dir='ltr'><strong>etiam,</strong></span> 
     </span>
     <span class='ocr_line' id='line_1_10' title="bbox 277 1686 1539 1771; baseline 0 -18"><span class='ocrx_word' id='word_1_81' title='bbox 277 1708 371 1771; x_wconf 89' lang='lat' dir='ltr'><strong>quae</strong></span> <span class='ocrx_word' id='word_1_82' title='bbox 394 1708 539 1753; x_wconf 81' lang='lat' dir='ltr'><strong>errorem</strong></span> <span class='ocrx_word' id='word_1_83' title='bbox 556 1686 733 1761; x_wconf 86' lang='lat' dir='ltr'><strong>Thomasii,</strong></span> <span class='ocrx_word' id='word_1_84' title='bbox 758 1708 779 1752; x_wconf 92' lang='lat' dir='ltr'><strong>a</strong></span> <span class='ocrx_word' id='word_1_85' title='bbox 801 1707 865 1769; x_wconf 89' lang='lat' dir='ltr'><strong>quo</strong></span> <span class='ocrx_word' id='word_1_86' title='bbox 888 1686 945 1751; x_wconf 87' lang='lat' dir='ltr'><strong>ille</strong></span> <span class='ocrx_word' id='word_1_87' title='bbox 968 1686 1127 1769; x_wconf 86' lang='lat' dir='ltr'><strong>originem</strong></span> <span class='ocrx_word' id='word_1_88' title='bbox 1147 1689 1342 1770; x_wconf 80' lang='lat' dir='ltr'><strong>sumpserat,</strong></span> <span class='ocrx_word' id='word_1_89' title='bbox 1367 1686 1539 1771; x_wconf 89' lang='lat' dir='ltr'><strong>impugna-</strong></span> 
     </span>
     <span class='ocr_line' id='line_1_11' title="bbox 277 1791 1226 1876; baseline 0 -17"><span class='ocrx_word' id='word_1_90' title='bbox 277 1795 367 1860; x_wconf 86' lang='lat' dir='ltr'><strong>bant</strong></span> <span class='ocrx_word' id='word_1_91' title='bbox 392 1799 426 1860; x_wconf 89' lang='lat' dir='ltr'><strong>et</strong></span> <span class='ocrx_word' id='word_1_92' title='bbox 449 1797 600 1859; x_wconf 87' lang='lat' dir='ltr'><strong>veterum</strong></span> <span class='ocrx_word' id='word_1_93' title='bbox 623 1792 733 1876; x_wconf 89' lang='lat' dir='ltr'><strong>potius</strong></span> <span class='ocrx_word' id='word_1_94' title='bbox 756 1791 900 1874; x_wconf 81' lang='lat' dir='ltr'><strong>vestigia</strong></span> <span class='ocrx_word' id='word_1_95' title='bbox 922 1792 1014 1875; x_wconf 90' lang='lat' dir='ltr'><strong>sequi</strong></span> <span class='ocrx_word' id='word_1_96' title='bbox 1039 1792 1226 1859; x_wconf 87' lang='lat' dir='ltr'><strong>studebant.</strong></span> 
     </span>
    </p>

    <p class='ocr_par' dir='ltr' id='par_1_5' title="bbox 278 1897 1540 2940">
     <span class='ocr_line' id='line_1_12' title="bbox 375 1897 1538 1981; baseline 0 -17"><span class='ocrx_word' id='word_1_97' title='bbox 375 1900 421 1964; x_wconf 83' lang='lat' dir='ltr'><strong>Et</strong></span> <span class='ocrx_word' id='word_1_98' title='bbox 444 1918 523 1963; x_wconf 86' lang='lat' dir='ltr'><strong>varo</strong></span> <span class='ocrx_word' id='word_1_99' title='bbox 547 1898 613 1964; x_wconf 92' lang='lat' dir='ltr'><strong>ista</strong></span> <span class='ocrx_word' id='word_1_100' title='bbox 636 1898 738 1963; x_wconf 89' lang='lat' dir='ltr'><strong>etiam</strong></span> <span class='ocrx_word' id='word_1_101' title='bbox 760 1898 951 1975; x_wconf 87' lang='lat' dir='ltr'><strong>methodus,</strong></span> <span class='ocrx_word' id='word_1_102' title='bbox 984 1898 1011 1963; x_wconf 90' lang='lat' dir='ltr'><strong>si</strong></span> <span class='ocrx_word' id='word_1_103' title='bbox 1036 1897 1130 1963; x_wconf 89' lang='lat' dir='ltr'><strong>unice</strong></span> <span class='ocrx_word' id='word_1_104' title='bbox 1152 1918 1211 1981; x_wconf 86' lang='lat' dir='ltr'><strong>par</strong></span> <span class='ocrx_word' id='word_1_105' title='bbox 1234 1919 1270 1963; x_wconf 89' lang='lat' dir='ltr'><strong>se</strong></span> <span class='ocrx_word' id='word_1_106' title='bbox 1295 1902 1328 1963; x_wconf 92' lang='lat' dir='ltr'><strong>et</strong></span> <span class='ocrx_word' id='word_1_107' title='bbox 1359 1899 1538 1965; x_wconf 90' lang='lat' dir='ltr'><strong>secuudum</strong></span> 
     </span>
     <span class='ocr_line' id='line_1_13' title="bbox 278 2004 1540 2091; baseline 0.001 -21"><span class='ocrx_word' id='word_1_108' title='bbox 278 2006 468 2090; x_wconf 80' lang='lat' dir='ltr'><strong>practicam</strong></span> <span class='ocrx_word' id='word_1_109' title='bbox 491 2026 586 2070; x_wconf 88' lang='lat' dir='ltr'><strong>usum</strong></span> <span class='ocrx_word' id='word_1_110' title='bbox 610 2026 676 2070; x_wconf 90' lang='lat' dir='ltr'><strong>non</strong></span> <span class='ocrx_word' id='word_1_111' title='bbox 699 2008 768 2070; x_wconf 92' lang='lat' dir='ltr'><strong>tam</strong></span> <span class='ocrx_word' id='word_1_112' title='bbox 788 2004 1014 2089; x_wconf 89' lang='lat' dir='ltr'><strong>philosophiae</strong></span> <span class='ocrx_word' id='word_1_113' title='bbox 1032 2025 1129 2087; x_wconf 91' lang='lat' dir='ltr'><strong>quam</strong></span> <span class='ocrx_word' id='word_1_114' title='bbox 1145 2008 1423 2091; x_wconf 80' lang='lat' dir='ltr'><strong>iarispractentioc</strong></span> <span class='ocrx_word' id='word_1_115' title='bbox 1439 2005 1540 2071; x_wconf 86' lang='lat' dir='ltr'><strong>aesti-</strong></span> 
     </span>
     <span class='ocr_line' id='line_1_14' title="bbox 279 2109 1536 2190; baseline 0 -14"><span class='ocrx_word' id='word_1_116' title='bbox 279 2116 406 2190; x_wconf 86' lang='lat' dir='ltr'><strong>matur,</strong></span> <span class='ocrx_word' id='word_1_117' title='bbox 430 2132 496 2175; x_wconf 92' lang='lat' dir='ltr'><strong>non</strong></span> <span class='ocrx_word' id='word_1_118' title='bbox 520 2109 608 2175; x_wconf 91' lang='lat' dir='ltr'><strong>omni</strong></span> <span class='ocrx_word' id='word_1_119' title='bbox 631 2112 800 2175; x_wconf 89' lang='lat' dir='ltr'><strong>commodo</strong></span> <span class='ocrx_word' id='word_1_120' title='bbox 824 2114 883 2177; x_wconf 92' lang='lat' dir='ltr'><strong>aut</strong></span> <span class='ocrx_word' id='word_1_121' title='bbox 905 2110 1016 2177; x_wconf 90' lang='lat' dir='ltr'><strong>fructu</strong></span> <span class='ocrx_word' id='word_1_122' title='bbox 1041 2132 1147 2177; x_wconf 84' lang='lat' dir='ltr'><strong>vacua</strong></span> <span class='ocrx_word' id='word_1_123' title='bbox 1171 2117 1231 2177; x_wconf 86' lang='lat' dir='ltr'><strong>est.</strong></span> <span class='ocrx_word' id='word_1_124' title='bbox 1267 2112 1427 2177; x_wconf 84' lang='lat' dir='ltr'><strong>Persam</strong></span> <span class='ocrx_word' id='word_1_125' title='bbox 1452 2111 1536 2176; x_wconf 91' lang='lat' dir='ltr'><strong>enim</strong></span> 
     </span>
     <span class='ocr_line' id='line_1_15' title="bbox 282 2216 1538 2302; baseline 0 -19"><span class='ocrx_word' id='word_1_126' title='bbox 282 2222 471 2302; x_wconf 86' lang='lat' dir='ltr'><strong>opportune</strong></span> <span class='ocrx_word' id='word_1_127' title='bbox 493 2218 663 2301; x_wconf 85' lang='lat' dir='ltr'><strong>provisum</strong></span> <span class='ocrx_word' id='word_1_128' title='bbox 688 2238 760 2282; x_wconf 87' lang='lat' dir='ltr'><strong>esso</strong></span> <span class='ocrx_word' id='word_1_129' title='bbox 783 2216 925 2291; x_wconf 87' lang='lat' dir='ltr'><strong>videtur,</strong></span> <span class='ocrx_word' id='word_1_130' title='bbox 956 2220 993 2282; x_wconf 92' lang='lat' dir='ltr'><strong>ut</strong></span> <span class='ocrx_word' id='word_1_131' title='bbox 1016 2217 1145 2282; x_wconf 87' lang='lat' dir='ltr'><strong>facilius</strong></span> <span class='ocrx_word' id='word_1_132' title='bbox 1169 2222 1204 2283; x_wconf 87' lang='lat' dir='ltr'><strong>et</strong></span> <span class='ocrx_word' id='word_1_133' title='bbox 1228 2217 1363 2295; x_wconf 89' lang='lat' dir='ltr'><strong>clarius,</strong></span> <span class='ocrx_word' id='word_1_134' title='bbox 1395 2217 1428 2283; x_wconf 95' lang='lat' dir='ltr'><strong>id</strong></span> <span class='ocrx_word' id='word_1_135' title='bbox 1452 2218 1538 2299; x_wconf 89' lang='lat' dir='ltr'><strong>quod</strong></span> 
     </span>
     <span class='ocr_line' id='line_1_16' title="bbox 281 2322 1537 2407; baseline -0.001 -19"><span class='ocrx_word' id='word_1_136' title='bbox 281 2324 430 2389; x_wconf 84' lang='lat' dir='ltr'><strong>maxima</strong></span> <span class='ocrx_word' id='word_1_137' title='bbox 444 2322 721 2407; x_wconf 89' lang='lat' dir='ltr'><strong>iurisprudentiae</strong></span> <span class='ocrx_word' id='word_1_138' title='bbox 735 2323 884 2399; x_wconf 86' lang='lat' dir='ltr'><strong>interest,</strong></span> <span class='ocrx_word' id='word_1_139' title='bbox 903 2323 1013 2389; x_wconf 88' lang='lat' dir='ltr'><strong>officia</strong></span> <span class='ocrx_word' id='word_1_140' title='bbox 1028 2322 1108 2389; x_wconf 91' lang='lat' dir='ltr'><strong>iuris</strong></span> <span class='ocrx_word' id='word_1_141' title='bbox 1125 2324 1167 2389; x_wconf 92' lang='lat' dir='ltr'><strong>ab</strong></span> <span class='ocrx_word' id='word_1_142' title='bbox 1180 2322 1295 2389; x_wconf 88' lang='lat' dir='ltr'><strong>officiis</strong></span> <span class='ocrx_word' id='word_1_143' title='bbox 1308 2344 1398 2388; x_wconf 88' lang='lat' dir='ltr'><strong>mere</strong></span> <span class='ocrx_word' id='word_1_144' title='bbox 1411 2323 1537 2399; x_wconf 85' lang='lat' dir='ltr'><strong>ethicis,</strong></span> 
     </span>
     <span class='ocr_line' id='line_1_17' title="bbox 282 2432 1536 2499; baseline 0.001 -3"><span class='ocrx_word' id='word_1_145' title='bbox 282 2432 450 2498; x_wconf 88' lang='lat' dir='ltr'><strong>obiectiva</strong></span> <span class='ocrx_word' id='word_1_146' title='bbox 473 2432 553 2497; x_wconf 91' lang='lat' dir='ltr'><strong>iuris</strong></span> <span class='ocrx_word' id='word_1_147' title='bbox 576 2432 689 2498; x_wconf 88' lang='lat' dir='ltr'><strong>debita</strong></span> <span class='ocrx_word' id='word_1_148' title='bbox 712 2453 733 2497; x_wconf 91' lang='lat' dir='ltr'><strong>a</strong></span> <span class='ocrx_word' id='word_1_149' title='bbox 755 2432 939 2498; x_wconf 89' lang='lat' dir='ltr'><strong>subiectiva</strong></span> <span class='ocrx_word' id='word_1_150' title='bbox 962 2432 1091 2499; x_wconf 88' lang='lat' dir='ltr'><strong>ratione</strong></span> <span class='ocrx_word' id='word_1_151' title='bbox 1115 2432 1250 2499; x_wconf 85' lang='lat' dir='ltr'><strong>virtutis</strong></span> <span class='ocrx_word' id='word_1_152' title='bbox 1272 2432 1419 2498; x_wconf 88' lang='lat' dir='ltr'><strong>iustitiae</strong></span> <span class='ocrx_word' id='word_1_153' title='bbox 1442 2433 1536 2497; x_wconf 89' lang='lat' dir='ltr'><strong>theo-</strong></span> 
     </span>
     <span class='ocr_line' id='line_1_18' title="bbox 282 2539 1536 2625; baseline -0.001 -20"><span class='ocrx_word' id='word_1_154' title='bbox 282 2541 390 2608; x_wconf 88' lang='lat' dir='ltr'><strong>retice</strong></span> <span class='ocrx_word' id='word_1_155' title='bbox 413 2545 448 2606; x_wconf 89' lang='lat' dir='ltr'><strong>et</strong></span> <span class='ocrx_word' id='word_1_156' title='bbox 470 2540 616 2625; x_wconf 87' lang='lat' dir='ltr'><strong>practico</strong></span> <span class='ocrx_word' id='word_1_157' title='bbox 639 2540 895 2623; x_wconf 86' lang='lat' dir='ltr'><strong>distinguantur.</strong></span> <span class='ocrx_word' id='word_1_158' title='bbox 927 2539 1135 2624; x_wconf 85' lang='lat' dir='ltr'><strong>Quapropter</strong></span> <span class='ocrx_word' id='word_1_159' title='bbox 1151 2545 1185 2606; x_wconf 86' lang='lat' dir='ltr'><strong>ot</strong></span> <span class='ocrx_word' id='word_1_160' title='bbox 1202 2560 1321 2605; x_wconf 90' lang='lat' dir='ltr'><strong>novam</strong></span> <span class='ocrx_word' id='word_1_161' title='bbox 1337 2540 1536 2605; x_wconf 90' lang='lat' dir='ltr'><strong>sententiam</strong></span> 
     </span>
     <span class='ocr_line' id='line_1_19' title="bbox 282 2645 1536 2731; baseline -0.001 -19"><span class='ocrx_word' id='word_1_162' title='bbox 282 2647 464 2725; x_wconf 86' lang='lat' dir='ltr'><strong>Thomasii,</strong></span> <span class='ocrx_word' id='word_1_163' title='bbox 487 2647 542 2712; x_wconf 91' lang='lat' dir='ltr'><strong>ubi</strong></span> <span class='ocrx_word' id='word_1_164' title='bbox 557 2646 700 2731; x_wconf 88' lang='lat' dir='ltr'><strong>primum</strong></span> <span class='ocrx_word' id='word_1_165' title='bbox 715 2646 867 2724; x_wconf 90' lang='lat' dir='ltr'><strong>innotuit,</strong></span> <span class='ocrx_word' id='word_1_166' title='bbox 885 2645 1089 2730; x_wconf 91' lang='lat' dir='ltr'><strong>potissimum</strong></span> <span class='ocrx_word' id='word_1_167' title='bbox 1107 2667 1126 2712; x_wconf 91' lang='lat' dir='ltr'><strong>a</strong></span> <span class='ocrx_word' id='word_1_168' title='bbox 1142 2648 1387 2729; x_wconf 74' lang='lat' dir='ltr'><strong>iurisconsultis,</strong></span> <span class='ocrx_word' id='word_1_169' title='bbox 1405 2650 1536 2711; x_wconf 89' lang='lat' dir='ltr'><strong>contra-</strong></span> 
     </span>
     <span class='ocr_line' id='line_1_20' title="bbox 285 2750 1535 2836; baseline 0.001 -22"><span class='ocrx_word' id='word_1_170' title='bbox 285 2751 471 2817; x_wconf 88' lang='lat' dir='ltr'><strong>dicentibus</strong></span> <span class='ocrx_word' id='word_1_171' title='bbox 486 2750 698 2835; x_wconf 92' lang='lat' dir='ltr'><strong>philosophis,</strong></span> <span class='ocrx_word' id='word_1_172' title='bbox 722 2772 795 2816; x_wconf 88' lang='lat' dir='ltr'><strong>cum</strong></span> <span class='ocrx_word' id='word_1_173' title='bbox 813 2750 1051 2835; x_wconf 88' lang='lat' dir='ltr'><strong>approbatione</strong></span> <span class='ocrx_word' id='word_1_174' title='bbox 1074 2754 1248 2836; x_wconf 86' lang='lat' dir='ltr'><strong>exceptam</strong></span> <span class='ocrx_word' id='word_1_175' title='bbox 1270 2750 1372 2817; x_wconf 85' lang='lat' dir='ltr'><strong>fuisse</strong></span> <span class='ocrx_word' id='word_1_176' title='bbox 1389 2754 1535 2823; x_wconf 78' lang='lat' dir='ltr'><strong>constat:</strong></span> 
     </span>
     <span class='ocr_line' id='line_1_21' title="bbox 284 2857 1537 2940; baseline 0 -18"><span class='ocrx_word' id='word_1_177' title='bbox 284 2861 319 2922; x_wconf 88' lang='lat' dir='ltr'><strong>ot</strong></span> <span class='ocrx_word' id='word_1_178' title='bbox 350 2857 416 2923; x_wconf 89' lang='lat' dir='ltr'><strong>nisi</strong></span> <span class='ocrx_word' id='word_1_179' title='bbox 439 2858 582 2923; x_wconf 88' lang='lat' dir='ltr'><strong>Kantius</strong></span> <span class='ocrx_word' id='word_1_180' title='bbox 612 2879 733 2923; x_wconf 84' lang='lat' dir='ltr'><strong>novum</strong></span> <span class='ocrx_word' id='word_1_181' title='bbox 763 2858 810 2922; x_wconf 93' lang='lat' dir='ltr'><strong>illi</strong></span> <span class='ocrx_word' id='word_1_182' title='bbox 841 2857 1034 2940; x_wconf 87' lang='lat' dir='ltr'><strong>suffragium</strong></span> <span class='ocrx_word' id='word_1_183' title='bbox 1057 2858 1205 2935; x_wconf 88' lang='lat' dir='ltr'><strong>tulissot,</strong></span> <span class='ocrx_word' id='word_1_184' title='bbox 1238 2858 1355 2925; x_wconf 89' lang='lat' dir='ltr'><strong>merito</strong></span> <span class='ocrx_word' id='word_1_185' title='bbox 1387 2858 1537 2924; x_wconf 87' lang='lat' dir='ltr'><strong>dubitare</strong></span> 
     </span>
    </p>
   </div>
   <div class='ocr_carea' id='block_1_5' title="bbox 284 2962 1537 3259">
    <p class='ocr_par' dir='ltr' id='par_1_6' title="bbox 284 2962 1537 3259">
     <span class='ocr_line' id='line_1_22' title="bbox 284 2962 1536 3048; baseline 0.001 -22"><span class='ocrx_word' id='word_1_186' title='bbox 284 2962 374 3041; x_wconf 89' lang='lat' dir='ltr'><strong>licet,</strong></span> <span class='ocrx_word' id='word_1_187' title='bbox 398 2985 477 3027; x_wconf 93' lang='lat' dir='ltr'><strong>num</strong></span> <span class='ocrx_word' id='word_1_188' title='bbox 499 2963 534 3027; x_wconf 93' lang='lat' dir='ltr'><strong>in</strong></span> <span class='ocrx_word' id='word_1_189' title='bbox 557 2962 763 3047; x_wconf 91' lang='lat' dir='ltr'><strong>philosophia</strong></span> <span class='ocrx_word' id='word_1_190' title='bbox 786 2984 940 3045; x_wconf 90' lang='lat' dir='ltr'><strong>umquam</strong></span> <span class='ocrx_word' id='word_1_191' title='bbox 957 2963 1076 3030; x_wconf 82' lang='lat' dir='ltr'><strong>fnisset</strong></span> <span class='ocrx_word' id='word_1_192' title='bbox 1091 2964 1328 3048; x_wconf 80' lang='lat' dir='ltr'><strong>praevalitura.</strong></span> <span class='ocrx_word' id='word_1_193' title='bbox 1358 2963 1536 3045; x_wconf 89' lang='lat' dir='ltr'><strong>Postquam</strong></span> 
     </span>
     <span class='ocr_line' id='line_1_23' title="bbox 286 3068 1537 3153; baseline 0.001 -20"><span class='ocrx_word' id='word_1_194' title='bbox 286 3074 400 3135; x_wconf 90' lang='lat' dir='ltr'><strong>autem</strong></span> <span class='ocrx_word' id='word_1_195' title='bbox 411 3069 618 3153; x_wconf 90' lang='lat' dir='ltr'><strong>philosophia</strong></span> <span class='ocrx_word' id='word_1_196' title='bbox 629 3068 798 3133; x_wconf 88' lang='lat' dir='ltr'><strong>Kantiana</strong></span> <span class='ocrx_word' id='word_1_197' title='bbox 809 3068 843 3133; x_wconf 93' lang='lat' dir='ltr'><strong>in</strong></span> <span class='ocrx_word' id='word_1_198' title='bbox 856 3068 1033 3135; x_wconf 77' lang='lat' dir='ltr'><strong>Germania</strong></span> <span class='ocrx_word' id='word_1_199' title='bbox 1045 3069 1263 3153; x_wconf 87' lang='lat' dir='ltr'><strong>principatum</strong></span> <span class='ocrx_word' id='word_1_200' title='bbox 1275 3068 1391 3147; x_wconf 89' lang='lat' dir='ltr'><strong>tenuit,</strong></span> <span class='ocrx_word' id='word_1_201' title='bbox 1410 3068 1537 3135; x_wconf 86' lang='lat' dir='ltr'><strong>ethicas</strong></span> 
     </span>
     <span class='ocr_line' id='line_1_24' title="bbox 287 3174 1535 3259; baseline 0.002 -21"><span class='ocrx_word' id='word_1_202' title='bbox 287 3178 321 3239; x_wconf 89' lang='lat' dir='ltr'><strong>et</strong></span> <span class='ocrx_word' id='word_1_203' title='bbox 343 3174 427 3239; x_wconf 89' lang='lat' dir='ltr'><strong>iuris</strong></span> <span class='ocrx_word' id='word_1_204' title='bbox 445 3174 608 3241; x_wconf 90' lang='lat' dir='ltr'><strong>naturalis</strong></span> <span class='ocrx_word' id='word_1_205' title='bbox 629 3175 778 3259; x_wconf 86' lang='lat' dir='ltr'><strong>perfecta</strong></span> <span class='ocrx_word' id='word_1_206' title='bbox 801 3174 968 3259; x_wconf 88' lang='lat' dir='ltr'><strong>separatio</strong></span> <span class='ocrx_word' id='word_1_207' title='bbox 992 3175 1092 3241; x_wconf 88' lang='lat' dir='ltr'><strong>etiam</strong></span> <span class='ocrx_word' id='word_1_208' title='bbox 1113 3174 1336 3258; x_wconf 87' lang='lat' dir='ltr'><strong>philosophice</strong></span> <span class='ocrx_word' id='word_1_209' title='bbox 1352 3196 1416 3241; x_wconf 89' lang='lat' dir='ltr'><strong>non</strong></span> <span class='ocrx_word' id='word_1_210' title='bbox 1432 3176 1535 3241; x_wconf 88' lang='lat' dir='ltr'><strong>solum</strong></span> 
     </span>
    </p>
   </div>
   <div class='ocr_carea' id='block_1_6' title="bbox 287 3280 1540 5063">
    <p class='ocr_par' dir='ltr' id='par_1_7' title="bbox 287 3280 1539 4211">
     <span class='ocr_line' id='line_1_25' title="bbox 287 3280 1538 3364; baseline 0.002 -19"><span class='ocrx_word' id='word_1_211' title='bbox 287 3280 421 3347; x_wconf 84' lang='lat' dir='ltr'><strong>admitti</strong></span> <span class='ocrx_word' id='word_1_212' title='bbox 443 3281 568 3364; x_wconf 88' lang='lat' dir='ltr'><strong>potuit.</strong></span> <span class='ocrx_word' id='word_1_213' title='bbox 592 3280 651 3345; x_wconf 90' lang='lat' dir='ltr'><strong>sod</strong></span> <span class='ocrx_word' id='word_1_214' title='bbox 673 3280 780 3363; x_wconf 88' lang='lat' dir='ltr'><strong>logice</strong></span> <span class='ocrx_word' id='word_1_215' title='bbox 804 3280 932 3357; x_wconf 87' lang='lat' dir='ltr'><strong>debuit,</strong></span> <span class='ocrx_word' id='word_1_216' title='bbox 963 3301 1006 3346; x_wconf 91' lang='lat' dir='ltr'><strong>ne</strong></span> <span class='ocrx_word' id='word_1_217' title='bbox 1029 3280 1187 3347; x_wconf 84' lang='lat' dir='ltr'><strong>scientias</strong></span> <span class='ocrx_word' id='word_1_218' title='bbox 1210 3280 1324 3364; x_wconf 87' lang='lat' dir='ltr'><strong>praxis</strong></span> <span class='ocrx_word' id='word_1_219' title='bbox 1348 3302 1420 3345; x_wconf 91' lang='lat' dir='ltr'><strong>cum</strong></span> <span class='ocrx_word' id='word_1_220' title='bbox 1444 3282 1538 3347; x_wconf 90' lang='lat' dir='ltr'><strong>theo·</strong></span> 
     </span>
     <span class='ocr_line' id='line_1_26' title="bbox 287 3386 1537 3470; baseline 0.002 -21"><span class='ocrx_word' id='word_1_221' title='bbox 287 3386 336 3451; x_wconf 89' lang='lat' dir='ltr'><strong>ria</strong></span> <span class='ocrx_word' id='word_1_222' title='bbox 372 3390 547 3470; x_wconf 87' lang='lat' dir='ltr'><strong>pugnaret.</strong></span> <span class='ocrx_word' id='word_1_223' title='bbox 593 3386 668 3450; x_wconf 91' lang='lat' dir='ltr'><strong>Hac</strong></span> <span class='ocrx_word' id='word_1_224' title='bbox 698 3386 785 3450; x_wconf 84' lang='lat' dir='ltr'><strong>enim</strong></span> <span class='ocrx_word' id='word_1_225' title='bbox 816 3386 960 3452; x_wconf 90' lang='lat' dir='ltr'><strong>admissa</strong></span> <span class='ocrx_word' id='word_1_226' title='bbox 996 3386 1100 3452; x_wconf 89' lang='lat' dir='ltr'><strong>maior</strong></span> <span class='ocrx_word' id='word_1_227' title='bbox 1138 3387 1249 3452; x_wconf 88' lang='lat' dir='ltr'><strong>unitas</strong></span> <span class='ocrx_word' id='word_1_228' title='bbox 1283 3387 1370 3453; x_wconf 91' lang='lat' dir='ltr'><strong>inter</strong></span> <span class='ocrx_word' id='word_1_229' title='bbox 1405 3388 1537 3452; x_wconf 85' lang='lat' dir='ltr'><strong>ethicam</strong></span> 
     </span>
     <span class='ocr_line' id='line_1_27' title="bbox 290 3492 1538 3579; baseline 0.001 -23"><span class='ocrx_word' id='word_1_230' title='bbox 290 3496 323 3557; x_wconf 90' lang='lat' dir='ltr'><strong>et</strong></span> <span class='ocrx_word' id='word_1_231' title='bbox 345 3495 432 3558; x_wconf 80' lang='lat' dir='ltr'><strong>iuris</strong></span> <span class='ocrx_word' id='word_1_232' title='bbox 453 3494 685 3579; x_wconf 81' lang='lat' dir='ltr'><strong>philosophiam</strong></span> <span class='ocrx_word' id='word_1_233' title='bbox 716 3514 788 3557; x_wconf 92' lang='lat' dir='ltr'><strong>esse</strong></span> <span class='ocrx_word' id='word_1_234' title='bbox 818 3514 884 3557; x_wconf 93' lang='lat' dir='ltr'><strong>non</strong></span> <span class='ocrx_word' id='word_1_235' title='bbox 907 3497 1035 3576; x_wconf 77' lang='lat' dir='ltr'><strong>potest,</strong></span> <span class='ocrx_word' id='word_1_236' title='bbox 1067 3514 1163 3575; x_wconf 87' lang='lat' dir='ltr'><strong>quam</strong></span> <span class='ocrx_word' id='word_1_237' title='bbox 1188 3493 1275 3559; x_wconf 88' lang='lat' dir='ltr'><strong>inter</strong></span> <span class='ocrx_word' id='word_1_238' title='bbox 1297 3492 1538 3575; x_wconf 84' lang='lat' dir='ltr'><strong>legislationem</strong></span> 
     </span>
     <span class='ocr_line' id='line_1_28' title="bbox 290 3598 1538 3683; baseline 0.004 -22"><span class='ocrx_word' id='word_1_239' title='bbox 290 3600 452 3665; x_wconf 80' lang='lat' dir='ltr'><strong>internam</strong></span> <span class='ocrx_word' id='word_1_240' title='bbox 475 3599 643 3681; x_wconf 88' lang='lat' dir='ltr'><strong>(rationis)</strong></span> <span class='ocrx_word' id='word_1_241' title='bbox 667 3604 702 3665; x_wconf 91' lang='lat' dir='ltr'><strong>et</strong></span> <span class='ocrx_word' id='word_1_242' title='bbox 723 3599 965 3683; x_wconf 88' lang='lat' dir='ltr'><strong>legislationem</strong></span> <span class='ocrx_word' id='word_1_243' title='bbox 990 3610 1151 3667; x_wconf 68' lang='lat' dir='ltr'><strong>catanam</strong></span> <span class='ocrx_word' id='word_1_244' title='bbox 1161 3624 1174 3681; x_wconf 93' lang='lat'><strong>,·</strong></span> <span class='ocrx_word' id='word_1_245' title='bbox 1196 3600 1255 3665; x_wconf 92' lang='lat' dir='ltr'><strong>illa</strong></span> <span class='ocrx_word' id='word_1_246' title='bbox 1278 3600 1380 3683; x_wconf 87' lang='lat' dir='ltr'><strong>igitur</strong></span> <span class='ocrx_word' id='word_1_247' title='bbox 1402 3598 1473 3665; x_wconf 88' lang='lat' dir='ltr'><strong>fere</strong></span> <span class='ocrx_word' id='word_1_248' title='bbox 1497 3600 1538 3665; x_wconf 90' lang='lat' dir='ltr'><strong>ad</strong></span> 
     </span>
     <span class='ocr_line' id='line_1_29' title="bbox 289 3701 1538 3789; baseline 0.002 -23"><span class='ocrx_word' id='word_1_249' title='bbox 289 3701 411 3769; x_wconf 85' lang='lat' dir='ltr'><strong>interni</strong></span> <span class='ocrx_word' id='word_1_250' title='bbox 445 3708 575 3772; x_wconf 86' lang='lat' dir='ltr'><strong>tantum</strong></span> <span class='ocrx_word' id='word_1_251' title='bbox 607 3704 747 3770; x_wconf 91' lang='lat' dir='ltr'><strong>hominis</strong></span> <span class='ocrx_word' id='word_1_252' title='bbox 779 3705 989 3789; x_wconf 88' lang='lat' dir='ltr'><strong>operationes</strong></span> <span class='ocrx_word' id='word_1_253' title='bbox 1022 3709 1056 3771; x_wconf 89' lang='lat' dir='ltr'><strong>ot</strong></span> <span class='ocrx_word' id='word_1_254' title='bbox 1088 3705 1286 3772; x_wconf 88' lang='lat' dir='ltr'><strong>intentiones</strong></span> <span class='ocrx_word' id='word_1_255' title='bbox 1316 3704 1538 3787; x_wconf 88' lang='lat' dir='ltr'><strong>restringitur,</strong></span> 
     </span>
     <span class='ocr_line' id='line_1_30' title="bbox 289 3808 1537 3877; baseline 0.003 -5"><span class='ocrx_word' id='word_1_256' title='bbox 289 3808 369 3875; x_wconf 90' lang='lat' dir='ltr'><strong>haec</strong></span> <span class='ocrx_word' id='word_1_257' title='bbox 394 3815 506 3877; x_wconf 90' lang='lat' dir='ltr'><strong>autem</strong></span> <span class='ocrx_word' id='word_1_258' title='bbox 529 3811 572 3875; x_wconf 91' lang='lat' dir='ltr'><strong>ad</strong></span> <span class='ocrx_word' id='word_1_259' title='bbox 596 3811 783 3876; x_wconf 88' lang='lat' dir='ltr'><strong>nniversam</strong></span> <span class='ocrx_word' id='word_1_260' title='bbox 800 3811 929 3877; x_wconf 87' lang='lat' dir='ltr'><strong>externi</strong></span> <span class='ocrx_word' id='word_1_261' title='bbox 945 3811 1085 3877; x_wconf 89' lang='lat' dir='ltr'><strong>bominis</strong></span> <span class='ocrx_word' id='word_1_262' title='bbox 1102 3810 1309 3877; x_wconf 89' lang='lat' dir='ltr'><strong>activitatem</strong></span> <span class='ocrx_word' id='word_1_263' title='bbox 1326 3832 1362 3875; x_wconf 90' lang='lat' dir='ltr'><strong>se</strong></span> <span class='ocrx_word' id='word_1_264' title='bbox 1378 3810 1537 3877; x_wconf 88' lang='lat' dir='ltr'><strong>extendit.</strong></span> 
     </span>
     <span class='ocr_line' id='line_1_31' title="bbox 291 3913 1539 4002; baseline 0.003 -25"><span class='ocrx_word' id='word_1_265' title='bbox 291 3913 407 3998; x_wconf 85' lang='lat' dir='ltr'><strong>Neque</strong></span> <span class='ocrx_word' id='word_1_266' title='bbox 436 3917 553 3982; x_wconf 93' lang='lat' dir='ltr'><strong>mirum</strong></span> <span class='ocrx_word' id='word_1_267' title='bbox 584 3921 637 3983; x_wconf 91' lang='lat' dir='ltr'><strong>est</strong></span> <span class='ocrx_word' id='word_1_268' title='bbox 665 3917 736 3983; x_wconf 87' lang='lat' dir='ltr'><strong>iere</strong></span> <span class='ocrx_word' id='word_1_269' title='bbox 766 3919 904 3983; x_wconf 84' lang='lat' dir='ltr'><strong>eandem</strong></span> <span class='ocrx_word' id='word_1_270' title='bbox 933 3917 1024 3982; x_wconf 89' lang='lat' dir='ltr'><strong>illam</strong></span> <span class='ocrx_word' id='word_1_271' title='bbox 1057 3917 1297 4002; x_wconf 90' lang='lat' dir='ltr'><strong>separationem</strong></span> <span class='ocrx_word' id='word_1_272' title='bbox 1332 3918 1373 3982; x_wconf 87' lang='lat' dir='ltr'><strong>ab</strong></span> <span class='ocrx_word' id='word_1_273' title='bbox 1397 3938 1436 3981; x_wconf 91' lang='lat' dir='ltr'><strong>ea</strong></span> <span class='ocrx_word' id='word_1_274' title='bbox 1459 3916 1539 3981; x_wconf 90' lang='lat' dir='ltr'><strong>iuris</strong></span> 
     </span>
     <span class='ocr_line' id='line_1_32' title="bbox 291 4019 1538 4105; baseline 0.002 -20"><span class='ocrx_word' id='word_1_275' title='bbox 291 4019 496 4105; x_wconf 84' lang='lat' dir='ltr'><strong>philosophia</strong></span> <span class='ocrx_word' id='word_1_276' title='bbox 518 4022 711 4105; x_wconf 89' lang='lat' dir='ltr'><strong>adoptatam</strong></span> <span class='ocrx_word' id='word_1_277' title='bbox 735 4044 818 4101; x_wconf 91' lang='lat' dir='ltr'><strong>esse,</strong></span> <span class='ocrx_word' id='word_1_278' title='bbox 847 4043 932 4104; x_wconf 90' lang='lat' dir='ltr'><strong>qnae</strong></span> <span class='ocrx_word' id='word_1_279' title='bbox 954 4022 1078 4088; x_wconf 86' lang='lat' dir='ltr'><strong>reiecto</strong></span> <span class='ocrx_word' id='word_1_280' title='bbox 1103 4022 1190 4087; x_wconf 91' lang='lat' dir='ltr'><strong>omni</strong></span> <span class='ocrx_word' id='word_1_281' title='bbox 1213 4022 1284 4087; x_wconf 89' lang='lat' dir='ltr'><strong>iure</strong></span> <span class='ocrx_word' id='word_1_282' title='bbox 1307 4022 1451 4089; x_wconf 89' lang='lat' dir='ltr'><strong>naturali</strong></span> <span class='ocrx_word' id='word_1_283' title='bbox 1474 4044 1538 4087; x_wconf 89' lang='lat' dir='ltr'><strong>non</strong></span> 
     </span>
     <span class='ocr_line' id='line_1_33' title="bbox 293 4124 927 4211; baseline 0.009 -23"><span class='ocrx_word' id='word_1_284' title='bbox 293 4124 379 4191; x_wconf 91' lang='lat' dir='ltr'><strong>aliud</strong></span> <span class='ocrx_word' id='word_1_285' title='bbox 402 4126 466 4192; x_wconf 90' lang='lat' dir='ltr'><strong>nisi</strong></span> <span class='ocrx_word' id='word_1_286' title='bbox 489 4127 541 4192; x_wconf 90' lang='lat' dir='ltr'><strong>ius</strong></span> <span class='ocrx_word' id='word_1_287' title='bbox 564 4127 742 4211; x_wconf 87' lang='lat' dir='ltr'><strong>positivum</strong></span> <span class='ocrx_word' id='word_1_288' title='bbox 765 4128 927 4211; x_wconf 88' lang='lat' dir='ltr'><strong>agnoscit.</strong></span> 
     </span>
    </p>

    <p class='ocr_par' dir='ltr' id='par_1_8' title="bbox 295 4234 1540 5063">
     <span class='ocr_line' id='line_1_34' title="bbox 378 4234 1539 4319; baseline 0.001 -21"><span class='ocrx_word' id='word_1_289' title='bbox 378 4234 487 4300; x_wconf 83' lang='lat' dir='ltr'><strong>Aliter</strong></span> <span class='ocrx_word' id='word_1_290' title='bbox 510 4238 621 4300; x_wconf 87' lang='lat' dir='ltr'><strong>autam</strong></span> <span class='ocrx_word' id='word_1_291' title='bbox 646 4235 777 4300; x_wconf 89' lang='lat' dir='ltr'><strong>omnino</strong></span> <span class='ocrx_word' id='word_1_292' title='bbox 801 4256 855 4299; x_wconf 87' lang='lat' dir='ltr'><strong>res</strong></span> <span class='ocrx_word' id='word_1_293' title='bbox 879 4254 916 4300; x_wconf 87' lang='lat' dir='ltr'><strong>sc</strong></span> <span class='ocrx_word' id='word_1_294' title='bbox 939 4234 1041 4300; x_wconf 85' lang='lat' dir='ltr'><strong>habat</strong></span> <span class='ocrx_word' id='word_1_295' title='bbox 1055 4254 1114 4318; x_wconf 90' lang='lat' dir='ltr'><strong>pro</strong></span> <span class='ocrx_word' id='word_1_296' title='bbox 1129 4234 1331 4319; x_wconf 80' lang='lat' dir='ltr'><strong>philosophia</strong></span> <span class='ocrx_word' id='word_1_297' title='bbox 1350 4235 1539 4317; x_wconf 73' lang='lat' dir='ltr'><strong>christiana,</strong></span> 
     </span>
     <span class='ocr_line' id='line_1_35' title="bbox 295 4338 1540 4427; baseline 0 -22"><span class='ocrx_word' id='word_1_298' title='bbox 295 4359 374 4421; x_wconf 89' lang='lat' dir='ltr'><strong>quae</strong></span> <span class='ocrx_word' id='word_1_299' title='bbox 399 4364 471 4408; x_wconf 92' lang='lat' dir='ltr'><strong>cum</strong></span> <span class='ocrx_word' id='word_1_300' title='bbox 496 4342 665 4409; x_wconf 87' lang='lat' dir='ltr'><strong>veteribus</strong></span> <span class='ocrx_word' id='word_1_301' title='bbox 693 4364 759 4408; x_wconf 94' lang='lat' dir='ltr'><strong>non</strong></span> <span class='ocrx_word' id='word_1_302' title='bbox 782 4347 893 4427; x_wconf 90' lang='lat' dir='ltr'><strong>potest</strong></span> <span class='ocrx_word' id='word_1_303' title='bbox 916 4362 982 4407; x_wconf 92' lang='lat' dir='ltr'><strong>non</strong></span> <span class='ocrx_word' id='word_1_304' title='bbox 1011 4341 1162 4407; x_wconf 90' lang='lat' dir='ltr'><strong>intimam</strong></span> <span class='ocrx_word' id='word_1_305' title='bbox 1185 4340 1265 4404; x_wconf 88' lang='lat' dir='ltr'><strong>iuris</strong></span> <span class='ocrx_word' id='word_1_306' title='bbox 1290 4361 1362 4405; x_wconf 89' lang='lat' dir='ltr'><strong>cum</strong></span> <span class='ocrx_word' id='word_1_307' title='bbox 1385 4338 1540 4405; x_wconf 90' lang='lat' dir='ltr'><strong>universa</strong></span> 
     </span>
     <span class='ocr_line' id='line_1_36' title="bbox 296 4446 1539 4533; baseline -0.001 -23"><span class='ocrx_word' id='word_1_308' title='bbox 296 4447 431 4514; x_wconf 87' lang='lat' dir='ltr'><strong>scientia</strong></span> <span class='ocrx_word' id='word_1_309' title='bbox 452 4449 570 4514; x_wconf 92' lang='lat' dir='ltr'><strong>morali</strong></span> <span class='ocrx_word' id='word_1_310' title='bbox 593 4449 745 4514; x_wconf 88' lang='lat' dir='ltr'><strong>unionem</strong></span> <span class='ocrx_word' id='word_1_311' title='bbox 769 4448 926 4533; x_wconf 89' lang='lat' dir='ltr'><strong>profiteri.</strong></span> <span class='ocrx_word' id='word_1_312' title='bbox 958 4446 1119 4530; x_wconf 81' lang='lat' dir='ltr'><strong>Equidem</strong></span> <span class='ocrx_word' id='word_1_313' title='bbox 1144 4447 1322 4512; x_wconf 89' lang='lat' dir='ltr'><strong>secuudum</strong></span> <span class='ocrx_word' id='word_1_314' title='bbox 1337 4446 1422 4511; x_wconf 90' lang='lat' dir='ltr'><strong>hanc</strong></span> <span class='ocrx_word' id='word_1_315' title='bbox 1439 4446 1539 4511; x_wconf 88' lang='lat' dir='ltr'><strong>etiam</strong></span> 
     </span>
     <span class='ocr_line' id='line_1_37' title="bbox 297 4552 1539 4639; baseline 0.001 -23"><span class='ocrx_word' id='word_1_316' title='bbox 297 4554 426 4619; x_wconf 83' lang='lat' dir='ltr'><strong>ethicum</strong></span> <span class='ocrx_word' id='word_1_317' title='bbox 456 4559 491 4620; x_wconf 91' lang='lat' dir='ltr'><strong>et</strong></span> <span class='ocrx_word' id='word_1_318' title='bbox 519 4558 699 4621; x_wconf 79' lang='lat' dir='ltr'><strong>iuridicum</strong></span> <span class='ocrx_word' id='word_1_319' title='bbox 727 4557 829 4639; x_wconf 86' lang='lat' dir='ltr'><strong>probe</strong></span> <span class='ocrx_word' id='word_1_320' title='bbox 860 4553 1126 4636; x_wconf 81' lang='lat' dir='ltr'><strong>distinguendum</strong></span> <span class='ocrx_word' id='word_1_321' title='bbox 1160 4556 1219 4618; x_wconf 88' lang='lat' dir='ltr'><strong>est.</strong></span> <span class='ocrx_word' id='word_1_322' title='bbox 1273 4553 1389 4619; x_wconf 89' lang='lat' dir='ltr'><strong>Potest</strong></span> <span class='ocrx_word' id='word_1_323' title='bbox 1419 4552 1539 4636; x_wconf 87' lang='lat' dir='ltr'><strong>quippe</strong></span> 
     </span>
     <span class='ocr_line' id='line_1_38' title="bbox 297 4659 1537 4743; baseline 0 -19"><span class='ocrx_word' id='word_1_324' title='bbox 297 4664 416 4726; x_wconf 79' lang='lat' dir='ltr'><strong>romum</strong></span> <span class='ocrx_word' id='word_1_325' title='bbox 440 4662 566 4726; x_wconf 85' lang='lat' dir='ltr'><strong>morale</strong></span> <span class='ocrx_word' id='word_1_326' title='bbox 594 4662 628 4725; x_wconf 91' lang='lat' dir='ltr'><strong>in</strong></span> <span class='ocrx_word' id='word_1_327' title='bbox 659 4661 788 4727; x_wconf 89' lang='lat' dir='ltr'><strong>actibus</strong></span> <span class='ocrx_word' id='word_1_328' title='bbox 817 4659 968 4725; x_wconf 91' lang='lat' dir='ltr'><strong>humanis</strong></span> <span class='ocrx_word' id='word_1_329' title='bbox 999 4664 1058 4725; x_wconf 90' lang='lat' dir='ltr'><strong>aut</strong></span> <span class='ocrx_word' id='word_1_330' title='bbox 1087 4660 1279 4743; x_wconf 89' lang='lat' dir='ltr'><strong>simpliciter</strong></span> <span class='ocrx_word' id='word_1_331' title='bbox 1303 4664 1337 4726; x_wconf 88' lang='lat' dir='ltr'><strong>et</strong></span> <span class='ocrx_word' id='word_1_332' title='bbox 1360 4660 1537 4724; x_wconf 88' lang='lat' dir='ltr'><strong>secundum</strong></span> 
     </span>
     <span class='ocr_line' id='line_1_39' title="bbox 298 4765 1539 4851; baseline 0.003 -26"><span class='ocrx_word' id='word_1_333' title='bbox 298 4781 404 4831; x_wconf 90' lang='lat' dir='ltr'><strong>omnes</strong></span> <span class='ocrx_word' id='word_1_334' title='bbox 426 4767 634 4833; x_wconf 89' lang='lat' dir='ltr'><strong>rectitudinis</strong></span> <span class='ocrx_word' id='word_1_335' title='bbox 664 4767 798 4833; x_wconf 91' lang='lat' dir='ltr'><strong>moralis</strong></span> <span class='ocrx_word' id='word_1_336' title='bbox 828 4771 1000 4851; x_wconf 82' lang='lat' dir='ltr'><strong>respectus</strong></span> <span class='ocrx_word' id='word_1_337' title='bbox 1024 4766 1238 4843; x_wconf 82' lang='lat' dir='ltr'><strong>considerari,</strong></span> <span class='ocrx_word' id='word_1_338' title='bbox 1270 4770 1329 4833; x_wconf 91' lang='lat' dir='ltr'><strong>aut</strong></span> <span class='ocrx_word' id='word_1_339' title='bbox 1352 4765 1539 4850; x_wconf 84' lang='lat' dir='ltr'><strong>partialiter</strong></span> 
     </span>
     <span class='ocr_line' id='line_1_40' title="bbox 299 4870 1537 4959; baseline 0.004 -27"><span class='ocrx_word' id='word_1_340' title='bbox 299 4870 420 4937; x_wconf 88' lang='lat' dir='ltr'><strong>tantum</strong></span> <span class='ocrx_word' id='word_1_341' title='bbox 444 4873 623 4938; x_wconf 79' lang='lat' dir='ltr'><strong>secundum</strong></span> <span class='ocrx_word' id='word_1_342' title='bbox 647 4878 818 4956; x_wconf 89' lang='lat' dir='ltr'><strong>respectus</strong></span> <span class='ocrx_word' id='word_1_343' title='bbox 833 4873 990 4939; x_wconf 89' lang='lat' dir='ltr'><strong>iustitiae.</strong></span> <span class='ocrx_word' id='word_1_344' title='bbox 1023 4873 1061 4937; x_wconf 93' lang='lat' dir='ltr'><strong>In</strong></span> <span class='ocrx_word' id='word_1_345' title='bbox 1076 4876 1184 4959; x_wconf 79' lang='lat' dir='ltr'><strong>priore</strong></span> <span class='ocrx_word' id='word_1_346' title='bbox 1201 4894 1278 4939; x_wconf 88' lang='lat' dir='ltr'><strong>casu</strong></span> <span class='ocrx_word' id='word_1_347' title='bbox 1295 4877 1389 4940; x_wconf 85' lang='lat' dir='ltr'><strong>actus</strong></span> <span class='ocrx_word' id='word_1_348' title='bbox 1404 4872 1537 4938; x_wconf 89' lang='lat' dir='ltr'><strong>humani</strong></span> 
     </span>
     <span class='ocr_line' id='line_1_41' title="bbox 299 4970 1537 5063; baseline 0.002 -22"><span class='ocrx_word' id='word_1_349' title='bbox 299 4970 329 5036; x_wconf 82' lang='lat' dir='ltr'><strong>in</strong></span> <span class='ocrx_word' id='word_1_350' title='bbox 350 4976 608 5060; x_wconf 88' lang='lat' dir='ltr'><strong>disquisitionem</strong></span> <span class='ocrx_word' id='word_1_351' title='bbox 624 4979 771 5057; x_wconf 83' lang='lat' dir='ltr'><strong>veniunt,</strong></span> <span class='ocrx_word' id='word_1_352' title='bbox 795 4984 895 5063; x_wconf 89' lang='lat' dir='ltr'><strong>prout</strong></span> <span class='ocrx_word' id='word_1_353' title='bbox 918 4983 995 5045; x_wconf 90' lang='lat' dir='ltr'><strong>sunt</strong></span> <span class='ocrx_word' id='word_1_354' title='bbox 1018 4978 1196 5044; x_wconf 86' lang='lat' dir='ltr'><strong>universim</strong></span> <span class='ocrx_word' id='word_1_355' title='bbox 1220 4981 1340 5045; x_wconf 79' lang='lat' dir='ltr'><strong>honesti</strong></span> <span class='ocrx_word' id='word_1_356' title='bbox 1363 4977 1466 5059; x_wconf 84' lang='lat' dir='ltr'><strong>(boni)</strong></span> <span class='ocrx_word' id='word_1_357' title='bbox 1484 4980 1537 5045; x_wconf 89' lang='lat' dir='ltr'><strong>vel</strong></span> 
     </span>
    </p>
   </div>
   <div class='ocr_carea' id='block_1_7' title="bbox 0 0 1984 5842">
    <p class='ocr_par' dir='ltr' id='par_1_9' title="bbox 0 0 1984 5842">
     <span class='ocr_line' id='line_1_42' title="bbox 0 0 1984 5842; baseline 0 0"><span class='ocrx_word' id='word_1_358' title='bbox 0 0 1984 5842; x_wconf 95' lang='lat' dir='ltr'><strong> </strong></span> 
     </span>
    </p>
   </div>
  </div>
 </body>
</html>
