3909 5842
423 697 487 761 278
641 694 731 749 Sectio
750 696 771 750 Ι.
809 696 890 751 Liber
908 697 955 752 IV.
993 697 1082 768 Caput
1101 698 1121 752 l.
1159 697 1298 752 Articulus
1317 698 1341 752 2.
1380 697 1441 766 51.

422 873 738 957 praevaricationem
763 896 828 941 nou
852 876 987 942 subesse
1010 881 1136 942 temere
1159 874 1321 958 opinatur,
1350 877 1459 940 locam
1484 911 1526 920 -
1551 874 1605 957 qui
1626 874 1661 938 ob

422 978 567 1045 rationes
591 979 661 1044 fere
683 979 803 1045 nullius
826 981 980 1065 ponderis
1003 1001 1176 1063 morasque
1199 979 1411 1063 apparentiae
1436 981 1531 1047 modo
1555 981 1662 1047 adesse

422 1083 656 1166 obligationem
675 1090 735 1152 aut
756 1089 938 1170 peccatum,
963 1086 1018 1152 ubi
1034 1107 1098 1152 non
1115 1089 1176 1160 est,
1201 1085 1297 1150 modo
1314 1085 1449 1168 gravius
1466 1105 1549 1164 esse,
1573 1106 1662 1168 quarn

423 1212 541 1274 reapse
563 1196 624 1271 est,
652 1192 812 1276 suspicari
835 1192 1018 1271 consuevit,
1049 1196 1269 1278 scrupulosam
1293 1193 1526 1260 conscientiam
1549 1191 1663 1258 habere

422 1297 550 1363 dicitur.
583 1299 741 1384 Per-placo
764 1298 904 1381 denique
926 1298 1128 1366 conscientia
1151 1303 1299 1378 vocatur,
1325 1319 1390 1382 qua
1412 1320 1505 1365 mens
1521 1299 1571 1367 ita
1585 1299 1664 1364 inter

424 1403 505 1468 duas
528 1407 641 1486 partes
664 1404 932 1472 contradictionis
955 1405 1122 1489 practicae
1146 1404 1247 1470 auxia
1269 1404 1396 1485 haeret,
1420 1409 1458 1472 ut
1473 1425 1514 1471 ex
1532 1409 1665 1487 utraque

423 1513 518 1593 parte
541 1515 713 1594 peccatum
736 1511 864 1579 timeat.

894 1675 1139 1746 Articulus
1163 1675 1196 1746 2.

667 1805 756 1885 Quae
778 1808 820 1869 sit
842 1805 990 1892 oblipntio
1015 1806 1166 1892 sequendi
1188 1807 1422 1870 conscientium.

422 1929 491 2001 307.
580 1935 665 2000 Huic
688 1937 872 2019 quaestioni
895 1941 933 2002 ut
955 1959 1016 2020 pro
1040 1937 1183 2004 instituti
1199 1936 1304 2004 nostri
1320 1936 1487 2016 limitibus,
1512 1941 1667 2020 quantum

424 2037 507 2102 satis
530 2044 591 2132 est,
615 2041 880 2125 respondeamus,
911 2043 1106 2128 praecipuas
1136 2043 1198 2109 hac
1229 2044 1269 2109 de
1292 2063 1328 2108 re
1352 2042 1516 2127 practices
1540 2043 1668 2126 regulas

424 2144 621 2212 subiciamus
643 2148 677 2213 in
700 2148 773 2233 ipsa
796 2149 1017 2216 conscientiae
1039 2149 1171 2216 notione
1194 2154 1229 2216 et
1245 2149 1315 2215 eius
1331 2149 1491 2215 relatione
1508 2150 1551 2215 ad
1567 2151 1669 2233 legem

423 2251 581 2317 moralem
605 2253 771 2331 fundatas,
797 2255 889 2320 cuius
911 2255 969 2320 illa
992 2255 1144 2339 proxima
1166 2254 1340 2336 unicuique
1358 2254 1522 2340 interpres
1539 2275 1582 2320 ex
1598 2275 1670 2320 auc-

424 2357 507 2422 toris
531 2365 670 2426 naturae
693 2360 828 2427 consilio
852 2381 926 2426 esse
949 2360 1064 2436 debet;
1088 2359 1218 2426 interim
1243 2359 1408 2443 longiores
1431 2365 1465 2426 et
1488 2360 1670 2427 subtiliores

425 2463 466 2528 de
488 2463 550 2530 hoc
573 2472 768 2549 argumento
797 2465 1041 2551 disquisitiones
1071 2487 1114 2532 ex
1145 2466 1302 2532 historica
1333 2466 1392 2532 lite
1415 2467 1504 2531 circa
1526 2469 1671 2550 systema

425 2571 666 2652 probabilismi‚
697 2575 783 2656 quod
814 2577 951 2652 vocant,
982 2573 1016 2638 in
1046 2573 1167 2640 scholis
1194 2573 1373 2639 suscitatas
1403 2573 1444 2638 ad
1475 2573 1670 2656 theologiam

427 2677 586 2744 moralem
608 2680 785 2747 remissuri.

594 2861 613 2944 ξ
640 2868 667 2929 l.
704 2863 748 2929 In
778 2863 1005 2950 hypothesi
1037 2863 1328 2932 conscientiae
1359 2867 1512 2932 certae.

427 2999 500 3073 308.
591 2993 748 3077 TheSlS
774 2994 981 3078 XXXIV.
1023 3019 1199 3082 Dictamen
1225 3017 1455 3082 consolantiae
1481 3023 1595 3082 certae
1617 3018 1671 3080 ali·

427 3113 508 3190 quid
528 3119 567 3177 ut
587 3115 795 3194 prohibitum
813 3118 869 3182 rel
889 3122 1106 3194 praeceptum
1134 3117 1342 3180 denuntians
1374 3118 1471 3196 sequi
1492 3117 1671 3195 unusquis·

427 3229 493 3290 que
514 3217 670 3292 tenetur-3
691 3213 793 3292 idque
813 3231 965 3292 semper,
988 3215 1122 3278 etiarnsi
1144 3233 1185 3278 ea
1205 3215 1296 3278 forte
1317 3213 1565 3280 invincibiliter
1584 3231 1671 3278 erro·

426 3326 494 3372 nea
513 3310 572 3374 sit.

516 3443 675 3516 Probatur
696 3463 774 3536 puro
797 3445 822 3516 1.
869 3445 1077 3514 Conscientia
1109 3449 1203 3512 certa
1236 3467 1279 3511 ex
1308 3466 1368 3512 sua
1398 3445 1530 3512 notione
1560 3451 1595 3512 et
1619 3463 1673 3509 na·

427 3551 527 3616 turali
551 3552 770 3620 destinatione
794 3554 882 3620 aliud
905 3559 1043 3620 nonest
1066 3575 1163 3637 quam
1186 3558 1259 3639 ipsc
1282 3557 1334 3620 lec
1349 3561 1431 3618 certo
1446 3553 1538 3619 uobis
1553 3555 1672 3639 coperito

428 3661 463 3722 et
485 3659 528 3722 ad
552 3680 649 3726 casus
672 3660 857 3727 individuos
880 3661 1063 3745 applicata;
1089 3665 1158 3726 tum
1182 3661 1301 3727 saltem
1325 3661 1500 3726 manifeste
1523 3660 1585 3725 hac
1600 3678 1673 3724 auc-

428 3763 566 3830 toritate
596 3767 709 3850 pollet,
741 3788 814 3832 cum
839 3767 1035 3852 supponitur
1057 3787 1130 3833 esse
1153 3776 1250 3832 recta.
1297 3765 1383 3832 Nam
1408 3765 1573 3844 voluntas,
1604 3783 1672 3830 cum

428 3869 473 3936 sit
495 3871 639 3938 facultas
663 3893 770 3953 caeca,
794 3874 893 3940 aliter
916 3873 1056 3957 obligari
1079 3873 1267 3957 perlegam
1291 3893 1356 3938 non
1379 3876 1499 3956 potest,
1524 3871 1585 3938 nisi
1608 3891 1672 3936 me·

430 3976 542 4043 diante
565 3978 696 4044 ratione
718 4001 776 4046 seu
800 3979 1012 4047 conscientia.
1059 3983 1158 4065 Atqui
1180 3979 1236 4044 lex
1260 3984 1350 4045 certo
1374 3979 1508 4060 cognita
1531 3981 1673 4044 nostram

429 4085 636 4152 voluntatem
665 4085 727 4152 sibi
757 4086 959 4170 obligatione
992 4085 1146 4152 devincit.
1193 4085 1281 4171 Erpa
1314 4083 1533 4151 conscientiae
1566 4087 1672 4150 certae

429 4191 603 4270 dictamen,
628 4193 747 4259 saltem
769 4193 897 4276 quoties
917 4192 1015 4258 simul
1030 4195 1156 4257 rectum
1173 4194 1234 4270 est,
1253 4211 1317 4256 non
1333 4194 1446 4275 potest
1461 4213 1525 4257 non
1542 4190 1672 4256 eandem

430 4319 529 4381 quam
551 4299 608 4364 lex
630 4299 703 4384 ipsa
726 4299 960 4382 obligationem
985 4299 1186 4382 imponere¹.

518 4430 679 4502 Probatur
702 4449 780 4522 pars
802 4427 843 4502 II.
891 4485 920 4515 „.
946 4486 953 4498 .
980 4485 987 4500 .
1013 4434 1138 4497 etiamsi
1161 4431 1388 4496 invincibiliter
1413 4451 1546 4495 erroneo
1570 4432 1640 4495 eit“.

520 4541 654 4625 Arpum.
679 4540 706 4604 I.
754 4537 910 4615 Quamvis
933 4539 966 4603 in
990 4537 1074 4619 legis
1098 4535 1317 4621 applicatione
1341 4535 1535 4620 particulari
1564 4555 1672 4600 secun·

431 4644 509 4710 dum
539 4645 762 4710 condicionem
793 4649 926 4711 creatae
956 4643 1205 4726 intellegentiae
1235 4641 1335 4708 etiam
1366 4641 1564 4706 invincibilis
1587 4660 1672 4707 error

430 4771 490 4836 per
513 4751 663 4820 accidens
687 4752 820 4818 evenire
839 4751 953 4836 possit,
978 4771 1154 4832 numquam
1172 4754 1294 4828 tamen
1319 4749 1390 4814 sive
1405 4747 1594 4831 ignorantia
1608 4745 1671 4812 sive

524 4961 592 5016 ¹Cl.
613 4965 641 5016 S.
665 4963 756 5016 Thom.
778 4963 808 5027 l,
834 4963 867 5024 2,
893 4977 919 5028 q.
940 4959 988 5024 19,
1015 4977 1039 5012 a.
1060 4959 1143 5021 3-4;
1173 4959 1290 5026 Suorrz,
1317 4956 1357 5010 De
1384 4957 1505 5010 bonitate
1530 4961 1557 5010 et
1576 4953 1672 5009 malitia

432 5051 501 5122 disp.
523 5051 564 5112 12,
584 5053 651 5105 sect.
670 5052 696 5114 4,
716 5049 732 5116 ἓ
753 5052 764 5103 l
786 5051 811 5102 2.
