3909 5842
465 675 530 740 396
693 669 783 724 Sectio
802 669 835 724 ll.
873 669 953 724 Liber
971 669 1006 724 11.
1044 667 1135 740 Caput
1153 671 1173 724 I.
1212 667 1353 723 articulus
1372 667 1398 722 3.
1438 667 1509 735 93.

463 849 613 916 omnibus
632 849 912 916 consentientibus
928 848 1080 916 coactiva
1096 847 1334 915 inviolabilitas
1349 868 1419 912 non
1435 847 1679 915 accidentalis
1691 869 1723 912 rs

464 957 670 1024 extrinsecus
685 955 799 1022 addita
814 956 923 1024 stricti
938 955 1019 1022 iuria
1034 955 1232 1040 proprietas,
1248 953 1307 1020 sed
1321 953 1423 1038 plane
1435 957 1641 1020 eaoenticlis
1656 965 1684 1018 a
1698 961 1729 1018 11«.-

463 1067 620 1130 triaaccaa
643 1064 844 1142 constituens,
868 1081 933 1144 qua
956 1062 1089 1128 sublata
1112 1060 1219 1145 ipsum
1242 1060 1294 1126 ias
1315 1059 1461 1127 tollitur.
1500 1061 1545 1126 Iu
1564 1061 1632 1126 illa
1647 1061 1727 1144 igitr

464 1167 639 1254 hypothesi
662 1169 714 1234 ius
737 1166 845 1251 logica
867 1167 1068 1234 necessitate
1091 1168 1133 1234 ad
1156 1172 1310 1236 naturam
1333 1168 1530 1251 potestatis
1547 1189 1652 1233 mere
1666 1169 1730 1252 phy·

465 1276 554 1342 sicae
577 1273 771 1358 deprimitur
793 1294 861 1352 seu,
886 1273 972 1357 quod
995 1273 1082 1340 idem
1107 1278 1169 1352 est,
1192 1273 1291 1358 plane
1313 1277 1472 1355 negatur.

465 1415 532 1488 491.
622 1411 782 1486 Probatur
797 1413 849 1484 11⁰.
875 1415 929 1482 uc
943 1418 1061 1482 morali
1078 1417 1223 1502 efficacia
1238 1419 1325 1484 titali
1339 1419 1425 1482 iaris
1440 1439 1510 1503 per
1528 1440 1568 1484 se
1586 1417 1719 1482 adraim.

554 1524 658 1590 Totus
681 1519 816 1587 moralis
839 1519 944 1604 vigor,
970 1542 1034 1604 quo
1057 1521 1108 1587 ius
1131 1526 1301 1605 tamquam
1323 1543 1443 1588 verum
1468 1523 1543 1602 ius,
1570 1524 1596 1591 i.
1616 1545 1647 1589 e.
1664 1538 1728 1588 ran·

466 1651 564 1712 quem
594 1631 744 1714 potestas
773 1627 908 1692 moralis
938 1627 1126 1712 respectiva
1158 1631 1193 1694 st
1216 1649 1281 1711 qua
1302 1627 1381 1694 talis
1404 1629 1581 1696 coactiva
1607 1629 1727 1695 invicte

465 1735 595 1803 bilitata
625 1733 752 1801 munita
782 1733 942 1812 subsistit,
973 1733 1123 1818 proxime
1153 1735 1187 1800 in
1210 1733 1290 1800 iuris
1313 1735 1411 1801 titulo
1436 1735 1624 1803 fundatur
1647 1759 1726 1817 eoca-

465 1842 602 1908 realiter
625 1840 872 1908 determinatur.
904 1843 1005 1928 Atqui
1027 1840 1109 1906 haec
1132 1841 1280 1907 efficacia
1301 1840 1391 1908 tituli
1413 1841 1516 1920 iuris,
1547 1849 1677 1929 utpote
1690 1867 1719 1924 qr

465 1949 596 2034 propria
620 1949 653 2014 in
670 1951 842 2014 dictamine
852 1949 1019 2033 practicae
1033 1949 1171 2014 rationis
1186 1947 1347 2025 consistit,
1371 1969 1431 2032 per
1448 1969 1488 2014 se
1507 1954 1597 2016 tota
1614 1953 1724 2016 morci-

467 2059 519 2122 est
549 2059 583 2122 et
613 2054 742 2138 quidem
774 2074 839 2119 non
869 2051 1083 2136 hypothetice
1107 2073 1277 2137 suspensa,
1308 2053 1366 2118 sed
1390 2054 1569 2138 absoluta,
1606 2056 1722 2140 proin.

468 2163 559 2228 nulla
588 2161 778 2228 condicione
806 2159 929 2226 ordinis
952 2159 1080 2242 physici
1103 2159 1301 2244 dependens.
1347 2159 1439 2236 Quae
1464 2161 1595 2228 omnia
1621 2182 1665 2226 ex
1685 2181 1723 2224 ns·

467 2274 544 2336 tura
572 2268 620 2334 rei
650 2271 686 2335 et
715 2287 757 2333 ex
781 2265 877 2334 dictis
900 2264 947 2348 (n.
971 2263 1051 2346 468)
1074 2286 1135 2350 per
1156 2286 1194 2332 se
1216 2263 1393 2332 manifesta
1415 2269 1512 2334 sunt
1569 2269 1667 2353 Erpa
1686 2287 1722 2330 ne

469 2395 561 2442 cesse
590 2377 651 2451 eat,
684 2378 720 2440 ut
750 2377 906 2440 manante
935 2372 1085 2455 legitimo
1115 2372 1196 2439 iuris
1224 2371 1322 2440 titulo
1344 2371 1505 2444 similiter
1531 2373 1629 2440 iuris
1652 2375 1720 2454 virs

470 2483 511 2548 ab
535 2481 693 2547 eiusmodi
718 2479 907 2546 condicione
930 2478 1190 2562 independenter
1211 2478 1381 2545 subsistat

470 2618 539 2691 492.
629 2617 789 2692 Probatur
811 2618 878 2690 111⁰.
925 2623 979 2688 Ec
1002 2628 1123 2686 natura
1145 2623 1250 2686 omnia
1271 2621 1430 2705 lepitimae
1449 2623 1648 2704 potcstatis.

560 2727 610 2792 De
632 2725 761 2792 ratione
784 2725 953 2808 legitimae
975 2725 1153 2811 potestatis
1177 2730 1237 2805 est,
1269 2729 1317 2803 ut,
1341 2723 1421 2791 licet
1442 2725 1481 2790 in
1506 2747 1550 2792 se
1577 2727 1719 2794 aasendr
1755 2732 1756 2761 ¹

470 2833 546 2898 liter
557 2833 688 2899 finalem
702 2835 886 2917 respectum
899 2833 941 2898 ad
958 2831 1089 2899 actuale
1105 2831 1298 2898 exercitium
1312 2831 1477 2910 involvat,
1496 2833 1596 2900 citra
1612 2855 1712 2900 omncr
1755 2870 1756 2873 =

472 2936 636 3002 actualem
659 2959 753 3004 usum
776 2943 887 3005 tamen
912 2961 971 3024 per
994 2961 1031 3005 ae
1054 2939 1186 3022 integra
1208 2939 1388 3006 subsistere
1410 2937 1524 3022 possit
1551 2946 1594 3008 et
1624 2962 1715 3006 revera

471 3041 640 3110 subsistat.
672 3049 773 3131 Atqui
788 3045 849 3124 ius,
874 3045 925 3111 cui
941 3045 1109 3112 sufficiens
1132 3045 1281 3129 potentia
1296 3046 1339 3112 ad
1353 3045 1529 3111 efficacem
1548 3047 1715 3113 exsecutr-

471 3169 546 3215 nem
568 3155 702 3234 praesto
726 3173 790 3217 non
814 3157 875 3230 est,
900 3157 952 3219 est
974 3158 1125 3236 potestas
1148 3173 1208 3237 per
1230 3173 1267 3217 ae
1289 3151 1448 3234 legitima,
1473 3153 1580 3219 cuius
1596 3153 1714 3221 actual}

470 3276 557 3332 naua,
582 3257 743 3340 adquam
768 3259 897 3341 quidem
921 3259 1053 3324 finalem
1078 3258 1330 3326 destinationem
1353 3258 1387 3322 in
1410 3277 1448 3324 se
1474 3261 1649 3338 continet,
1675 3279 1714 3344 pe

470 3361 622 3429 accidens
651 3363 837 3448 impeditur.
884 3363 971 3448 Erpa
1003 3363 1161 3429 eiusmodi
1192 3367 1331 3430 externa
1353 3361 1517 3443 condicio,
1553 3385 1647 3448 quae
1674 3383 1714 3448 pe

469 3489 505 3534 se
528 3469 656 3535 nonnisi
680 3469 873 3535 exercitium
896 3468 977 3533 iuris
1000 3468 1168 3551 attingere
1189 3471 1311 3553 potest,
1334 3467 1441 3552 ipsum
1458 3469 1569 3535 insin
1586 3493 1626 3537 aa
1640 3491 1712 3555 spe*

468 3577 576 3640 tatum
600 3576 697 3658 plane
721 3577 884 3643 intactum
907 3575 1072 3658 relinquit.

469 3711 540 3784 493.
631 3711 789 3786 Probatur
811 3712 877 3785 ΙΨ.
923 3717 977 3782 Ec
1000 3718 1164 3784 absurdis.

558 3819 647 3886 Nihil
671 3841 751 3886 sane
774 3819 939 3905 indignius
963 3827 998 3888 et
1020 3822 1090 3888 Deo
1115 3821 1293 3889 ordinatori
1317 3825 1435 3888 sancto
1458 3821 1658 3890 iniuriosius
1673 3843 1711 3887 or

469 3923 568 4010 gitari
584 3930 705 4011 potest,
730 3948 827 4010 qnam
845 3933 965 3995 cuncta
980 3927 1121 3994 hominis
1136 3928 1218 4007 iura,
1243 3928 1343 3996 etiarn
1358 3927 1506 3994 maxime
1522 3929 1710 3996 essentialia

468 4053 534 4099 non
557 4033 662 4100 solum
686 4035 793 4118 quoad
818 4035 1013 4102 exercitium
1036 4040 1071 4101 et
1093 4040 1266 4102 externum
1291 4035 1493 4117 exaequandi
1524 4057 1709 4103 successum

471 4161 582 4206 verum
608 4139 707 4207 etiam
731 4141 839 4226 quoad
862 4143 1075 4208 airbstanticm
1099 4149 1128 4207 ct
1152 4143 1329 4208 iuridicam
1342 4140 1510 4226 oblipandi
1526 4145 1665 4227 ciperem
1679 4141 1705 4206 al

463 4247 605 4324 ‚incertis
636 4251 671 4313 et
702 4247 968 4330 contingentibus
1002 4247 1163 4315 adiunctis
1196 4249 1390 4334 dependere,
1423 4247 1525 4312 immo
1557 4272 1706 4335 penem

404 4354 407 4361 '
469 4353 632 4419 bominum
662 4357 816 4421 volantati
847 4363 874 4420 ct
904 4357 1041 4422 arbitrio
1071 4355 1216 4422 abiectior
1245 4356 1459 4422 subordinari
1489 4363 1520 4420 ct
1551 4359 1705 4424 immolari.

469 4457 566 4540 idque
591 4482 624 4526 cc
646 4461 715 4545 ipsc
740 4469 767 4526 et
793 4461 876 4544 idea,
907 4461 984 4543 quia
1014 4461 1166 4528 obnitens
1195 4460 1320 4528 iuribus
1350 4459 1523 4528 arbitrium
1555 4461 1630 4530 sive
1655 4463 1706 4548 pri

471 4569 583 4631 vatum
607 4566 677 4632 sive
700 4567 864 4651 publicum
888 4571 923 4635 et
945 4567 1053 4650 legale
1076 4567 1200 4634 viribus
1223 4571 1258 4634 at
1275 4567 1426 4652 potentia
1441 4569 1646 4651 praevaleat,
1661 4582 1704 4634 aa

469 4670 527 4736 illa
549 4693 728 4756 agnoscere
752 4674 925 4742 detrectet.
943 4713 987 4723 —-
1002 4677 1104 4760 Atqui
1125 4673 1160 4740 in
1182 4673 1358 4758 hypothesi
1381 4679 1517 4740 nostrae
1540 4673 1704 4742 thesicon

471 4778 574 4844 traria
599 4781 806 4847 corollarium
828 4779 916 4847 istud
940 4784 1009 4846 tam
1034 4780 1202 4863 indignam
1226 4779 1383 4846 declinari
1404 4781 1537 4845 omnino
1559 4803 1626 4847 non
1645 4786 1702 4866 pol·

471 4887 532 4950 eat.
561 4886 648 4972 Erpa
663 4887 735 4971 ipsa
750 4886 808 4954 illa
823 4886 1016 4971 hypothesis
1031 4886 1156 4971 pariter
1171 4887 1257 4953 falsa
1273 4890 1308 4952 et
1323 4886 1531 4970 reprobanda
1547 4907 1622 4954 asae
1632 4909 1701 4956 con·

472 4989 640 5074 probatur.
