3909 5842
386 613 448 678 170
615 609 705 666 Sestio
723 611 744 666 1.
781 611 862 668 Iriber
881 613 914 668 ll.
954 613 1045 685 Caput
1063 613 1084 669 1.
1121 613 1262 670 Atticulae
1280 614 1305 670 2.
1341 615 1403 683 §a

382 794 452 859 stat
475 791 560 857 enim
584 811 696 857 omnes
718 790 872 874 reliquos,
897 813 979 875 quos
1005 797 1117 870 ,actm
1131 793 1288 860 hominis“
1309 777 1439 874 vocam,
1464 793 1639 877 atquibus

381 897 453 962 iere
483 895 587 962 maior
616 917 694 982 pars
723 897 886 966 humanae
916 898 1099 966 activitatis
1130 900 1290 981 consistit,
1320 901 1394 968 ideo
1416 905 1549 970 tanturm
1573 919 1638 966 nec

383 1004 485 1084 bonos
515 1023 576 1070 nec
603 1004 707 1070 malos
731 1024 813 1084 esse,
845 1005 922 1088 quia
944 1007 1050 1072 omnis
1072 1007 1272 1074 moralitatis
1294 1008 1485 1075 madicione
1506 1011 1637 1074 carent.

382 1109 484 1176 Porro
512 1109 686 1176 disiunctio
720 1115 797 1190 ,aut
826 1112 930 1178 bonus
953 1116 1013 1180 aut
1042 1113 1168 1179 malue“
1193 1115 1419 1201 philosophice,
1449 1133 1517 1179 non
1537 1113 1636 1178 theo·

382 1214 489 1298 logice
521 1213 711 1300 accipienda
743 1221 803 1284 est.
851 1215 950 1284 Aliud
982 1218 1069 1284 enim
1102 1223 1167 1297 eet,
1200 1221 1311 1286 actum
1343 1219 1406 1285 dici
1437 1220 1635 1286 naturaliter

383 1321 513 1402 bonum,
545 1321 634 1388 aliud
662 1325 955 1408 supernaturaliter
984 1344 1043 1390 seu
1072 1323 1259 1408 theologice
1282 1325 1497 1393 meritorium.
1542 1325 1635 1391 Inter

383 1429 506 1494 malum
536 1433 646 1496 autem
677 1433 712 1496 et
743 1429 1041 1514 supernaturaliter
1073 1431 1193 1496 bonurn
1225 1430 1358 1513 aliquod
1386 1431 1529 1498 medinm
1559 1449 1634 1496 esse

384 1535 482 1602 etiam
513 1535 547 1602 in
576 1534 743 1602 individuo
773 1535 961 1602 indifferens
992 1535 1220 1621 (theologice),
1250 1536 1376 1604 scilicet
1404 1536 1513 1622 ipsam
1542 1555 1634 1602 mara

382 1640 580 1708 naturaliter
602 1641 732 1722 bonum,
757 1639 1010 1709 christianorum
1034 1663 1130 1708 nemo
1153 1643 1284 1728 estqui
1305 1648 1416 1728 neget.

469 1777 628 1852 Probatur
655 1796 733 1870 para
762 1776 787 1851 L
838 1781 997 1847 Omnibus
1027 1781 1308 1848 consentientibus
1334 1782 1440 1847 multa
1468 1784 1549 1848 sunt
1577 1801 1634 1847 ac·

384 1885 510 1953 tionum
540 1888 658 1954 obiecta
687 1907 748 1972 per
774 1907 820 1967 se,
851 1887 872 1954 i.
897 1908 925 1954 a.
950 1887 1208 1972 praescindendo
1231 1889 1274 1955 ab
1297 1889 1427 1971 agentis
1449 1888 1635 1955 intentione

384 1998 419 2060 et
441 2013 462 2060 a
485 1992 750 2072 circumstantiis,
773 1993 945 2062 moraliter
966 1994 1196 2073 indifferentia,
1220 2015 1260 2061 ac
1282 1994 1419 2079 proinde
1440 1995 1567 2062 multae
1589 1994 1635 2060 si·

384 2099 506 2166 militer
535 2099 683 2169 actiones
710 2104 835 2167 ratione
864 2101 973 2168 abacti
996 2101 1238 2176 indifferentem
1268 2100 1334 2167 iam
1357 2121 1438 2167 vero
1460 2101 1524 2167 hoc
1546 2101 1634 2166 idem

385 2211 436 2274 est
459 2227 498 2272 ac
522 2206 630 2274 dicere
653 2207 785 2274 easdem
807 2207 893 2274 tales
917 2226 992 2274 esse
1012 2207 1046 2273 in
1066 2208 1236 2274 abstracto
1251 2229 1310 2274 seu
1324 2207 1359 2273 in
1373 2207 1494 2291 specie.
1525 2206 1634 2284 Quare

384 2312 465 2380 haec
488 2312 655 2380 doctrinae
676 2333 754 2396 pars
777 2313 860 2380 satis
879 2333 939 2397 per
956 2334 993 2378 ee
1009 2312 1144 2379 evidens
1160 2317 1213 2380 est
1235 2334 1339 2396 eoque
1354 2313 1461 2379 minus
1476 2311 1635 2380 ulterime

385 2419 577 2503 probatione
606 2419 743 2502 indiget,
774 2419 860 2502 quod
890 2419 924 2484 in
947 2419 1115 2503 praesenti
1138 2419 1364 2485 controversia
1386 2419 1420 2484 id
1442 2419 1552 2503 ipsum
1575 2440 1634 2484 ex·

386 2525 486 2604 hibet,
512 2525 597 2608 quod
621 2525 774 2609 utrinque
797 2531 965 2608 tamquam
984 2546 1154 2592 commune
1169 2525 1419 2592 tundamentum
1434 2525 1634 2592 admittitur.

386 2631 432 2697 Et
446 2652 526 2698 sane
542 2632 614 2714 quis
630 2653 783 2716 umquam
799 2635 978 2716 intitulare,
1002 2632 1023 2699 i.
1037 2653 1065 2698 e.
1083 2653 1125 2698 ex
1141 2631 1280 2711 obiecto,
1304 2633 1425 2699 bonum
1440 2633 1495 2698 vel
1511 2634 1633 2699 malum

388 2759 460 2804 esse
490 2738 625 2806 dixerit:
656 2739 875 2818 deambulare,
905 2739 971 2806 iter·
998 2739 1119 2818 facere,
1148 2759 1243 2805 arma
1270 2759 1396 2822 gerere,
1426 2737 1494 2804 alia
1520 2737 1635 2803 huius·

387 2845 522 2911 modii1

474 2979 634 3054 Probatur
654 2999 732 3074 pars
754 2979 796 3054 II.
843 2984 956 3050 Omnis
987 2988 1082 3052 actus
1103 2983 1266 3050 humanus
1288 2987 1324 3050 in
1347 2985 1516 3050 individuo
1539 3005 1636 3068 spec·

387 3091 490 3169 tatus,
520 3093 752 3174 praeterquam
783 3091 869 3174 quod
901 3111 960 3175 per
993 3095 1118 3156 certum
1151 3091 1314 3156 obiectum
1345 3089 1560 3168 terminatur,
1593 3091 1636 3157 ad

388 3201 513 3264 certum
538 3216 666 3279 quoque
681 3197 778 3262 finem
795 3217 837 3262 ex
854 3196 1021 3280 operantis
1038 3196 1274 3262 deliberatione
1290 3195 1450 3278 dirigitur,
1475 3199 1511 3263 et
1526 3201 1636 3263 cartas

388 3302 652 3370 circumstantias
675 3323 847 3386 personae,
877 3301 1046 3386 temporis,
1076 3301 1150 3380 loci,
1177 3301 1264 3367 modi
1288 3306 1352 3368 etc.
1377 3301 1636 3369 concomitantes

387 3407 497 3476 habet.
544 3408 636 3474 Haec
659 3408 746 3474 enim
773 3409 882 3474 omnia
906 3409 947 3475 ab
971 3411 1048 3474 actu
1071 3427 1150 3473 vere
1172 3407 1315 3474 humano
1338 3411 1373 3474 et
1395 3405 1563 3473 individuo
1585 3407 1637 3473 in·

388 3515 587 3600 separabilia
616 3518 702 3580 eunt.
728 3515 889 3581 -Unde
919 3513 967 3580 ita
997 3514 1181 3596 arguimus:
1211 3513 1261 3581 Ut
1289 3517 1384 3580 actus
1413 3513 1577 3580 humanus
1603 3513 1638 3579 in

388 3619 555 3686 individuo
585 3619 755 3688 moraliter
776 3620 965 3686 indifferens
988 3641 1061 3686 esse
1084 3620 1198 3704 possit,
1228 3625 1362 3705 praeter
1382 3621 1638 3687 indifferentiam

389 3727 508 3794 obiecti
537 3726 670 3811 insuper
699 3727 877 3810 requiritur
906 3727 1129 3811 indifferentia
1155 3727 1232 3811 finis
1259 3735 1288 3793 et
1310 3730 1635 3794 circumstantiarum.

389 3835 498 3920 Atqui,
529 3832 685 3916 quidquid
715 3834 760 3900 sit
789 3833 829 3899 de
859 3833 1126 3912 circumstantiis,
1155 3833 1232 3918 finis
1262 3837 1353 3900 certe
1382 3831 1563 3899 deliberate
1585 3831 1636 3898 in·

389 3943 502 4006 tentae
524 3939 694 4006 moraliter
715 3939 903 4006 indifferens
926 3961 1104 4022 numquam
1127 3960 1201 4006 esse
1219 3942 1340 4024 potest,
1364 3939 1423 4004 sed
1438 3941 1490 4005 est
1505 3941 1553 4005 cel
1566 3959 1638 4005 mo·

389 4045 506 4112 naliter
534 4048 644 4112 rectus
667 4047 713 4112 vel
736 4068 801 4112 non
824 4051 945 4114 rectus.
992 4047 1079 4132 Erpa
1101 4066 1237 4113 necesse
1259 4051 1321 4125 eet,
1352 4050 1390 4113 ut
1413 4043 1519 4111 omnis
1541 4048 1638 4111 actus

390 4151 551 4218 humanus
574 4151 607 4216 in
630 4151 797 4218 individuo
821 4153 939 4219 saltem
962 4151 1091 4219 ratione
1113 4152 1188 4218 finis
1211 4151 1256 4218 sit
1277 4154 1325 4218 vel
1338 4151 1443 4217 bonus
1457 4153 1505 4218 vel
1518 4151 1637 4218 malus.

479 4255 595 4324 Prob.
620 4257 752 4324 minor
776 4257 896 4342 duplici
919 4262 1131 4342 argumento:

482 4367 511 4433 1.
542 4365 595 4430 En
624 4368 692 4451 ipso
722 4372 868 4451 conceptu
896 4367 973 4430 recti
1000 4365 1127 4430 ordinis
1152 4365 1271 4449 finalis.
1317 4361 1361 4428 Vi
1382 4361 1479 4428 huius
1501 4381 1637 4428 necesse

391 4476 453 4550 est,
483 4473 521 4536 ut
544 4490 657 4537 omnes
680 4472 761 4536 lines
784 4469 925 4554 proximi
949 4491 989 4536 ac
1011 4469 1195 4536 secundarii
1218 4469 1358 4536 bominis
1381 4466 1550 4552 operantis
1572 4487 1639 4534 non

391 4578 496 4644 solum
517 4577 683 4660 negativa,
707 4576 765 4642 sed
775 4579 915 4662 positiva
931 4575 1198 4643 subordinatione
1213 4575 1322 4659 aliquo
1337 4575 1435 4642 modo
1449 4573 1640 4641 referantur

392 4683 520 4749 demum
551 4681 594 4748 ad
621 4683 716 4766 finan
746 4685 902 4748 ultimum.
949 4679 1048 4746 Ratio
1078 4683 1140 4760 eet,
1171 4679 1248 4763 quia
1276 4684 1350 4747 tota
1372 4679 1444 4746 vita
1465 4677 1639 4746 rationalis

391 4791 507 4854 nostra
529 4788 705 4854 secundum
729 4791 880 4854 unitatem
905 4791 1045 4854 naturae
1068 4791 1102 4854 et
1124 4785 1198 4852 finis
1221 4787 1339 4854 seriem
1362 4806 1492 4870 quoque
1506 4785 1639 4851 finalem

485 4947 491 4977 ¹
513 4944 554 5000 Ol.
575 4947 603 4999 S.
627 4945 727 5013 aban,
747 4943 773 4998 S.
793 4943 876 4998 theol.
897 4945 920 5005 l,
940 4942 964 5008 2,
984 4959 1011 5011 q.
1032 4943 1072 5008 18,
1092 4959 1117 4996 a.
1136 4945 1161 4998 8.
