3909 5842
423 658 467 725 20
701 652 792 709 Sentio
810 652 833 707 1.
870 652 951 707 Liber
969 652 991 708 I.
1028 651 1117 723 Caput
1134 652 1168 707 Il.
1205 652 1346 708 Articulus
1367 654 1392 708 l.

895 846 1140 916 Articulns
1165 846 1197 914 1.

423 994 474 1059 De
487 993 576 1077 fonte
592 990 800 1076 copnoacendi
813 990 889 1074 finis
900 990 1128 1076 psycholop'ico,
1145 1011 1200 1056 ceu
1218 990 1256 1056 de
1269 990 1364 1075 finali
1378 1000 1523 1077 respectu
1541 1000 1682 1057 necturae

963 1096 1134 1161 humanae.

423 1245 473 1317 36.
564 1247 697 1313 Natura
719 1266 738 1310 c
760 1266 821 1311 suo
845 1242 987 1327 genuino
1012 1248 1173 1327 conceptu
1189 1244 1326 1311 denotat
1348 1244 1575 1313 substantiale
1589 1247 1680 1331 prin·

423 1353 543 1438 cipium
566 1357 712 1419 motuum
735 1372 801 1417 non
824 1372 883 1435 per
906 1372 942 1417 sc
965 1350 1230 1429 indifferentium,
1261 1351 1318 1416 sed
1344 1351 1572 1419 essentialiter
1596 1355 1681 1439 finu-

422 1463 512 1543 liam,
536 1463 637 1542 atquc
659 1457 693 1523 iu
716 1457 777 1522 hoc
800 1457 873 1542 ipso
896 1456 966 1523 eius
990 1457 1121 1523 interna
1144 1478 1217 1523 cum
1240 1459 1304 1523 fine
1326 1456 1502 1523 correlatio
1519 1458 1682 1525 fundatur

423 1563 579 1649 (Axioma
601 1564 618 1628 Ι
640 1563 695 1645 ΙΙ).
731 1562 839 1639 Quare
861 1583 927 1627 non
950 1566 1020 1629 tam
1037 1582 1095 1645 pro
1112 1582 1172 1629 sua
1192 1561 1332 1629 cnt'tate
1348 1560 1382 1627 in
1398 1582 1444 1640 se,
1469 1563 1530 1629 sed
1555 1564 1681 1631 forma-

422 1672 499 1737 liter
517 1691 580 1757 pro
603 1691 660 1735 ruo
682 1677 823 1755 respectu
847 1670 942 1753 finali
964 1673 1085 1734 natura
1104 1668 1308 1735 aestimanda
1323 1672 1384 1747 cst,
1409 1672 1447 1734 ut
1462 1669 1539 1735 fons
1556 1693 1682 1755 cogno-

423 1776 534 1843 scendi
556 1774 631 1841 finis
653 1794 733 1839 vere
756 1774 820 1840 dici
843 1775 958 1858 possit.
975 1772 1138 1840 —Porro
1155 1774 1260 1839 omnis
1279 1778 1400 1839 natura
1415 1774 1604 1844 formaliter
1620 1800 1682 1863 pro

423 1905 482 1950 suo
505 1886 658 1967 respectu
680 1881 768 1947 finali
793 1882 968 1947 exhibetur
991 1901 1049 1964 per
1072 1880 1275 1946 tendentium
1304 1900 1362 1945 eeu
1386 1876 1627 1965 expansionem
1653 1886 1682 1951 ci

422 1990 572 2075 specifice
595 1987 760 2072 propriam
785 1988 940 2068 (Axicma
963 1987 1089 2064 XXIII;
1115 1988 1156 2054 cf.
1173 1987 1253 2053 VIII
1275 1986 1377 2070 XIII).

513 2096 637 2161 Horum
668 2094 760 2160 facta
788 2093 1009 2178 applicatione
1037 2094 1079 2159 ad
1109 2098 1262 2160 naturam
1292 2094 1468 2159 humanam
1498 2095 1533 2160 in
1557 2096 1680 2180 specie,

423 2223 483 2287 pro
510 2223 570 2267 suo
597 2205 750 2286 respectu
780 2200 870 2266 finali
897 2199 1160 2279 examinandam,
1192 2220 1230 2267 eo
1254 2200 1382 2265 demum
1413 2204 1488 2267 tota
1517 2223 1681 2285 praesens

423 2309 573 2393 quaestio
596 2308 699 2375 redit:

558 2426 724 2505 Quanam
754 2423 913 2488 canendo
942 2424 985 2485 cit
1014 2424 1166 2507 mansio
1190 2422 1349 2487 humanae
1372 2426 1512 2487 adarca
1536 2424 1679 2509 specifice

512 2533 657 2617 propriu.

513 2646 570 2713 (lui
594 2646 778 2729 quaestioni
802 2650 839 2712 nt
862 2644 1015 2722 satisfiat,
1040 2644 1191 2728 quaesite
1214 2644 1372 2729 expansio
1396 2645 1524 2711 lumin
1548 2666 1585 2711 se
1604 2651 1676 2713 tum

423 2752 457 2818 in
480 2774 539 2819 suo
561 2753 695 2837 formali
717 2754 832 2819 obiecto
854 2750 1087 2836 psychologicc
1111 2750 1359 2819 determinanda
1382 2756 1443 2819 est.

424 2946 442 3029 9
469 2950 498 3013 1.
537 2947 594 3012 De
617 2950 802 3013 naturae
825 2944 1026 3011 humanae
1050 2945 1311 3029 expansione
1334 2944 1375 3011 in
1399 2964 1441 3010 sc
1464 2949 1673 3028 spectata.

424 3092 471 3167 37.
562 3083 718 3166 Thasia
745 3083 782 3167 I.
810 3106 990 3183 Propriam
1011 3110 1156 3168 naturae
1176 3106 1344 3169 humanae
1359 3108 1603 3184 expansionem
1616 3125 1675 3185 ep·

423 3206 552 3283 petltus
573 3203 755 3268 rathonalis
775 3220 838 3266 scu
857 3204 1018 3269 voluntas
1040 3202 1189 3266 ethhct.

513 3338 822 3409 Praenotande.
869 3338 951 3417 Quid
978 3360 1038 3423 per
1061 3339 1292 3423 expansionem
1318 3340 1414 3407 alicui
1436 3346 1577 3407 naturae
1599 3362 1674 3424 pro·

424 3450 529 3533 priam
563 3447 616 3513 hic
648 3446 895 3530 intellegamus,
931 3445 1049 3527 collige
1082 3466 1100 3511 e
1131 3467 1232 3529 supra
1265 3446 1376 3514 citatis
1411 3446 1598 3513 axiomatis,
1629 3485 1675 3493 -

425 3554 608 3620 Secundum
632 3573 673 3618 ea
695 3556 835 3618 naturae
858 3551 1021 3617 humanae
1045 3550 1204 3635 expansio
1227 3552 1333 3637 ipsam
1356 3555 1539 3619 naturalem
1558 3550 1593 3633 (i.
1610 3574 1676 3619 aa

425 3665 564 3726 naturae
586 3659 728 3743 impulsu
752 3656 948 3742 profectam)
972 3660 1110 3723 horninie
1133 3661 1370 3725 inclinationem
1395 3659 1448 3725 vel
1472 3660 1674 3726 tendentiam

426 3766 571 3842 denotat,
596 3785 662 3847 qua
685 3765 791 3843 homo,
815 3768 853 3830 ut
875 3765 972 3829 homo
989 3769 1050 3844 eet,
1076 3765 1117 3830 ad
1134 3766 1230 3830 finem
1247 3764 1309 3831 sihi
1325 3766 1507 3849 praefixum
1523 3765 1676 3849 dirigitur

426 3893 466 3938 ac
496 3870 702 3938 sollicitatur.
750 3870 864 3937 Potest
894 3874 1005 3937 autem
1037 3870 1193 3936 eiusmodi
1223 3871 1330 3937 finalis
1359 3870 1528 3938 inclinatio
1557 3872 1676 3957 duplici

426 3979 522 4043 modo
546 3977 763 4057 considerari,
794 3977 848 4043 vel
879 3982 916 4043 ut
939 3982 992 4043 est
1015 3979 1167 4061 celicolis,
1198 3977 1218 4043 i.
1243 3998 1271 4044 e.
1296 3976 1329 4043 in
1353 3976 1462 4060 aliquo
1485 3980 1675 4063 particulari

426 4089 502 4151 actu
526 4083 690 4162 exercita,
722 4084 775 4149 vel
801 4086 837 4149 ut
856 4086 1049 4169 potentialia,
1072 4084 1093 4152 i.
1118 4104 1146 4149 e.
1171 4088 1208 4149 ut
1231 4104 1400 4149 commune
1424 4089 1459 4149 et
1481 4106 1676 4169 permanens

426 4190 619 4274 principium
643 4190 847 4272 singularum
870 4188 1118 4255 inclinationum
1141 4188 1399 4275 particularium,
1424 4211 1508 4272 quae
1524 4195 1602 4257 actu
1617 4193 1676 4257 suh

427 4297 497 4363 eius
519 4296 645 4362 influxu
668 4297 761 4362 fiunt.
797 4295 869 4360 Hoc
892 4296 998 4361 altero
1015 4296 1111 4361 modo
1126 4295 1160 4361 in
1183 4296 1350 4381 praesenti
1369 4296 1456 4363 thesi
1471 4318 1544 4363 eam
1561 4318 1675 4382 accep·

427 4408 495 4470 tam
512 4404 673 4470 volumus.
709 4401 866 4469 Similiter
882 4406 916 4467 et
933 4402 965 4469 S.
983 4401 1140 4469 Thomas:
1170 4452 1196 4481 „.
1216 4454 1222 4467 .
1241 4456 1248 4469 .
1267 4404 1420 4469 voluntas
1436 4408 1488 4471 est
1506 4403 1675 4471 rationalis

427 4509 604 4594 appct'tus,
629 4510 684 4592 qui
706 4509 858 4593 proprius
882 4512 934 4574 est
957 4508 1151 4577 hominis.“¹

515 4640 685 4713 Probatur.
719 4641 888 4727 Expanaio
910 4642 1073 4709 humanae
1097 4646 1236 4710 naturae
1259 4647 1296 4711 ut
1319 4642 1380 4709 tali
1395 4644 1528 4728 propria
1543 4644 1673 4727 eiusque

427 4748 592 4834 propriam
614 4747 749 4830 signans
764 4748 895 4815 finalem
912 4748 1125 4815 directionem
1141 4749 1218 4817 talis
1234 4749 1278 4815 sit
1294 4753 1434 4834 oportet,
1457 4770 1551 4832 quae,
1572 4751 1673 4817 instar

429 4910 737 4919 ——m-ffl

520 4986 575 5041 ²8.
593 4984 677 5040 theol.
698 4988 721 5049 1,
740 4986 765 5048 2,
785 5003 811 5054 q.
830 4987 847 5038 6
867 4989 930 5038 ante
949 4986 1026 5039 artie.
