3909 5842
692 664 733 719 De
754 662 901 735 ,principio
919 662 1108 718 moralitatis‘.
1460 668 1523 731 125

265 848 354 923 punt
386 844 497 907 autem
526 840 687 907 latissime
716 840 751 905 in
780 840 852 923 ipso
882 849 963 906 recte
993 841 1189 907 aestimando
1220 863 1258 905 nc
1285 842 1525 909 determinando

268 968 426 1033 suprareo
455 955 592 1013 cataroe
623 949 703 1013 tono
733 970 772 1013 ac
798 948 872 1031 fine.
919 946 1126 1030 Quapropter
1155 946 1334 1012 communie
1356 946 1413 1013 illa
1435 950 1525 1015 notio

266 1050 409 1119 honesti
431 1053 484 1118 vel
507 1054 672 1121 inhonesti
694 1053 941 1137 generalissime
964 1052 1095 1137 sumpti,
1121 1074 1185 1136 qua
1207 1053 1287 1118 illud
1302 1052 1335 1119 in
1352 1054 1525 1119 conformi-

268 1162 347 1225 tate
373 1160 427 1225 vel
451 1160 663 1227 difformitate
686 1182 759 1225 cum
782 1163 922 1227 naturae
944 1162 1009 1226 line
1031 1180 1089 1226 seu
1111 1160 1196 1225 bono
1221 1160 1319 1225 situm
1335 1180 1407 1225 esee
1423 1180 1525 1242 agno-

269 1271 386 1344 scunt,
410 1267 542 1334 minime
556 1268 703 1353 impedit,
724 1268 895 1350 quominus
910 1268 944 1333 in
959 1268 1056 1333 huius
1070 1267 1240 1334 relationis
1257 1266 1526 1334 determinatione

269 1374 385 1457 magis
415 1374 615 1458 particulari,
646 1378 745 1458 atque
774 1375 823 1441 ita
852 1375 886 1440 in
914 1376 1125 1460 proponendo
1148 1373 1346 1441 moralitatis
1368 1373 1526 1458 principio

269 1501 376 1563 quam
399 1482 542 1547 maxime
565 1481 755 1547 dissideant.
800 1480 856 1547 Nil
880 1482 984 1563 igitur
1006 1482 1134 1560 mirum,
1159 1481 1244 1564 quod
1268 1502 1310 1546 ex
1333 1481 1406 1547 istis
1426 1482 1524 1547 etiam

269 1606 339 1651 non
365 1588 463 1671 pauci
486 1609 506 1653 a
526 1588 749 1673 ,positivismo
765 1588 899 1653 morali·
919 1608 985 1653 non
1000 1592 1070 1653 tam
1086 1608 1122 1653 re
1139 1608 1236 1671 quam
1251 1586 1401 1653 inanibus
1417 1588 1526 1653 verbis

270 1694 446 1771 recedant,
476 1693 500 1759 ii
529 1715 642 1760 omnes
671 1694 836 1773 videlicet,
867 1694 921 1776 qui
946 1714 1133 1778 supremum
1157 1697 1296 1760 naturae
1319 1694 1438 1759 bonum
1461 1715 1525 1760 non

270 1797 307 1863 in
333 1799 446 1881 aliquo
462 1800 624 1867 obiective
639 1800 831 1884 simpliciter
847 1800 1077 1877 determinato,
1101 1800 1158 1866 sed
1174 1802 1208 1866 in
1223 1822 1259 1866 re
1275 1804 1392 1883 suapte
1408 1804 1526 1866 natura

269 1905 503 1989 multipliciter
534 1906 772 1985 condicionata,
804 1908 956 1987 relativa,
988 1930 1046 1991 pro
1079 1907 1335 1973 accidentalibus
1364 1906 1526 1973 adiunctis

272 2012 432 2077 variabili
460 2012 558 2079 situm
589 2034 663 2079 esse
692 2016 817 2080 volunt.
864 2014 912 2079 Ut
942 2014 1025 2079 adeo
1055 2013 1088 2078 in
1115 2012 1231 2079 morali
1254 2012 1458 2097 philosophia
1481 2013 1524 2077 nil

271 2138 432 2199 umquam
462 2120 573 2185 verius
602 2120 725 2185 dictum
755 2120 799 2186 sit
822 2120 920 2185 'I'ullii
947 2120 1049 2185 verbo
1072 2120 1137 2185 iarn
1160 2140 1261 2203 supra
1283 2119 1327 2202 (n.
1355 2118 1431 2201 141)
1455 2119 1526 2184 lau-

272 2222 375 2289 dato:
411 2224 596 2303 ,Summum
625 2226 745 2291 bonum
776 2226 803 2291 si
826 2226 1010 2310 ignoratur,
1043 2225 1174 2291 vivendi
1198 2226 1358 2291 rationem
1382 2224 1527 2306 ignorari

273 2350 415 2396 necesse
438 2336 516 2397 est‘

369 2437 414 2503 ut
437 2460 516 2503 vero
540 2460 652 2504 omnes
676 2459 814 2517 errores,
838 2439 871 2504 in
896 2442 1068 2521 questum
1094 2440 1224 2503 veteres
1243 2442 1312 2503 tum
1329 2437 1527 2503 recentiores

272 2543 464 2629 philosophi
486 2545 683 2612 moralitatis
706 2545 898 2630 principium
922 2548 1108 2611 statuentes
1131 2544 1275 2628 prolapsi
1298 2548 1384 2619 sunt,
1414 2544 1526 2627 singil-

272 2650 371 2715 latim
402 2655 519 2717 notare
547 2652 681 2733 longum
706 2654 766 2728 est,
801 2650 930 2733 longius
954 2650 1054 2716 etiam
1078 2654 1213 2715 cunctas
1236 2649 1269 2713 in
1294 2671 1333 2715 ea
1358 2671 1394 2715 re
1417 2649 1526 2715 diver·

274 2760 397 2838 gentes
420 2757 599 2841 opiniones,
622 2758 697 2842 plus
720 2756 870 2823 minusve
892 2756 1030 2822 veritati
1053 2757 1364 2841 appropinquantes
1393 2754 1434 2820 ad
1458 2758 1525 2821 tru-

275 2862 383 2929 tinam
408 2884 575 2942 revocare,
599 2886 672 2930 cum
694 2864 735 2929 iis
757 2863 811 2929 vel
830 2862 1039 2929 recensendis
1055 2863 1216 2927 modicum
1232 2864 1383 2927 volumen
1398 2862 1526 2945 impleri

276 2974 394 3053 posset
404 2974 424 3036 ¹.
470 2970 570 3036 Iuvat
598 2972 707 3055 potius
737 2973 865 3045 cuncta,
896 2990 980 3052 quae
1004 2990 1157 3051 umquam
1181 2969 1350 3054 proposita
1373 2973 1448 3034 sunt
1473 2968 1524 3033 uel

275 3075 381 3140 etiam
390 3078 572 3159 excogitari
585 3078 721 3161 possint,
734 3077 933 3143 moralitatis
941 3077 1102 3161 principis
1113 3077 1289 3141 secundum
1301 3076 1523 3141 characterem

276 3181 433 3263 aliquem,
473 3205 537 3265 quo
575 3184 822 3267 generalissime
861 3184 1025 3261 differunt,
1065 3183 1096 3247 in
1138 3184 1294 3265 quasdam
1331 3181 1525 3247 distribuere

276 3291 406 3373 classes,
439 3293 478 3355 ut
506 3290 567 3355 hoo
594 3290 697 3355 veluti
720 3290 911 3373 compendio
933 3290 1137 3371 singulorum
1162 3288 1255 3354 valor
1278 3308 1321 3353 ex
1343 3288 1414 3371 ipsa
1438 3308 1525 3353 corn·

276 3395 370 3459 muni
401 3416 499 3477 quarn
529 3396 730 3480 participant
751 3396 860 3461 indole
883 3395 1062 3479 appretiari
1086 3398 1120 3460 et
1143 3393 1312 3459 diiudicari
1336 3414 1374 3459 eo
1397 3392 1526 3458 facilius

277 3522 317 3567 ac
347 3502 454 3567 tutius
483 3502 597 3585 possit.
645 3506 682 3568 ln
712 3503 839 3568 cunctis
862 3503 982 3586 quippe
1006 3502 1119 3567 videre
1142 3504 1193 3567 est
1217 3500 1359 3566 indolem
1385 3508 1441 3565 not
1474 3522 1524 3563 eu-

278 3609 542 3675 daemonisticnm
555 3618 611 3674 aul
628 3610 1041 3695 deontolopico-rntionnlem
1057 3609 1165 3689 aliquo
1178 3608 1274 3673 modo
1286 3606 1524 3691 praedominari

279 3715 332 3779 vel
364 3715 467 3780 etiam
496 3716 664 3781 exclusive
694 3716 869 3792 contineri,
900 3716 950 3781 ite
979 3718 1017 3781 ut
1046 3712 1120 3779 hinc
1150 3716 1425 3779 eudaemonismus
1454 3736 1525 3777 sen-

278 3823 393 3898 sualis,
416 3821 506 3887 illinc
521 3824 764 3888 ralionalismue
779 3826 912 3889 mmalis
926 3844 1030 3907 parus
1046 3842 1104 3885 seu
1120 3820 1306 3885 stoicismus
1326 3820 1459 3884 moralis
1474 3823 1525 3884 to-

278 3926 346 3992 tius
361 3928 470 4005 seriei,
493 3948 577 4010 quae
592 3932 714 4006 exstat,
743 3927 992 4012 ,principiorum
1007 3926 1220 3992 moralitatis“
1243 3929 1409 3991 extremos
1424 3926 1525 3991 utrin-

280 4054 341 4115 que
353 4032 478 4099 limites
490 4039 659 4119 occupent.
683 4034 774 4111 Quae
786 4034 873 4099 inter
884 4037 1059 4114 utrumque
1071 4032 1178 4099 media
1193 4036 1416 4109 numerantur,
1434 4031 1525 4097 vario

281 4140 377 4205 modo
408 4162 449 4206 ac
479 4143 585 4223 gradu
613 4142 808 4207 alterutrum
841 4140 933 4205 illum
963 4138 1150 4220 generalem
1183 4138 1422 4213 characterem,
1457 4136 1526 4202 sive

283 4292 483 4300 ——.-—-
497 4294 516 4299 ο
529 4294 574 4299 --
586 4294 591 4299 r

373 4380 381 4409 ¹
402 4376 443 4431 Of.
465 4377 606 4430 Christian
628 4379 726 4441 (laroc,
749 4363 894 4430 Ubersicht
911 4376 960 4429 der
978 4374 1173 4427 vornehmsten
1195 4374 1347 4443 Principien
1367 4374 1415 4427 der
1428 4372 1526 4428 Sitten-

282 4463 364 4527 lehre,
379 4462 493 4517 Breelau
508 4464 586 4519 1798.
611 4467 645 4517 Δ.
659 4466 910 4530 Remini-Sertori,
931 4463 1021 4518 Storia
1034 4462 1219 4533 comparativa
1233 4480 1247 4515 e
1260 4462 1356 4515 critica
1368 4460 1408 4515 de'
1422 4462 1526 4517 sistemi

282 4551 389 4605 intorno
409 4550 436 4604 al
454 4552 587 4621 principio
606 4551 679 4605 della
697 4549 807 4616 morale,
826 4552 928 4605 Milano
949 4552 1028 4607 1837.
1053 4550 1100 4607 Dr.
1113 4553 1163 4605 Fr.
1182 4553 1238 4605 Jos.
1260 4552 1343 4618 stein,
1363 4550 1526 4605 Historisch·

283 4640 415 4693 kritische
428 4639 606 4709 Darstellung
624 4640 671 4695 der
691 4640 913 4710 pathologiechan
926 4640 1167 4710 Moralprincipien
1185 4641 1239 4693 und
1259 4641 1363 4706 einiger
1382 4638 1455 4693 ihrer
1467 4658 1526 4693 vor·

284 4727 427 4783 nehmsten
439 4728 747 4797 Erecheinungsformen
760 4730 880 4783 eusdem
893 4730 1013 4785 socialen
1028 4730 1148 4791 Gebiete,
1162 4729 1242 4782 Wien
1258 4730 1335 4791 1871,
1348 4729 1402 4782 und
1416 4728 1526 4783 Studien

284 4819 350 4872 dher
361 4818 405 4871 die
417 4817 578 4873 rationellen
590 4818 828 4888 Morslprincipien
843 4818 948 4887 (1875).
974 4821 1031 4873 Suo
1048 4820 1124 4873 modo
1138 4817 1252 4887 deniqne
1266 4818 1348 4871 etism
1361 4819 1393 4871 Ε.
1406 4836 1429 4871 a.
1444 4819 1526 4871 Hord-

286 4924 375 4975 mana,
394 4908 468 4960 vium
487 4910 613 4961 sternens
630 4924 680 4961 suo
698 4906 787 4961 ethico
806 4906 986 4976 pessimismo,
1006 4907 1083 4961 varia
1101 4906 1264 4959 moralitatis
1283 4906 1415 4975 principia
1434 4906 1527 4959 critice

286 4993 414 5049 lustravit
431 4995 459 5049 in
478 5013 558 5065 opere
579 4994 841 5064 ,Phanomenologie
860 4996 908 5049 dee
926 4994 1065 5049 sittlichen
1085 4994 1311 5059 Bewusstseins‘,
1336 4994 1429 5047 Berlin
1450 4994 1526 5049 1879.
