3909 5842
682 649 724 705 De
742 648 915 721 passionibus
932 650 961 703 in
979 665 1088 716 genere.
1463 651 1505 719 95

261 828 335 895 boni
350 847 409 893 seu
425 826 558 904 malum,
574 826 646 910 ipse
661 848 754 891 umor
768 847 939 893 commune
953 830 1149 914 principium
1165 830 1306 895 omnium
1318 832 1507 915 passionum

262 937 349 1000 recte
364 933 496 1011 dicitur,
519 932 667 1017 proxime
684 932 812 1014 quidem
829 934 979 1011 istamm,
1004 954 1085 1017 quas
1100 934 1286 1017 primitivas
1300 939 1431 1013 vocant,
1455 956 1508 1001 re-

264 1044 347 1107 mote
362 1042 475 1105 autem
492 1042 527 1105 et
542 1038 743 1121 reliquarum
759 1039 902 1105 omnium
918 1043 1081 1123 quotquot
1097 1041 1139 1107 ab
1154 1040 1270 1107 iisdem
1283 1040 1475 1107 derivantur
1486 1046 1508 1109 ¹.

348 1148 380 1213 2.
404 1148 580 1212 Deriootne
595 1145 747 1211 dicuntur
761 1146 942 1229 passiones,
959 1167 1044 1230 quae
1059 1146 1102 1212 ab
1117 1146 1304 1229 originariis
1319 1150 1508 1226 nascuntur,

265 1252 438 1318 accedente
462 1251 510 1318 eis
532 1251 627 1334 quasi
650 1272 737 1317 nova
760 1251 868 1317 forma
891 1256 1049 1319 econatu
1073 1253 1221 1320 admixto
1244 1253 1420 1337 superandi
1446 1252 1508 1319 dif-

239 1393 241 1397 ·
263 1360 435 1438 ficultates,
453 1379 538 1441 quaa
552 1359 823 1444 propensionibus
838 1360 891 1426 vel
908 1361 1133 1427 aversionibus
1149 1361 1279 1427 obviam
1295 1364 1387 1427 fiunt.
1411 1359 1510 1425 Tales

265 1466 385 1549 pariter
397 1486 458 1531 sax
469 1469 691 1545 recensentur,
702 1487 841 1549 quarum
851 1470 922 1533 tres
934 1468 1077 1551 priores:
1094 1490 1173 1554 spes,
1188 1470 1340 1548 audacio,
1350 1468 1510 1553 plorintio,

265 1573 304 1639 ad
326 1573 445 1641 seriem
461 1574 697 1657 propensionis
721 1574 884 1657 reliquae:
909 1577 1097 1661 desperatio,
1122 1579 1226 1660 timor,
1249 1578 1314 1658 iro,
1333 1572 1375 1639 ad
1391 1572 1510 1638 seriem

265 1679 446 1747 aversionis
464 1679 641 1764 pertinent,
664 1680 712 1747 ita
735 1683 773 1745 ut
787 1680 937 1763 singuiae
952 1680 1090 1764 singulis
1106 1680 1310 1765 passionibus
1326 1678 1511 1761 originariis

265 1786 496 1871 respondeant,
520 1788 635 1852 addito
656 1794 797 1873 respectu
817 1789 862 1852 ud
876 1791 1034 1854 rationem
1050 1788 1150 1853 ardui
1164 1786 1235 1853 sive
1250 1787 1284 1853 in
1299 1788 1384 1853 bono
1400 1788 1511 1852 amato

267 1898 300 1960 et
321 1894 509 1959 desiderabo
532 1893 772 1975 consequendo,
794 1892 922 1959 sivein
945 1894 1044 1974 malo,
1069 1894 1155 1978 quod
1178 1894 1253 1961 odio
1275 1894 1417 1961 habetur
1438 1895 1512 1959 eta

268 2022 329 2084 quo
350 1999 520 2085 appetitus
541 1999 676 2081 refugit,
700 2000 896 2083 superando.

350 2108 396 2173 Et
418 2107 501 2171 haec
524 2106 666 2189 quidem,
697 2106 782 2188 quod
805 2106 848 2171 ad
871 2127 939 2173 rem
965 2106 1096 2184 attinet,
1121 2108 1162 2173 ab
1185 2105 1344 2189 Angelico
1368 2106 1512 2172 Doctorc

268 2218 301 2281 et
328 2214 498 2280 veteribus
520 2212 652 2279 ’nadita
681 2212 870 2297 passionum
896 2213 1033 2297 partitio
1057 2216 1118 2291 est,
1150 2234 1345 2296 quamquam
1370 2212 1459 2278 aliud
1482 2210 1514 2275 ei

268 2321 307 2387 ad
330 2339 534 2386 communem
557 2340 651 2385 usum
675 2319 874 2385 substituere
897 2340 1016 2386 nomen
1039 2319 1172 2405 placuit.
1220 2319 1311 2395 Quod
1341 2318 1426 2383 anim
1450 2316 1511 2400 ipsi

267 2426 434 2510 passiones
458 2426 540 2491 alias
565 2424 859 2511 ,concupiscibilis“
886 2425 1025 2509 (scilicet
1047 2424 1240 2510 potentiae),
1268 2424 1351 2493 alias
1377 2426 1513 2507 ,irasci-

269 2531 357 2598 bilis“
384 2553 459 2597 esse
489 2532 651 2610 dicebant,
681 2552 747 2597 non
776 2532 865 2598 aliud
895 2536 1008 2599 tamen
1035 2532 1086 2597 his
1109 2532 1277 2599 vocabulis
1301 2528 1513 2613 eomprehen-

269 2638 394 2717 derunt,
426 2660 524 2721 quam
555 2639 640 2721 quod
671 2641 707 2705 et
735 2642 850 2704 nostra
873 2638 992 2704 divisio
1015 2638 1049 2703 in
1072 2642 1270 2726 oripinnrios
1293 2642 1328 2705 ct
1352 2639 1513 2703 derivatus
1580 2643 1584 2651 “

268 2743 441 2827 significat.
488 2745 647 2811 solebant
676 2745 795 2830 quippe
825 2744 858 2810 in
889 2744 1039 2829 appetitu
1067 2745 1225 2812 sensitivo
1256 2744 1387 2829 (,pa1te
1411 2741 1514 2809 sensi·
1605 2748 1607 2751 ’

270 2850 354 2917 tiva“
382 2887 428 2896 -
456 2849 726 2934 ,sensualitate“)
756 2871 815 2935 pro
847 2850 978 2917 diverso
1008 2850 1105 2915 modo
1128 2850 1295 2935 operandi,
1326 2849 1382 2933 qui
1410 2848 1444 2913 in
1474 2868 1513 2913 eo

270 2961 424 3041 apparet,
460 2960 615 3045 duplicem
651 2957 869 3041 appetitivam
903 2956 1086 3042 potentiam
1121 2957 1339 3040 distinguere:
1375 2956 1514 3021 alteram

274 3063 606 3148 ,concupiscibilem“‚
638 3065 778 3130 alteram
813 3063 1045 3142 ,irascibilem“
1080 3068 1317 3147 nuncupatam,
1347 3059 1513 3145 proprium

270 3170 398 3251 utrique
422 3168 565 3235 officium
588 3171 807 3253 assignantes.
853 3170 906 3237 Ita
929 3171 1084 3236 videlicet
1107 3170 1139 3236 S.
1164 3170 1322 3235 Thomas:
1351 3166 1515 3245 ,Necesse

270 3279 328 3351 est,
352 3274 441 3359 quod
463 3276 497 3341 in
519 3281 615 3360 parte
639 3276 797 3343 sensitiva
820 3277 887 3343 sint
910 3277 995 3344 duae
1011 3276 1213 3363 appetitivae
1228 3274 1411 3361 potentiae:
1439 3293 1512 3353 unu,

269 3404 327 3465 per
349 3404 450 3466 quam
474 3382 583 3449 anima
605 3382 799 3468 simpliciter
820 3382 997 3450 inclinatur
1020 3384 1062 3449 ad
1080 3382 1341 3468 prosequendum
1357 3400 1407 3457 ea,
1432 3396 1515 3460 quae

271 3492 345 3555 sunt
368 3489 601 3554 convenientia
623 3491 801 3555 secundum
831 3510 973 3567 sensum,
1006 3493 1040 3555 at
1063 3490 1106 3556 ad
1129 3488 1356 3571 refugiendum
1386 3484 1514 3562 nociva,

271 3595 409 3662 ethaeo
434 3595 552 3661 dicitur
573 3592 844 3681 concupiscibilis·
867 3598 934 3662 ulio
949 3617 1039 3675 vero,
1064 3618 1123 3681 per
1146 3616 1243 3679 quam
1267 3594 1376 3660 anima
1391 3589 1516 3657 resistit

270 3700 549 3787 impugnantibus,
580 3724 664 3785 quae
695 3703 925 3768 convenientia
953 3702 1148 3787 impugnant
1179 3705 1213 3768 et
1243 3701 1437 3767 nocumenta
1466 3697 1516 3761 in-

271 3806 398 3887 ferunt,
430 3813 465 3875 ot
487 3809 569 3874 haec
592 3810 644 3874 vis
667 3814 807 3875 vocatur
828 3810 1024 3892 irascibilis;
1054 3810 1140 3875 unde
1170 3808 1299 3887 dicitur,
1330 3806 1416 3890 quod
1446 3803 1517 3869 eius

272 3914 434 3982 obiectum
464 3918 516 3981 est
546 3917 695 3999 arduum,
726 3915 803 3998 quia
826 3916 953 3981 scilicet
975 3914 1084 3982 tendit
1107 3914 1149 3981 ad
1172 3915 1244 3995 hoc,
1275 3913 1360 3997 quod
1384 3914 1518 3995 superet

272 4020 438 4087 contraria
462 4025 496 4086 et
519 4022 762 4105 superemineat
786 4021 888 4087 eis.“2
933 4020 1044 4104 Atque
1068 4022 1115 4088 ita
1138 4022 1326 4106 passionum
1351 4019 1392 4085 ad
1416 4019 1517 4085 alter-

271 4130 379 4193 utram
402 4127 584 4213 potentiam
608 4128 726 4194 relatio
751 4128 882 4193 obvium
906 4150 963 4193 aas
987 4132 1021 4193 at
1045 4126 1208 4197 dividendi
1233 4131 1267 4194 et
1288 4122 1517 4191 denominandi

272 4230 520 4299 fundamentum
544 4236 786 4319 suppeditabat.

358 4340 463 4404 Porro
496 4340 583 4405 inter
618 4362 730 4407 omnes
764 4340 935 4426 passiones
969 4341 1017 4407 ita
1050 4340 1258 4419 distributae,
1293 4358 1377 4421 quae
1409 4334 1517 4419 specie

274 4444 462 4512 differentes
485 4447 634 4513 undecim
658 4450 904 4527 numeranturi,
929 4448 960 4514 S.
978 4448 1120 4513 Thomas
1140 4450 1216 4532 post
1232 4444 1404 4511 Boethium
1430 4451 1518 4529 quai-

275 4559 344 4617 tuor
360 4554 558 4639 principales
574 4554 758 4637 distinguit.
790 4552 889 4620 Tales
905 4576 978 4619 esse
995 4558 1170 4620 censentur
1183 4554 1351 4639 pendium,
1376 4552 1518 4632 tristitia,

364 4731 374 4761 ¹
393 4730 422 4782 S.
438 4729 530 4782 iborea
545 4730 567 4793 l,
587 4728 612 4795 2,
631 4746 657 4797 q.
671 4729 714 4793 26,
733 4746 758 4784 a.
772 4730 797 4794 2,
817 4746 944 4795 amorem,
963 4732 995 4783 ut
1013 4732 1056 4784 est
1074 4726 1237 4800 prinoipium
1255 4730 1346 4780 motus
1365 4722 1518 4795 appetitivi,

275 4834 322 4887 per
339 4817 495 4885 analogiam
514 4821 654 4889 comparat
671 4836 734 4872 cnm
752 4818 780 4871 vi
800 4816 949 4886 gravitatis
965 4821 1106 4888 tamquam
1126 4816 1258 4889 principio
1277 4818 1367 4870 motus
1384 4812 1519 4869 naturalis

275 4923 423 4977 corporum.

363 4994 420 5048 ’8.
440 4993 522 5047 theol.
544 4995 567 5059 1,
586 5012 612 5063 q.
631 4994 674 5060 81,
693 5012 718 5048 a.
738 4994 765 5049 2.
882 4994 938 5049 ³8.
957 4993 1041 5049 theol.
1064 4996 1086 5059 l,
1106 4995 1130 5060 2,
1150 5010 1176 5063 q.
1196 4993 1239 5059 23,
1259 5010 1282 5046 a.
1303 4995 1328 5047 4.
