3909 5842
426 677 491 740 242
656 672 745 729 Sentio
763 674 785 727 1.
822 673 902 729 Liber
920 673 967 728 llL
1006 671 1094 744 crput
1112 673 1146 728 ΙΙ,
1183 672 1323 727 Articulus
1341 674 1366 727 5.
1404 673 1464 740 5¹·

426 854 558 933 queant.
590 851 682 918 Haec
705 851 803 931 enirn,
828 873 900 918 curn
925 851 994 918 sint
1020 851 1262 931 ,conclusiones
1285 850 1398 935 primis
1413 849 1582 934 principiis
1598 869 1672 932 pro-

426 956 598 1041 pinquae‘‚
627 957 733 1039 iisque
763 977 822 1042 per
852 977 889 1023 se
911 958 998 1023 notis
1022 961 1057 1024 et
1079 956 1200 1023 nemini
1223 977 1286 1022 non
1312 955 1527 1034 evidentibus,
1556 977 1618 1040 per
1639 977 1673 1022 ee
1786 993 1787 1010 ι

427 1066 618 1147 necessaria,
641 1065 733 1130 obuio
756 1073 784 1130 et
804 1064 900 1147 facili
922 1067 1124 1130 illationem
1138 1066 1204 1130 iltis
1218 1065 1333 1148 fluunt,
1357 1061 1492 1146 proinde
1507 1061 1672 1128 rationem

427 1170 594 1236 evolutam
617 1175 652 1236 et
674 1171 717 1236 ed
740 1191 817 1236 suos
839 1170 991 1256 proprios
1006 1173 1101 1238 actus
1117 1169 1303 1253 expeditam
1321 1169 1427 1235 latere
1442 1189 1506 1234 non
1522 1177 1671 1252 possunt.

427 1275 548 1352 Quodsi
570 1276 673 1358 igitur
695 1276 904 1343 nihilominus
927 1276 1075 1342 accidere
1097 1275 1256 1354 videmus,
1287 1279 1324 1342 ut
1354 1295 1395 1341 ea
1424 1275 1464 1340 de
1492 1274 1584 1340 facto
1611 1274 1673 1339 ali·

427 1383 557 1464 quando
586 1383 780 1464 ignorentur
808 1385 867 1450 aut
895 1382 1042 1465 ignorari
1074 1382 1257 1461 videantur,
1287 1402 1418 1448 causam
1442 1380 1585 1463 aliquam
1608 1379 1673 1464 ipsi

427 1488 674 1572 intellegentiae
697 1497 860 1556 externam
883 1475 1102 1556 intervenisse
1126 1509 1260 1554 neeesse
1283 1492 1345 1567 eet,
1372 1486 1556 1552 suasionem
1582 1487 1675 1552 vide-
1787 1529 1788 1532 =

427 1596 505 1660 licet
526 1595 675 1679 proxime
698 1596 752 1660 vel
774 1601 899 1662 remote
923 1618 1061 1684 apruno
1078 1598 1235 1662 uoluntate
1249 1595 1442 1680 profectam,
1466 1593 1676 1678 passionibus

428 1702 502 1768 dein
526 1705 642 1767 contra
665 1701 797 1768 saniora
819 1702 939 1770 iudicia
960 1702 1187 1787 multipliciter
1209 1701 1366 1770 nutritam
1392 1704 1426 1765 et
1449 1700 1603 1766 diuturna
1617 1701 1676 1764 vel

428 1809 496 1874 late
527 1812 681 1892 serpente
714 1809 948 1875 consuetudine
977 1813 1172 1876 sustentem.
1219 1808 1271 1874 Ita
1300 1812 1333 1873 et
1357 1807 1390 1873 S.
1414 1807 1556 1873 Thomas
1585 1807 1677 1872 inter

428 1934 555 1994 causas,
586 1915 702 1998 quibus
732 1917 789 1982 lex
817 1915 988 1996 naturalis,
1020 1920 1177 2000 quantum
1203 1915 1243 1981 ad
1267 1918 1445 2000 praecepta
1467 1911 1676 1988 secundaria,

429 2019 635 2102 aliquatenus
659 2021 760 2088 deleri
783 2021 823 2087 de
847 2021 999 2088 cordibus
1014 2021 1179 2088 hominum
1195 2021 1309 2106 possit,
1333 2019 1507 2104 praecipue
1522 2023 1678 2084 recenset

432 2127 555 2204 ,malas
578 2128 816 2212 persuasiones,
840 2148 963 2212 pravas
986 2127 1236 2193 consuetudines
1252 2130 1286 2192 et
1300 2125 1432 2192 habitus
1448 2127 1639 2209 corruptos*
1653 2129 1675 2190 ¹.

429 2235 500 2298 lom
523 2255 595 2299 vero
618 2233 696 2300 talis
719 2235 906 2316 ignorantia
928 2255 950 2300 a
973 2233 1153 2300 voluntatis
1176 2233 1257 2300 vitio
1281 2238 1315 2299 et
1338 2255 1359 2299 a
1381 2237 1493 2316 spreto
1516 2232 1676 2297 anteriori
1789 2251 1790 2260 ¹

429 2338 565 2405 rationis
588 2340 708 2406 lumine
731 2341 921 2424 procedens,
946 2361 1009 2404 non
1033 2339 1238 2418 invincibilis,
1262 2339 1320 2405 sed
1343 2339 1499 2404 vincibilis
1522 2342 1582 2416 est,
1607 2339 1676 2404 alio

429 2445 558 2526 quidem
580 2447 686 2528 gradu
709 2451 744 2513 et
767 2447 862 2512 modo
885 2446 918 2511 in
942 2446 1012 2512 eius
1035 2445 1148 2530 primis
1172 2445 1370 2523 auctoribus,
1400 2443 1463 2510 slio
1486 2445 1519 2509 in
1542 2443 1592 2522 iis,
1617 2447 1674 2527 qui
1789 2431 1790 2436 ἵ

429 2571 451 2616 a
473 2552 706 2618 consuetudine
728 2553 793 2617 iam
817 2552 951 2618 inducta
973 2573 1117 2618 errorem
1139 2551 1328 2618 hauserunt.
1361 2551 1398 2616 In
1421 2550 1472 2614 his
1494 2549 1579 2615 enim
1596 2549 1675 2632 (uisi

429 2657 516 2724 forte
538 2678 597 2741 per
612 2658 842 2725 hereditariam
859 2660 1080 2743 corruptelam
1096 2659 1137 2724 ab
1153 2659 1226 2742 ipsa
1240 2657 1311 2723 fere
1325 2657 1518 2740 integritate
1535 2663 1678 2722 naturae

431 2763 602 2830 rationalis
622 2767 657 2829 et
679 2768 816 2829 eatenus
839 2786 859 2830 a
882 2763 1070 2830 condicione
1094 2763 1284 2842 exciderint,
1310 2783 1408 2846 quarn
1430 2762 1462 2828 in
1486 2761 1572 2828 thesi
1596 2783 1677 2846 sup·

431 2867 594 2952 ponimus)
617 2889 682 2932 non
705 2874 773 2934 tem
796 2867 869 2953 ipsa
884 2869 1072 2953 ignorantia
1088 2889 1184 2951 quam
1201 2869 1270 2935 eius
1284 2870 1520 2954 perseverantia
1536 2873 1679 2934 eatenus

432 2973 593 3039 vincibilis
616 2980 651 3041 et
673 2974 843 3059 culpabilis
871 2975 1009 3041 dicenda
1039 2980 1100 3054 est,
1132 2975 1217 3058 quod
1240 2979 1443 3062 praelucente
1466 2977 1527 3042 eibi
1551 2979 1680 3042 ratium

429 3103 487 3167 per
506 3085 615 3167 primo
638 3084 716 3168 lepis
736 3084 900 3167 principia
915 3082 986 3148 fieri
1002 3102 1066 3146 non
1083 3085 1202 3166 potest,
1227 3081 1304 3164 quin
1320 3079 1496 3147 identidem
1512 3080 1545 3144 in
1561 3101 1677 3146 eorum

430 3187 649 3272 applicatione
679 3191 798 3253 testem
830 3192 954 3254 rectam
987 3186 1147 3252 rationem
1175 3187 1330 3264 sentiant,
1361 3189 1396 3252 et
1418 3185 1575 3268 siquidem
1601 3207 1676 3252 eem

430 3294 571 3361 fideliter
593 3295 685 3378 sequi
708 3279 821 3371 velint,
846 3293 916 3360 Deo
938 3293 1142 3377 providente,
1173 3293 1310 3360 ulterius
1334 3292 1432 3360 etiam
1456 3293 1490 3358 in
1513 3291 1596 3375 legis
1619 3314 1678 3359 eo·

410 3401 577 3492 'gnitione
608 3400 789 3484 proficiant.
836 3399 881 3466 m
912 3421 991 3466 vero
1021 3400 1054 3466 in
1085 3400 1207 3466 nativis
1237 3399 1337 3465 etism
1367 3397 1524 3465 eiusmodi
1547 3421 1678 3466 morum

430 3507 574 3575 tenebris
604 3507 757 3589 frequens
783 3507 901 3573 saltem
932 3506 1094 3573 dubitetis
1122 3506 1163 3571 de
1186 3505 1330 3572 liceitate
1352 3526 1485 3572 suarum
1509 3505 1676 3572 actionum
1791 3503 1792 3516 ¹

431 3634 560 3678 omnem
593 3612 754 3678 sinceram
788 3617 930 3678 mentem
965 3613 1083 3679 subeat
1116 3633 1251 3679 necesse
1283 3617 1344 3679 est.
1390 3611 1531 3678 Dubium
1563 3617 1676 3678 autem
1791 3687 1792 3694 p

431 3718 519 3803 parit
551 3719 783 3784 conscientiam
821 3719 1030 3801 obligationis
1064 3719 1201 3785 ulterius
1233 3717 1420 3802 indagandi.
1473 3717 1530 3784 (lui
1559 3717 1587 3784 si
1617 3718 1675 3784 ob-

431 3829 644 3907 temperatur,
667 3825 773 3890 fidelis
796 3831 848 3892 est
864 3827 962 3904 Deus,
987 3825 1041 3909 qui
1064 3829 1133 3892 tarn
1150 3824 1280 3890 obvium
1296 3823 1434 3890 rationis
1449 3824 1558 3890 lumen
1574 3844 1676 3907 quee-

432 3931 517 3996 renti
547 3931 660 3997 deesse
691 3953 755 3998 non
778 3933 933 4017 patietur.
981 3932 1015 3999 Si
1042 3933 1100 3998 illa
1123 3936 1239 3998 contra
1261 3930 1458 4013 neglegitur,
1488 3929 1677 4013 ignorantia

352 4077 360 4092 ·
431 4037 507 4104 inde
529 4037 710 4122 perdurans
733 4060 771 4104 eo
795 4039 865 4122 ipso
889 4039 986 4122 culpa
1009 4057 1128 4103 vacare
1151 4057 1214 4104 non
1238 4042 1358 4122 potest.
1398 4037 1484 4104 Hinc
1507 4039 1677 4122 spostolus

432 4143 529 4224 (Rom
551 4147 581 4220 2,
607 4145 752 4224 12-16)
776 4143 954 4209 universim
977 4147 1095 4226 gentes
1119 4143 1277 4208 obnoxius
1300 4142 1371 4208 iore
1394 4143 1512 4210 iudicio
1532 4149 1676 4212 testetur

432 4249 608 4315 secundum
637 4271 737 4334 ,opus
759 4251 843 4332 legis
866 4250 1023 4334 scriptum
1044 4249 1077 4315 in
1094 4249 1243 4315 cordibus
1259 4249 1337 4328 suis,
1362 4250 1584 4316 testimonium
1601 4251 1675 4316 red·

431 4357 529 4422 dente
552 4355 617 4420 illis
640 4357 839 4424 conscientia
862 4357 1039 4442 ipsorum“.

432 4493 498 4566 272.
589 4491 749 4566 Probatur
770 4513 847 4586 pm
870 4493 910 4565 ll.
957 4498 1176 4562 Particulores
1199 4499 1244 4562 oet
1268 4499 1448 4562 remotiores
1464 4501 1677 4566 conclusiones

432 4603 657 4667 occidentalem
682 4624 819 4667 errorem
843 4605 937 4667 etium
962 4605 1169 4668 invincibilem
1195 4625 1259 4668 non
1283 4604 1460 4669 recludunt.

522 4708 613 4772 Haec
636 4708 776 4773 assertio
799 4729 863 4772 non
887 4711 955 4774 tam
981 4708 1172 4792 probatione
1196 4731 1291 4792 quam
1317 4709 1427 4792 aliqua
1456 4711 1677 4795 explicatione

432 4813 566 4896 indiget,
591 4835 663 4879 cum
686 4814 760 4897 ipsa
782 4813 919 4879 docente
945 4815 1109 4880 cotidiana
1132 4816 1334 4899 experientia
1354 4816 1437 4883 satis
1458 4837 1518 4901 per
1533 4839 1570 4884 se
1585 4824 1679 4887 cents

523 4987 577 5042 ιε.
596 4987 677 5042 neor.
700 4989 722 5050 r,
742 4989 767 5052 a,
786 5006 811 5057 q.
832 4989 874 5054 94,
893 5005 918 5042 a.
938 4989 969 5051 o,
990 5005 1016 5056 q.
1036 4989 1078 5052 rr,
1098 5005 1122 5042 a.
1142 4987 1166 5042 a.
