3909 5842
799 671 966 742 Conspectus
984 690 1083 728 rerum.

390 847 587 902 Articulus
606 848 631 903 3.
667 846 774 901 Natura
792 848 862 903 iuris
881 866 896 902 a
915 848 973 903 suis
992 849 1134 903 elementis
1152 848 1360 919 investigatur.
1435 892 1440 903 .

426 936 487 1004 fil.
518 936 559 990 De
577 935 669 989 officio
686 937 714 989 in
733 954 833 1004 genere
872 979 1438 992 ........
1514 943 1519 959 “

426 1024 486 1091 52.
518 1021 558 1077 De
576 1023 635 1077 iure
654 1042 702 1093 pro
720 1024 835 1079 iuridica
852 1029 990 1096 potestate
1009 1027 1121 1097 accepto
1195 1069 1199 1078 .
1274 1068 1279 1078 .
1355 1068 1360 1078 .
1436 1070 1440 1078 .

465 1114 619 1167 Corollaria
630 1154 1278 1169 .........
1330 1158 1358 1177 ,.
1434 1158 1439 1169 .

463 1204 618 1255 Scholiam:
634 1201 681 1256 lus
700 1206 729 1256 et
750 1202 930 1268 ‚iurisdictio‘
954 1246 1439 1257 .......

426 1290 443 1359 5
463 1291 488 1344 3.
519 1289 628 1344 Relatio
645 1290 760 1345 iuridioa
792 1333 1439 1347 .........

480 1381 514 1432 A.
533 1378 600 1432 Eius
618 1379 741 1449 analysis
759 1380 913 1447 ontologico
953 1422 1439 1435 .......

545 1468 564 1523 Ι.
585 1467 624 1521 De
642 1468 766 1521 subiecto
785 1472 813 1521 et
830 1469 946 1523 termino
965 1468 1032 1522 iuris
1115 1511 1439 1525 .....

587 1556 755 1625 Principium
774 1556 892 1627 primum
954 1599 1440 1611 .......

465 1645 621 1696 Corollaria
711 1686 717 1696 .
792 1688 796 1696 .
953 1690 956 1694 .

587 1732 755 1803 Principium
773 1734 889 1788 alterum
955 1776 1440 1789 .......

466 1822 649 1875 Corollarlam
710 1865 716 1876 .
791 1867 796 1877 .
871 1866 876 1877 .
954 1868 958 1875 .

528 1910 561 1963 II.
582 1909 622 1963 De
640 1911 756 1965 materia
774 1912 842 1967 iuris
874 1953 1440 1967 ........

586 1998 720 2053 Generale
738 2000 900 2070 principium
954 2042 1441 2055 .......

516 2087 564 2141 lll.
583 2086 624 2140 Da
642 2087 723 2141 titulo
742 2088 809 2141 iuris

482 2264 513 2318 Β.
533 2265 662 2319 coactiva
679 2266 749 2319 iuris
766 2265 962 2320 inviolabilitas
1036 2310 1441 2323 ......

545 2354 566 2408 Ι.
585 2355 616 2408 In
635 2372 690 2423 qua
708 2354 844 2408 obiectiva
861 2356 967 2409 ratione
986 2355 1116 2410 fundetur·
1195 2400 1199 2410 .
1275 2399 1280 2410 .
1355 2400 1360 2411 .

529 2444 564 2497 ΙΙ.
585 2444 699 2497 Ouinam
717 2445 840 2498 subiecto
859 2444 973 2513 cogendi
991 2448 1114 2515 potestas
1134 2450 1271 2517 competat
1355 2489 1360 2500 .
1435 2489 1440 2499 .

517 2532 567 2585 lll.
586 2530 645 2597 Qua
669 2532 834 2587 necessitate
852 2533 977 2587 coactiva
995 2532 1062 2587 iuris
1087 2534 1283 2589 inviolabilitas
1300 2535 1442 2605 physicam

588 2620 702 2688 cogendi
721 2623 884 2691 potestatem
902 2620 954 2674 sibi
973 2625 1099 2675 comitem
1118 2623 1240 2692 requirat
1277 2664 1282 2676 .
1357 2666 1363 2676 .

358 2724 463 2780 'illesis
480 2725 589 2781 XLIII.
615 2725 745 2781 coactiva
763 2726 967 2791 inviolabilitas,
986 2745 1056 2797 quae
1074 2732 1166 2781 notam
1186 2728 1360 2783 essentialem
1378 2728 1445 2783 iuris

431 2814 580 2878 constituit,
599 2811 811 2885 independenter
829 2834 846 2869 a
858 2815 973 2886 physica
992 2816 1114 2886 potentia
1132 2816 1280 2871 coactionis
1296 2817 1445 2872 efficaciter

433 2904 601 2957 exercendae
619 2904 753 2971 subsistit,
771 2905 812 2959 ita
829 2908 861 2959 ut
878 2905 921 2958 ius
940 2904 1097 2974 ceteroquin
1115 2904 1238 2973 legitimo
1257 2904 1337 2959 titulo
1350 2906 1444 2959 funda·

430 2996 488 3046 tum
514 3010 563 3062 per
586 3010 617 3045 se
635 2992 743 3046 firmum
763 2995 791 3046 et
809 2992 945 3061 integrum
970 2996 1094 3058 maneat,
1121 2994 1227 3047 etiamsi
1253 3011 1302 3063 per
1320 2994 1446 3049 accidens

431 3082 503 3133 omni
521 3080 636 3150 pbysico
653 3080 788 3151 praesidio
807 3080 867 3134 sive
885 3080 993 3149 publico
1012 3081 1071 3135 sive
1090 3082 1197 3151 privato
1217 3082 1381 3136 destituatur
1437 3125 1442 3135 .

469 3169 653 3222 Corollarlam
1215 3220 1217 3223 .

466 3257 595 3309 Nolendo
613 3259 650 3309 ad
667 3258 807 3310 aoloertdaa
824 3258 997 3324 difficultates
1037 3300 1442 3313 ......

394 3359 591 3413 Articulus
608 3362 634 3415 4.
672 3360 797 3415 (lenuina
821 3362 889 3415 iuris
907 3361 968 3415 idea
988 3366 1016 3415 et
1040 3362 1196 3416 individuus
1215 3380 1303 3417 nexus
1322 3382 1381 3418 cum
1403 3383 1442 3419 or·

465 3448 526 3501 dine
545 3448 680 3503 obiectivo
698 3450 793 3504 morali
812 3451 984 3505 concluditur
1035 3493 1441 3507 ......

430 3538 490 3603 fil.
522 3538 568 3591 Ius
587 3556 648 3591 cum
674 3540 802 3593 universo
828 3540 921 3594 ordine
946 3540 1042 3595 morali
1067 3558 1235 3595 communem
1255 3542 1385 3611 originem
1405 3542 1442 3596 di-

518 3628 611 3682 vinam
629 3629 776 3700 participat
794 3670 1440 3685 .........

357 3732 461 3788 'l'basis
477 3732 582 3790 xilv.
604 3732 691 3788 Omne
708 3734 752 3789 ius
770 3734 920 3788 formaliter
939 3751 993 3803 qua
1011 3734 1075 3799 tale,
1093 3736 1111 3789 i.
1125 3754 1148 3790 s.
1168 3738 1315 3791 secundum
1335 3738 1444 3791 irrefra-

429 3822 547 3889 gabilem
566 3839 646 3875 suum
664 3823 788 3890 vigorem
806 3824 1014 3888 consideratum,
1034 3841 1049 3877 e
1068 3842 1238 3893 quocumque
1257 3826 1332 3879 fonte
1351 3826 1442 3880 imme·

430 3911 504 3964 diato
522 3912 683 3977 manaverit,
701 3912 747 3966 vel
764 3911 953 3980 undecumque
970 3912 999 3965 in
1018 3912 1176 3981 particulari
1189 3930 1266 3967 suam
1278 3914 1379 3967 realem
1399 3914 1443 3969 de·

431 4001 649 4054 terminationem
668 4002 819 4071 acceperit,
838 4020 855 4055 a
874 4002 967 4056 divina
986 4001 1092 4055 demum
1112 4002 1276 4057 auctoritate
1295 4004 1443 4069 descendit,

431 4104 517 4157 caque
535 4088 594 4142 sola
612 4089 740 4143 subsistit
794 4130 1441 4144 .........

469 4178 624 4231 Corollaria
632 4219 1441 4234 ...........

465 4269 594 4321 Notarda
612 4269 650 4320 ad
667 4268 806 4321 solvendas
823 4268 996 4334 difficultates
1035 4309 1440 4322 ......

430 4356 490 4423 52.
522 4356 568 4409 Ius
586 4359 712 4426 estpars
731 4356 899 4410 constituens
918 4356 1047 4409 obiectivi
1065 4356 1166 4410 ordinis
1185 4356 1297 4410 moralis
1356 4399 1361 4411 .
1436 4400 1441 4411 .

357 4460 460 4516 Thasia
477 4461 567 4518 XLV.
604 4459 644 4515 Dc
663 4464 768 4516 ratione
793 4462 860 4515 iuris
879 4465 935 4527 est,
961 4464 1065 4515 utnon
1083 4465 1189 4516 tautum
1215 4461 1361 4529 originaria
1380 4478 1443 4530 qua·

431 4549 492 4603 dam
512 4556 541 4604 et
558 4550 639 4604 ideali
658 4550 833 4618 cognatione,
859 4550 907 4603 sed
926 4550 1067 4604 essentiali
1085 4552 1190 4604 unitate
1209 4550 1310 4617 iugiter
1327 4549 1365 4603 sit
1383 4567 1445 4604 cum

429 4638 583 4691 moralitate
602 4656 742 4702 conexum,
761 4637 780 4692 i.
800 4655 823 4691 e.
842 4654 896 4691 non
914 4641 1038 4707 practer,
1057 4638 1104 4691 sed
1124 4639 1197 4692 intra
1217 4638 1381 4691 obiectivum
1401 4656 1443 4691 or·

431 4726 519 4780 dinem
538 4726 667 4780 moralem
686 4728 845 4781 universum
863 4729 1003 4795 tamquam
1024 4743 1087 4797 pars
1106 4726 1164 4780 eius
1184 4725 1363 4780 constitutiva
1381 4726 1442 4781 sub-

430 4814 531 4869 sistens
553 4856 1440 4869 ............

468 4903 622 4957 Corollaria
632 4944 1440 4959 ...........

467 4992 876 5047 Sabellam:Concluditnrvera
883 4992 980 5046 relatio
988 4993 1060 5047 inter
1068 4993 1208 5047 scientiam
1217 4992 1283 5046 iuris
1291 4992 1443 5048 etsthicam

1324 5080 1360 5134 b*

1514 1474 1567 1527 382

1514 1560 1566 1613 383

1514 1648 1567 1703 383

1480 1766 1483 1772 -
1515 1738 1568 1791 384

1515 1827 1567 1881 385

1515 1916 1567 1970 385

1514 2003 1567 2057 385

1515 2092 1567 2147 386

1514 2181 1567 2236 387

1514 2272 1567 2325 389

1436 2402 1440 2410 .
1514 2362 1568 2415 390

1515 2450 1564 2503 391

1437 2664 1443 2676 .
1517 2624 1569 2679 393

1515 3456 1568 3509 399

1514 3634 1568 3687 399
