3909 5842
434 694 587 766 Essentiule
606 710 751 765 discrimen
769 712 841 766 inter
860 712 960 766 bonnm
979 714 1008 765 et
1026 710 1126 766 malurn
1145 709 1247 765 morule
1266 710 1406 766 asseritur.
1480 716 1543 779 115

291 889 420 973 Anglia
442 890 528 955 John
554 891 666 956 Sicori
691 890 764 956 Mill
788 888 1049 975 (reue—1873),
1073 888 1270 974 praecipuus
1292 894 1369 973 post
1389 890 1547 956 Benthcm

297 994 542 1075 ,utilitatismi“
578 994 663 1073 dux,
695 995 841 1062 excoluit
869 997 1002 1079 suisque
1034 995 1206 1080 operibusl
1242 996 1311 1061 late
1339 996 1548 1080 propagavit.

299 1102 569 1180 „Positivismus‘
596 1101 679 1167 haec
702 1102 909 1186 philosophia
932 1102 1034 1181 audit,
1058 1102 1145 1185 quod
1168 1102 1290 1185 spretis
1314 1102 1548 1187 metaphysicis

294 1208 546 1276 deductionibus
560 1228 625 1273 non
640 1208 708 1273 alia
734 1208 928 1286 ‚scientiae“
956 1209 1152 1275 documenta
1174 1208 1238 1273 nisi
1265 1208 1449 1293 „positioc“‚
1473 1208 1493 1275 i.
1519 1230 1547 1276 e.

292 1314 639 1397 historico-empirica,
664 1315 823 1397 agnoscit.
856 1314 1060 1397 Quamquam
1083 1314 1185 1397 igitur
1207 1314 1371 1379 internam
1388 1318 1422 1381 et
1438 1336 1548 1381 essen-

260 1419 264 1423 ’
293 1422 413 1488 tialem
442 1420 605 1487 rationem
636 1418 832 1485 discriminis
861 1420 996 1485 moralis
1021 1420 1186 1486 actionum
1209 1441 1274 1486 non
1297 1422 1332 1485 in
1356 1430 1548 1488 antecessum

294 1533 412 1613 negat,
441 1548 514 1593 eam
536 1531 649 1593 tamen
671 1526 744 1610 ipsa
766 1527 829 1592 hac
852 1527 998 1611 eceptica
1020 1526 1178 1593 scientiae
1200 1526 1398 1593 limitatione
1420 1528 1474 1593 vel
1497 1532 1548 1594 ta-

296 1635 367 1701 cite
388 1633 550 1699 infitiatur
572 1634 627 1697 vel
650 1632 747 1698 dubie
769 1654 962 1717 suspensam
987 1633 1151 1716 relinquit.
1185 1633 1319 1699 Reiecto
1343 1633 1428 1699 enim
1444 1638 1549 1701 mets·

295 1740 457 1825 physicae
480 1738 675 1821 cognitionis
698 1738 800 1817 fonte‚
829 1738 907 1822 quid
931 1739 1060 1805 demum
1085 1738 1285 1806 dehoneste
1309 1742 1344 1805 et
1366 1738 1548 1819 inhonesto,

296 1847 341 1912 de
371 1846 458 1911 insto
489 1849 523 1911 et
549 1843 672 1911 iniusto
695 1844 852 1910 historica
875 1844 1091 1929 experientia,
1122 1844 1197 1927 quid
1223 1844 1493 1929 anthropologiae
1516 1852 1550 1914 et

297 1949 510 2034 ethnologica
537 1950 765 2035 phaenomena
786 1971 846 2033 per
868 1971 904 2016 se
928 1956 963 2018 et
987 1951 1110 2016 directe
1133 1951 1221 2016 aliud
1244 1951 1393 2017 referant
1416 1953 1478 2019 nisi
1500 1953 1550 2019 hi·

297 2057 438 2123 storiam
453 2056 625 2121 moralium
641 2054 833 2120 iudiciorum
848 2054 1014 2120 hominum
1031 2075 1207 2139 eorumque
1223 2057 1342 2141 praxin
1357 2058 1390 2123 in
1406 2060 1550 2125 moribus

297 2162 495 2246 populorum
525 2182 584 2245 per
606 2161 701 2226 varia
723 2181 803 2227 suae
826 2160 1024 2226 evolutionis
1047 2160 1182 2227 stadia?
1233 2162 1410 2239 „Scientia“
1439 2170 1549 2232 autern

297 2268 438 2333 intimae
459 2276 599 2333 amarae
621 2267 820 2334 moralitatis
843 2270 1026 2333 immediate
1042 2288 1083 2333 ex
1099 2268 1164 2335 isto
1180 2268 1271 2335 fonte
1287 2268 1410 2335 hauriri
1425 2272 1548 2353 nequit.
1596 2300 1598 2310 ’

298 2374 454 2455 Namque
484 2374 614 2439 etiamsi
640 2372 728 2438 forte
758 2374 830 2439 sola
860 2373 1016 2458 empirica
1046 2374 1276 2440 observatione
1307 2378 1341 2441 et
1362 2375 1550 2443 inductione

299 2484 456 2545 constare
486 2478 695 2561 aliquatenus
726 2480 829 2563 possit
860 2480 900 2545 de
931 2480 1093 2545 communi
1118 2480 1227 2563 aliqua
1251 2480 1378 2547 ratione
1402 2482 1551 2549 obieetiec

299 2585 519 2651 communium
558 2586 716 2651 eiusmodi
751 2585 943 2651 iudiciorum
976 2586 1148 2651 moralium
1181 2586 1296 2669 (talem
1330 2608 1447 2672 nempe
1481 2588 1551 2655 fere

300 2692 466 2757 rationem
490 2695 637 2758 utilitatis
660 2695 787 2758 socialis
811 2713 883 2757 esee
907 2693 1050 2774 docent),
1074 2692 1106 2757 id
1130 2696 1241 2759 tamen
1264 2714 1324 2778 per
1346 2715 1382 2759 se
1401 2716 1465 2759 non
1481 2700 1550 2761 tem

299 2798 468 2864 internam
499 2798 693 2881 qualitatem
724 2798 890 2864 actionum
923 2819 1021 2881 quam
1054 2819 1223 2864 commune
1255 2798 1379 2866 factum
1411 2802 1552 2884 psycho-

299 2904 449 2987 logicum
471 2904 618 2970 denotat.
657 2904 744 2969 Hinc
766 2924 846 2969 vero
870 2907 1011 2988 apparet
1033 2902 1129 2968 huius
1152 2904 1377 2989 philosophiae
1400 2908 1552 2989 cognatio

301 3010 417 3093 aliqua
447 3030 520 3075 cum
549 3013 732 3093 systemate
764 3010 959 3093 „empirismi
984 3010 1150 3087 moralis“‚
1182 3012 1222 3075 de
1246 3032 1309 3093 quo
1332 3011 1419 3077 infra
1443 3013 1553 3079 dicen-

300 3118 378 3182 dum
404 3117 477 3182 erit.
1138 3167 1140 3171 a

394 3227 425 3307 c)
449 3224 568 3291 Ethiea
602 3228 786 3291 evolationis
820 3229 963 3307 socialis,
1000 3245 1084 3307 quae
1118 3224 1377 3291 recentissimam
1412 3226 1551 3293 formam

305 3330 526 3409 „utilitarismi
558 3330 708 3397 socialis“
744 3331 834 3412 (vide
865 3330 954 3396 inira
989 3330 1165 3413 „principia
1198 3331 1396 3397 moralitatis
1428 3354 1459 3399 n.
1488 3336 1551 3400 163

301 3438 344 3503 ad
370 3439 450 3519 167)
473 3443 710 3522 repraesentat,
739 3438 859 3523 partim
884 3440 1045 3523 Spenceri‚
1069 3437 1190 3521 partim
1212 3438 1364 3504 Dcrwini
1385 3438 1552 3524 principiis

300 3544 594 3625 accommodatam,
619 3548 654 3610 et
677 3566 718 3610 ex
742 3545 852 3628 aliquo
874 3547 1023 3628 tempore
1047 3544 1147 3609 etism
1170 3544 1203 3607 in
1224 3544 1399 3611 Germania
1421 3546 1552 3612 nomine

305 3650 551 3735 „philosophiae
574 3651 792 3717 scientificae“
812 3652 864 3733 (ut
887 3651 1111 3733 distinguatur
1134 3671 1155 3716 a
1175 3651 1432 3735 „speculativa“)
1456 3654 1552 3720 avide

300 3758 470 3824 excultam
481 3756 503 3822 ².
536 3757 719 3822 Secundum
742 3758 827 3823 hanc
849 3758 978 3823 initium
994 3756 1098 3823 omnis
1114 3758 1312 3824 moralitatis
1327 3759 1438 3842 signat
1454 3764 1551 3846 eyois-

300 3886 373 3930 mus
390 3862 638 3945 (individualis),
663 3864 789 3930 cunctis
812 3863 1007 3929 animalibus
1031 3864 1220 3943 communis,
1246 3865 1301 3946 qui
1323 3865 1356 3929 in
1380 3866 1549 3951 multiplici

299 3989 415 4053 pugna
438 3973 473 4035 et
495 3968 607 4034 sociali
631 3969 835 4052 experientia
849 3989 910 4053 per
928 3969 1117 4034 innumeras
1139 3968 1369 4051 generationes
1392 3972 1550 4054 paulatim

301 4096 377 4141 cunr
407 4075 488 4159 ipsis
518 4074 633 4139 formis
663 4075 754 4140 vitae
783 4074 914 4140 socialis
943 4095 1004 4158 per
1034 4075 1237 4141 successivos
1261 4076 1384 4158 gradus
1408 4077 1549 4143 civiliss-

301 4180 402 4248 tionis
433 4180 540 4264 magis
573 4181 744 4263 magisque
776 4181 818 4246 ad
850 4184 1020 4267 epo-ismcm
1051 4184 1196 4246 socialem
1228 4184 1346 4265 sponte
1377 4184 1549 4251 evolvitur.

301 4288 414 4370 Atque
443 4288 492 4354 ita
522 4288 747 4371 experientiae
776 4288 816 4353 de
839 4288 962 4355 maiore
987 4294 1021 4354 et
1044 4288 1233 4354 harmonica
1256 4288 1412 4366 utilitate,
1442 4312 1551 4357 nona

302 4393 450 4477 siugulis,
481 4394 539 4459 sed
568 4394 610 4459 ab
640 4394 779 4476 integris
808 4394 1075 4476 generationibus
1104 4416 1163 4478 per
1193 4394 1351 4461 historiae
1379 4395 1549 4463 decursum

395 4604 404 4637 ¹
423 4602 466 4657 Ex
484 4602 544 4655 eius
556 4602 684 4673 operibus
696 4601 828 4672 imprimis
844 4601 1054 4655 nominandum:
1074 4601 1223 4671 ASystem
1237 4601 1266 4654 of
1276 4600 1368 4669 Logia,
1387 4604 1550 4659 rationalius

304 4692 356 4746 and
374 4692 523 4755 inductiva,
542 4690 624 4759 being
643 4708 660 4743 a
678 4691 825 4745 connected
838 4690 910 4744 view
922 4690 952 4744 ol
963 4690 1094 4745 evidence
1107 4690 1159 4743 and
1179 4694 1207 4743 te
1226 4689 1351 4743 methods
1370 4691 1400 4743 of
1417 4692 1550 4748 scientilie

303 4778 705 4849 investigation,London1843
717 4778 838 4848 (saepius
846 4779 974 4848 deinceps
985 4778 1087 4833 editum
1096 4778 1156 4832 etin
1166 4777 1235 4830 aliae
1244 4776 1352 4844 linguas
1363 4780 1548 4850 translatum).

392 4871 403 4903 ¹
426 4870 468 4923 lta
492 4887 542 4940 per
562 4867 858 4938 „Vierteljahrsschritt
882 4868 929 4920 fflr
952 4866 1218 4921 wissenschaltliebe
1245 4864 1444 4937 Philosophie“,
1470 4872 1550 4923 unter

305 4958 482 5027 Mitwirkung
500 4974 553 5012 von
572 4957 609 5011 Μ.
629 4956 731 5010 Heinze
750 4955 805 5009 und
823 4954 869 5009 W.
888 4954 994 5009 Wundt
1019 4954 1242 5025 herausgegeben
1261 4970 1315 5007 von
1335 4956 1368 5009 R.
1388 4960 1548 5026 nuenarius,

306 5048 421 5118 Leipzig,
441 5048 537 5115 lahrg.
556 5047 573 5099 6
594 5045 688 5113 (1882)
710 5049 738 5099 et
755 5062 796 5114 sq.

1304 5131 1340 5185 8*
