3909 5842
505 679 545 734 De
563 679 642 734 modo
659 679 792 736 indirecto
811 679 962 751 deponendi
982 679 1091 736 dubiam
1111 682 1271 752 practicam.
1446 685 1510 750 285

262 880 328 944 qua
343 859 525 923 condicione
538 861 575 924 ia
591 880 667 924 casa
683 860 884 944 oblipationia
900 861 1122 926 theoretice
1139 861 1256 927 dubiae
1277 863 1398 927 bomini
1419 865 1512 928 liceat

257 967 450 1049 practice
479 968 570 1050 sequi
598 970 788 1032 sententiam
811 966 1022 1052 probabilem,
1053 967 1108 1033 aed
1137 970 1249 1033 tatiori
1278 971 1452 1054 oppositam
1483 977 1512 1036 et

261 1071 419 1152 faventem
441 1072 591 1138 libertati.

352 1178 537 1244 Secundum
547 1178 642 1244 varia
654 1200 823 1264 responsa,
839 1200 924 1262 quae
936 1199 1089 1246 successu
1105 1179 1264 1265 temporis
1279 1201 1300 1247 a
1315 1181 1417 1248 variis
1432 1184 1512 1250 data

263 1283 406 1367 fuerunt,
428 1285 602 1368 sequentia
624 1286 687 1352 hac
710 1287 750 1352 de
772 1307 809 1353 re
824 1285 859 1351 in
874 1286 1013 1353 scientia
1027 1287 1144 1353 morali
1161 1287 1407 1371 distinguuntur
1421 1290 1511 1373 prin·

261 1390 346 1475 cipia
369 1413 428 1457 seu
451 1395 651 1474 systemata:
678 1396 707 1459 l.
731 1396 923 1478 &erismae
951 1415 1007 1460 sea
1033 1397 1232 1460 tutiorismae
1260 1395 1430 1479 obsoletae,
1456 1397 1509 1479 qui

261 1498 359 1564 docet
388 1518 519 1582 semper
546 1499 704 1565 tutiorem
733 1504 863 1584 partem
894 1521 936 1565 ex
967 1501 1168 1583 obligatione
1198 1521 1272 1567 esse
1299 1502 1509 1584 sequendam,

261 1603 416 1688 quamdiu
445 1605 598 1688 opposita
626 1607 725 1689 plane
755 1610 847 1673 certa
876 1627 941 1671 non
971 1607 1031 1684 sit3
1061 1609 1091 1674 2.
1122 1609 1321 1674 tutiorismce
1347 1609 1510 1694 mitipatus

261 1731 320 1777 seu
354 1709 547 1793 simpliciter
587 1709 809 1791 tutiorismus,
852 1711 907 1795 qni
942 1713 1081 1779 eandem
1116 1711 1348 1795 obligationem
1384 1715 1510 1781 tamdiu

261 1817 380 1882 saltem
412 1817 529 1883 adesse
562 1818 718 1898 affirmat,
752 1819 906 1901 quamdiu
936 1818 1103 1886 sententia
1132 1819 1278 1887 libertati
1305 1821 1423 1886 favens
1446 1843 1510 1888 non

261 1924 360 1990 inerit
394 1926 675 2010 probabilissiraa;
704 1930 735 1994 3.
768 1928 1086 2013 probabiiioeismna,
1126 1927 1180 2011 qui
1219 1929 1343 2006 ,minus
1379 1929 1505 1994 tutam“

261 2051 341 2114 prae
367 2031 525 2110 ,iuuere
553 2038 625 2098 tum
648 2033 779 2117 quidem
803 2033 893 2102 licite
915 2034 1038 2101 assumi
1062 2055 1159 2119 posse
1184 2034 1343 2114 concedit,
1374 2034 1428 2100 ubi
1452 2034 1509 2101 illa

261 2137 306 2204 sit
333 2138 394 2204 hac
418 2139 619 2224 probabilior
626 2165 640 2223 ,·
670 2143 701 2206 4.
733 2141 1083 2227 aeqaiprobabiiiemas‚
1115 2140 1169 2222 qui
1199 2140 1283 2206 idem
1314 2144 1384 2207 tum
1408 2139 1508 2207 etiam

260 2243 434 2328 permittit,
458 2265 531 2310 cum
555 2245 639 2328 legis
661 2246 838 2312 assertioni
858 2245 971 2312 obstat
985 2247 1151 2312 sententia
1167 2246 1298 2312 circiter
1314 2267 1417 2328 aeque
1433 2267 1508 2330 pro·

260 2351 393 2428 babilis3
427 2354 456 2418 5.
485 2354 737 2437 probabitismaa
772 2355 973 2436 moderatas,
1012 2353 1067 2436 qui
1099 2353 1388 2438 praetergrediens
1424 2353 1509 2418 hanc

260 2458 520 2541 comparativam
550 2458 825 2537 aestimationem,
856 2480 916 2544 per
946 2480 983 2525 se
1012 2463 1047 2525 et
1070 2459 1252 2543 generatim
1279 2460 1319 2524 ad
1343 2459 1433 2524 licite
1456 2479 1508 2525 se-

259 2564 422 2646 quendam
452 2567 651 2632 sententiam
682 2565 830 2633 libertati
858 2565 1028 2632 faventem
1057 2566 1155 2632 aliam
1186 2565 1409 2631 condicionem
1444 2585 1507 2630 non

257 2670 381 2752 requiri
405 2671 512 2750 docet,
536 2671 598 2737 nisi
623 2676 660 2737 ut
683 2672 765 2740 baec
787 2672 832 2738 sit
853 2695 925 2738 aere
947 2695 985 2739 ac
1009 2675 1107 2740 solide
1129 2674 1329 2759 probabilia
1352 2675 1381 2738 6.
1407 2675 1508 2738 loeis·

256 2799 331 2843 maa
354 2775 551 2860 (generatim
574 2781 686 2843 tamen
711 2799 777 2844 non
800 2782 838 2844 ut
857 2778 1000 2861 speciale
1016 2785 1164 2862 systema
1179 2777 1337 2862 agnitus),
1359 2776 1412 2862 qui
1431 2797 1508 2842 ean·

257 2882 333 2948 dem
370 2883 560 2950 libertatem
594 2883 636 2949 ad
671 2904 802 2950 omnem
835 2884 1021 2969 opinionem
1055 2886 1373 2968 quomodocumque,
1407 2881 1506 2949 etiam

256 2991 398 3054 tenuiter
415 2990 624 3074 probabilem,
648 2991 828 3056 extendere
851 2992 1042 3075 praesumit.

350 3094 441 3162 Inter
463 3095 545 3162 hacc
568 3102 679 3164 autem
703 3097 863 3182 principia
880 3101 1026 3184 primam
1050 3103 1084 3164 et
1103 3101 1260 3182 ultimam,
1283 3096 1363 3162 illud
1379 3095 1506 3178 rigoris,

255 3201 347 3266 istud
370 3201 525 3267 licentiae
547 3202 682 3268 moralis
705 3207 873 3269 extremas
896 3207 1010 3287 partes
1033 3207 1158 3280 tenens,
1190 3223 1250 3286 per
1276 3200 1507 3268 auctoritatem

254 3307 518 3374 ecclesiasticam
540 3309 659 3376 merito
683 3311 862 3394 reprobata
884 3315 920 3376 et
943 3309 1129 3394 proscripta
1151 3311 1262 3376 sunt1.
1302 3307 1508 3392 Quapropter

255 3414 366 3480 omnis
381 3415 578 3498 disceptatio
593 3415 681 3482 inter
703 3415 855 3482 doctores
879 3415 1059 3482 catholicos
1083 3416 1125 3482 ad
1140 3415 1267 3498 reliqua
1283 3417 1441 3497 quattuor
1455 3433 1507 3478 re·

254 3521 451 3603 stringitur;
476 3543 674 3606 quamquam
697 3523 738 3589 de
760 3523 834 3591 istis
857 3523 956 3591 etiam
982 3544 1066 3606 quae
1088 3523 1264 3605 aliquando
1285 3521 1406 3587 aeriter
1429 3540 1507 3603 age-

254 3629 359 3693 batur
382 3629 617 3708 controversia,
641 3633 756 3695 nostra
779 3635 892 3697 aetate
915 3652 974 3714 per
997 3651 1199 3696 communem
1223 3629 1293 3694 iere
1316 3628 1506 3712 peritorum,

255 3735 360 3799 immo
384 3739 418 3800 et
447 3735 607 3801 ecclesiae
636 3736 755 3820 praxin
783 3737 841 3801 vix
871 3757 935 3802 non
958 3741 997 3802 ut
1020 3735 1181 3819 dirempta
1205 3735 1238 3800 in
1262 3735 1409 3800 favorem
1431 3755 1508 3819 pro-

255 3841 422 3906 babitaret
444 3841 600 3907 moderati
623 3842 749 3907 censeri
773 3846 893 3926 potest,
917 3881 961 3890 —-
985 3839 1156 3920 moderati,
1186 3839 1328 3922 inquam,
1353 3839 1373 3905 i.
1398 3859 1425 3906 e.
1450 3839 1507 3903 de·

254 3946 330 4013 bito
354 3945 499 4012 adhibito
523 3948 745 4013 moderamine
768 3949 928 4014 adversus
950 3945 1147 4014 temerariae
1170 3945 1324 4010 licentias
1346 3944 1399 4009 vel
1424 3945 1507 4010 laxi-

253 4052 342 4121 tatie
374 4053 521 4122 abusum.
575 4054 626 4119 Ad
654 4055 921 4138 probabilismum
952 4075 1031 4119 vero
1061 4054 1265 4121 moderatum
1298 4051 1507 4138 aequiperaba-

254 4162 405 4225 bitismaa
436 4163 573 4226 eatenus
603 4162 734 4226 omnino
757 4161 935 4241 reducitur,
965 4160 1064 4225 imum
1088 4160 1194 4241 quoad
1218 4158 1409 4242 principium
1435 4179 1508 4223 eum

254 4287 299 4332 eo
330 4267 428 4349 plane
457 4268 683 4350 identificatur,
715 4273 877 4350 quatenus
907 4267 940 4332 in
971 4269 1087 4333 morali
1117 4267 1304 4353 aequilibrio
1336 4267 1507 4347 rationum,

253 4391 345 4456 quae
367 4395 428 4457 pro
452 4378 486 4440 et
509 4377 625 4440 contra
640 4373 782 4455 aliquam
799 4373 984 4458 opinionem
1001 4373 1111 4439 afferri
1125 4377 1273 4456 possunt,
1298 4371 1507 4456 praecipuum

255 4477 428 4544 criterium
453 4479 552 4546 situm
575 4501 648 4545 esse
672 4479 822 4563 agnoscit
845 4481 1075 4546 discernendae
1098 4481 1258 4564 opinionis
1281 4500 1350 4544 aere
1367 4485 1394 4543 et
1409 4479 1509 4544 solide

250 4585 445 4674 probabilia.

354 4751 361 4783 ¹
381 4748 537 4804 Alexander
556 4751 622 4804 VIII
642 4753 667 4805 7.
686 4751 751 4804 Dec.
773 4750 842 4806 1690
865 4751 936 4804 hanc
954 4754 1136 4818 mporimcam
1155 4750 1332 4805 assertionem
1352 4747 1506 4802 damnavit:

258 4838 339 4907 ,Non
358 4839 425 4893 licet
442 4841 519 4908 sequi
538 4840 693 4910 opinionem
705 4840 750 4893 val
763 4839 835 4894 inter
846 4839 1002 4910 probabiles
1015 4839 1285 4910 probabilissimam.“
1308 4869 1340 4878 -
1359 4841 1508 4893 Larisaeus

254 4945 341 4990 vero,
360 4926 388 4980 in
408 4928 492 4982 variis
510 4928 739 4998 propositionibus
758 4931 884 4992 notatus,
903 4931 961 4981 tum
982 4928 1016 4982 ab
1034 4929 1190 4982 Alexandro
1209 4927 1261 4980 Vll
1280 4927 1323 4980 24.
1343 4925 1418 4996 Sept.
1439 4927 1507 4980 1665

254 5023 319 5070 tum
339 5016 374 5070 ab
392 5015 549 5070 Innocentio
568 5016 605 5070 Xl
625 5015 650 5070 2.
670 5016 750 5071 Mart.
772 5017 840 5071 1679
859 5017 1030 5087 proscriptus
1049 5022 1099 5071 est.
