3909 5842
392 668 489 706 xxvrrr
924 652 1106 709 Prooemium.

393 834 428 896 et
458 849 521 911 quo
552 831 748 915 atheoiopic
778 833 895 896 morali
918 830 1142 914 distinguitur.
1190 832 1283 897 Haec
1306 832 1409 911 enim,
1443 852 1663 915 quamquam

393 934 482 1000 circs
510 934 598 1000 idem
627 936 790 1001 obiectum
813 940 968 1002 versatur
1000 942 1035 1003 st
1063 958 1190 1003 morum
1220 958 1352 1003 normas
1378 938 1506 1021 pariter
1526 936 1663 1014 tradit,

394 1062 452 1107 eas
481 1045 594 1107 tamen
624 1062 831 1124 nequaquam
863 1046 968 1109 secio
999 1042 1137 1110 rationis
1167 1042 1329 1110 naturalis
1359 1043 1558 1122 dictamine,
1596 1042 1664 1108 sed

394 1147 495 1215 etiam
527 1169 570 1213 ex
599 1148 731 1214 divinae
760 1149 973 1215 revelationis
1003 1150 1153 1234 deposito
1184 1156 1219 1217 et
1249 1152 1377 1233 legibus
1410 1150 1665 1219 ecclesiasticis

394 1254 573 1338 depromit,
597 1274 658 1319 nec
681 1275 747 1319 nou
771 1254 916 1339 positiva
938 1256 1140 1322 auctoritate
1163 1255 1234 1322 sive
1258 1256 1369 1323 divine
1392 1257 1463 1323 sive
1486 1256 1665 1323 ecclesia-

395 1360 481 1427 stica
504 1360 719 1444 comprobare
741 1362 925 1444 profitetur.

483 1468 559 1533 Non
582 1472 684 1533 vacat
706 1468 768 1532 hoc
790 1466 863 1532 loco
879 1467 933 1531 vel
955 1467 990 1531 in
1013 1468 1207 1552 particulari
1230 1490 1402 1536 recensere
1416 1470 1471 1536 vel
1494 1470 1664 1536 refutare

393 1571 527 1637 insenos
550 1575 688 1638 conatus
711 1591 840 1651 eornm,
871 1572 926 1655 qui
950 1572 1110 1657 principis
1137 1573 1369 1658 ,positivismi“
1397 1574 1432 1640 in
1454 1576 1663 1641 universam

394 1678 632 1763 philosophiam
645 1698 684 1743 ac
695 1680 902 1763 potissimum
918 1679 952 1745 in
968 1680 1074 1764 ipsam
1087 1681 1258 1747 scientiam
1278 1682 1435 1747 moralem
1451 1682 1662 1759 inferentes,

395 1784 480 1851 fonti
502 1786 573 1850 eius
596 1787 752 1850 rationali
776 1795 803 1850 ci
825 1788 1038 1872 metaphysice
1061 1786 1187 1853 iontem
1203 1808 1293 1852 mere
1309 1790 1494 1874 empiricam
1512 1788 1662 1872 (secun-

395 1892 472 1956 dum
494 1891 655 1975 principia
682 1890 913 1969 ,evolutionis“
941 1894 984 1957 ab
1007 1894 1162 1960 Hortertc
1186 1896 1324 1980 Spmccr
1347 1898 1382 1959 st
1403 1896 1562 1963 Dorwino
1592 1916 1662 1960 ex·

395 1998 499 2080 culta)
521 1997 737 2063 substitutum
752 1997 879 2076 volunt,
903 2002 1004 2080 atque
1020 2000 1069 2065 ita
1084 2000 1255 2066 scientiam
1279 2000 1435 2066 moralem
1452 2002 1523 2067 fere
1539 2002 1661 2067 hieto·

394 2105 466 2171 riae
488 2104 632 2170 naturali
664 2124 778 2187 parem
807 2104 944 2171 faciunt.
993 2106 1076 2171 Sunt
1106 2107 1191 2171 enim
1215 2106 1297 2171 haec
1320 2106 1467 2173 moderni
1490 2107 1661 2174 atheismi

396 2212 512 2280 deliria
535 2212 600 2278 alio
622 2211 655 2276 in
680 2212 752 2277 loco
775 2233 836 2295 pro
859 2234 919 2277 suo
941 2212 1058 2279 valore
1081 2213 1305 2297 expendenda.

484 2320 556 2386 Nec
577 2324 690 2385 tamen
713 2340 842 2385 omnem
865 2320 1041 2403 positivam
1062 2320 1300 2404 experientiam
1316 2342 1336 2387 a
1352 2320 1559 2405 philosophia
1576 2342 1659 2386 mo·

394 2427 459 2493 reli
480 2426 611 2510 penitus
633 2424 799 2509 repudiari
821 2426 983 2493 volumus.
1016 2426 1121 2492 Prohe
1137 2426 1263 2494 scilicet
1282 2428 1358 2511 fons
1376 2428 1515 2493 alicuius
1537 2428 1658 2493 scien·

395 2535 462 2602 tiae
478 2534 598 2601 eteius
616 2541 746 2599 externo
761 2533 910 2599 subsidio
925 2534 996 2599 sive
1013 2534 1106 2600 utilia
1123 2534 1193 2599 sive
1209 2534 1397 2600 necessaria
1412 2534 1657 2617 distinguenda

395 2645 482 2707 sunt.
529 2640 635 2717 Quare
665 2639 745 2704 nihil
774 2639 927 2724 impedit,
958 2640 1130 2722 quominus
1160 2640 1193 2706 id
1217 2641 1334 2719 etism,
1366 2640 1451 2722 qnod
1481 2660 1541 2723 per
1564 2660 1606 2705 ee
1632 2660 1656 2704 a

396 2746 525 2813 ratione
549 2745 650 2811 fontis
674 2746 771 2829 plane
794 2745 996 2825 excluditur,
1029 2747 1234 2813 extrinsecus
1263 2750 1376 2813 tamen
1392 2746 1655 2830 ,quodammodo

397 2852 432 2918 in
456 2852 613 2919 auxilinm
637 2852 750 2917 vocari
772 2852 919 2933 legitime
942 2852 1057 2936 possit,
1081 2873 1142 2918 nec
1164 2874 1241 2919 raro
1265 2853 1395 2919 debeat.

485 2958 531 3024 Et
553 2978 671 3023 revers
694 2957 853 3023 eiusmodi
876 2958 1023 3024 subsidia
1044 2960 1263 3045 philosophiae
1286 2962 1435 3043 morulis,
1467 2958 1552 3025 fonti
1576 2959 1654 3024 eius

397 3064 594 3141 extrinseca,
612 3064 676 3130 duo
691 3064 897 3148 potissimum
913 3064 1112 3130 nominanda
1128 3070 1222 3131 sunt:
1240 3069 1381 3151 positive
1396 3067 1459 3131 Dei
1474 3067 1653 3131 revelantis

397 3173 584 3253 auctoritas,
604 3173 638 3235 et
650 3172 840 3257 populorum
856 3192 1041 3255 morumque
1056 3172 1270 3238 dromonorum
1284 3173 1429 3237 historio.
1462 3170 1540 3247 Quis
1556 3171 1648 3235 enim

395 3280 496 3359 neget
525 3277 717 3361 philosopho
751 3278 867 3352 etiam,
898 3281 937 3343 ut
968 3277 1090 3343 lumine
1122 3278 1260 3343 rationis
1283 3282 1356 3344 tuto
1380 3281 1414 3344 et
1437 3298 1509 3343 cnm
1532 3277 1648 3344 fructu

396 3386 520 3462 utatur,
545 3383 671 3449 consilii
695 3384 805 3466 gratia
828 3384 870 3449 ad
893 3383 975 3450 haec
999 3384 1063 3450 dno
1086 3384 1263 3451 identidem
1288 3384 1520 3451 recurrendum
1545 3388 1648 3449 esse?

396 3488 558 3553 -Immo
574 3489 750 3555 veritatem
767 3489 878 3555 divino
893 3490 1083 3556 testimonio
1100 3494 1224 3556 certam
1241 3490 1363 3572 iugiter
1378 3493 1415 3555 ut
1430 3489 1504 3555 viae
1521 3492 1644 3571 ducem,

396 3594 566 3661 historiam
583 3600 621 3661 ut
636 3599 776 3661 coclitem
792 3596 947 3662 observet
961 3616 1097 3661 necesse
1113 3600 1174 3661 est.
1209 3596 1309 3661 Dacis
1324 3595 1485 3679 dirigatur
1500 3616 1645 3679 superno

396 3700 528 3780 lumine,
541 3701 606 3766 iter
618 3706 652 3767 et
664 3722 798 3784 scopum
815 3701 942 3767 itineris
955 3700 1050 3783 quasi
1062 3702 1095 3765 in
1113 3702 1320 3766 antecessum
1333 3700 1644 3784 praemonstrantir,

396 3828 438 3872 ne
461 3808 604 3873 humana
626 3807 862 3890 intellegentia,
888 3808 964 3872 dum
989 3806 1049 3872 eibi
1072 3807 1136 3891 ipsi
1159 3806 1298 3891 superbe
1314 3809 1436 3873 confisa
1452 3808 1555 3873 veluti
1570 3808 1645 3892 pal-

395 3913 504 3996 pando
528 3932 588 3996 per
610 3913 683 3978 viss
705 3912 838 3995 ignotas
862 3934 976 3979 verum
1001 3914 1144 3979 scrutari
1168 3913 1357 3997 praesumit,
1383 3913 1489 3979 everi
1507 3914 1644 3980 tramite

396 4019 516 4084 misere
538 4018 648 4103 potius
671 4019 714 4085 ad
737 4040 864 4085 omnem
887 4020 1069 4086 falsitatem
1093 4022 1240 4095 aberret;
1265 4023 1386 4085 canitis
1402 4023 1512 4086 autem
1528 4023 1645 4087 utetur

396 4124 610 4203 adminiculo,
634 4128 688 4203 ut,
714 4146 786 4189 cum
810 4126 851 4190 ab
874 4125 932 4191 illa
956 4124 1124 4205 didicerit,
1150 4126 1266 4209 quihus
1289 4146 1415 4191 morum
1440 4124 1643 4191 documentis

396 4230 574 4296 humanum
596 4252 701 4312 genus
722 4252 782 4316 per
805 4253 918 4297 omues
941 4231 1202 4313 generationum,
1225 4232 1371 4297 locorum
1395 4253 1435 4297 ac
1458 4235 1641 4316 temporum

396 4337 638 4403 vicissitudines
666 4342 857 4405 constanter
886 4338 988 4404 fuerit
1011 4338 1187 4417 imbutum,
1218 4323 1347 4403 facilius
1377 4338 1520 4421 genuina
1543 4341 1643 4419 atquc

396 4444 613 4510 immutabilis
636 4444 798 4510 naturalis
820 4445 959 4512 rationis
983 4446 1085 4509 effeta
1108 4445 1149 4510 ah
1173 4444 1363 4511 adventitiis
1380 4464 1492 4509 corum
1508 4465 1643 4527 corrup·

396 4551 473 4616 telis
496 4550 671 4618 discernat.

485 4657 658 4742 Utrumque
680 4658 859 4723 subsidium
877 4667 1045 4744 praetereo
1061 4661 1274 4724 accessorium
1291 4666 1344 4743 cst,
1369 4679 1411 4723 us
1426 4657 1642 4742 philosophis,

396 4784 482 4845 quse
504 4764 659 4829 muudum
683 4785 747 4830 non
771 4768 900 4831 tantum
916 4764 1067 4844 idealem,
1091 4765 1149 4830 sed
1166 4768 1200 4829 et
1216 4766 1349 4844 realem,
1375 4785 1479 4847 neque
1495 4762 1643 4829 homines

396 4873 527 4935 tantum
555 4869 781 4952 metaphysice
805 4890 919 4947 veros,
950 4870 1008 4935 sed
1039 4874 1073 4935 et
1103 4890 1203 4935 carne
1226 4874 1261 4935 et
1290 4868 1449 4952 sanguine
1472 4874 1643 4935 concretos

396 4980 497 5058 atque
530 4976 674 5040 realibus
706 4976 795 5041 vitae
828 4976 1069 5042 condicionibus
1102 4976 1261 5042 obnoxios
1296 4976 1502 5042 considerare
1535 4975 1641 5053 dehet,
