3909 5842
405 704 469 769 478
615 700 704 756 Sestio
723 700 758 755 11.
796 699 877 754 Liber
895 700 929 756 Π.
967 700 1056 771 Caput
1075 700 1121 754 111.
1160 699 1298 755 Artiouius
1319 702 1341 754 l.
1380 701 1442 767 52.

405 876 559 947 subsistat,
582 894 620 934 au
642 894 713 934 vero
734 880 891 952 praeterea
912 876 958 935 ius
981 896 1095 953 qnoque
1109 878 1244 936 naturaie
1257 876 1427 936 necessario
1442 877 1661 937 admittendum

406 974 470 1033 sit?
491 972 578 1033 hodie
600 971 677 1049 apud
698 971 772 1031 iuris
787 974 980 1051 philosophos,
1001 978 1035 1032 ut
1055 973 1243 1043 arbitramur,
1264 992 1316 1032 eos
1337 974 1453 1045 saltem,
1475 974 1527 1049 qui
1541 974 1662 1033 sineere

406 1071 565 1131 theismum
594 1068 781 1145 profitentur,
812 1074 881 1145 post
910 1070 1107 1130 omnimodam
1137 1075 1168 1130 et
1195 1076 1342 1129 maturam
1370 1070 1598 1138 discussionem,
1627 1076 1661 1131 in

404 1172 532 1245 favorem
553 1170 628 1226 iuris
648 1168 795 1227 naturalia
815 1166 921 1226 merito
942 1166 1088 1245 dirempta
1110 1168 1225 1228 oenseri
1246 1167 1342 1239 debet,
1363 1167 1450 1244 idque
1470 1168 1661 1244 potissimum
1778 1173 1779 1226 t

407 1285 446 1326 ex
466 1264 671 1342 philosophico
693 1269 818 1342 aspectu
840 1264 961 1325 sooialis
982 1266 1146 1341 organismi
1167 1272 1198 1325 et
1217 1265 1314 1341 logice
1334 1265 1538 1325 indeclinabili
1558 1271 1662 1343 postu

406 1364 467 1423 lato
488 1362 623 1421 rationis.

494 1460 658 1537 Propterea
687 1458 747 1517 iam
777 1478 956 1537 magnopere
986 1480 1043 1520 nos
1069 1480 1189 1521 movere
1216 1480 1275 1519 non
1302 1466 1403 1538 potest
1428 1462 1584 1521 recentior
1608 1461 1662 1520 ssla

408 1566 512 1621 eontra
532 1560 579 1619 ius
593 1562 719 1617 naturas
735 1557 869 1633 agitatio,
886 1577 978 1634 quam
993 1558 1112 1618 nomine
1125 1558 1285 1618 modernae
1299 1560 1551 1635 iuriaprudentiae
1563 1559 1661 1617 denuo
1778 1563 1779 1580 ¹

407 1656 584 1718 resuscitari
611 1656 732 1733 plaouit.
781 1655 972 1727 Adversarii,
1001 1655 1052 1732 qui
1078 1656 1127 1714 bio
1154 1655 1241 1715 nobis
1270 1661 1438 1727 ooourrnnt,
1465 1662 1661 1733 praestantes

408 1755 523 1833 quidem
551 1755 726 1831 iurisperiti,
753 1752 784 1811 in
811 1752 966 1829 principiis
988 1758 1088 1812 autem
1103 1755 1309 1830 philosophicis
1329 1753 1426 1813 minus
1445 1755 1572 1827 versati,
1600 1774 1661 1814 non
1778 1751 1780 1824 ἶ

408 1852 524 1929 quidem
552 1850 638 1909 novis
667 1854 697 1909 et
724 1849 967 1926 praevalentibus
995 1869 1050 1927 pro
1077 1870 1134 1910 sua
1162 1869 1253 1910 eausa
1274 1850 1468 1925 argumentis,
1497 1872 1534 1913 oo
1563 1854 1661 1929 magis
1778 1835 1780 1898 i

409 1956 507 2010 autem
535 1948 676 2025 antiquis,
705 1948 812 2007 dudum
840 1949 989 2026 superatis
1009 1948 1200 2025 praeiudiciis
1221 1954 1274 2008 aut
1294 1955 1513 2027 praeconcepta
1534 1970 1662 2010 erronea

407 2048 528 2107 notione
550 2050 610 2106 veri
630 2044 703 2105 iuris
723 2045 870 2104 naturalis
893 2045 1039 2121 vanisque
1062 2045 1317 2123 suppositionibus
1337 2048 1482 2123 polamine
1495 2054 1662 2107 armantur.
1778 2027 1779 2096 i

494 2143 642 2220 Imprimis
662 2143 711 2202 hie
732 2142 929 2203 nominandus
950 2148 998 2203 est
1017 2142 1093 2202 iuris
1111 2144 1264 2220 professor
1284 2146 1472 2222 Bambotum,
1495 2146 1662 2205 aosrrimus
1778 2215 1779 2218 Ἴ

408 2240 481 2300 iuris
501 2240 648 2299 naturalis
670 2239 871 2311 adversarius,
892 2240 967 2316 quod
989 2240 1084 2299 veluti
1106 2258 1274 2317 supremum
1296 2241 1391 2300 omnis
1416 2242 1565 2302 scientiae
1588 2244 1662 2302 iuris
1778 2285 1780 2316 e

408 2339 571 2417 perieulum
599 2337 674 2397 miro
702 2338 765 2397 zelo
786 2337 982 2415 persequitur.
1023 2335 1117 2407 Quam
1138 2338 1284 2415 profunde
1305 2342 1404 2397 antem
1424 2338 1455 2397 in
1477 2342 1574 2397 totam
1595 2337 1662 2398 doc·
1778 2340 1780 2398 i

409 2438 528 2509 trinam,
549 2456 636 2513 quam
658 2436 761 2495 oritioe
782 2436 935 2495 destruere
952 2435 1089 2512 suseipit‚
1110 2435 1279 2511 indagando
1292 2435 1504 2513 penetraverit,
1525 2435 1594 2512 ipse
1607 2455 1663 2494 nos
1778 2437 1780 2500 ἶ

409 2534 537 2609 ingenue
559 2534 647 2593 doeet
666 2534 710 2593 ita
731 2534 894 2610 querendo:
922 2534 1000 2606 „Vor
1020 2534 1108 2593 allern
1129 2534 1170 2593 ist
1191 2553 1223 2593 es
1238 2533 1305 2593 eine
1320 2533 1496 2608 sobwierige
1509 2534 1662 2609 Aufgabe‚

410 2631 556 2691 Theorien
578 2650 614 2689 zu
633 2632 823 2707 widsrlsgen,
844 2650 880 2691 zu
895 2632 985 2691 deren
1000 2631 1247 2707 Reohtfertignng
1262 2631 1355 2690 dureb
1368 2630 1662 2689 wissensobaftiiobe
1778 2629 1780 2666 ³

410 2728 531 2789 Grimde
558 2728 684 2787 niomals
706 2728 866 2788 Austalten
894 2728 1042 2803 getroiien
1069 2728 1191 2788 worden
1212 2729 1287 2789 sind.
1328 2728 1385 2787 Die
1406 2727 1661 2802 anzugreifsndsn

411 2825 546 2885 Beweise
575 2826 674 2885 fehlsn
702 2826 767 2885 hier
791 2824 1327 2903 ganzlioh.“(1)²—Feresuspieio
1348 2826 1398 2886 hio
1418 2826 1533 2885 moveri
1557 2833 1660 2901 posset
1778 2873 1779 2892 ,

411 2942 502 2999 opera
517 2922 695 2998 scriptorum
717 2921 930 2981 catholicorum
951 2922 1016 2981 sive
1036 2922 1131 2981 latina
1152 2924 1217 2983 sive
1238 2924 1418 2999 germanica,
1441 2924 1474 2981 in
1495 2923 1662 2999 quibusda
1778 2909 1779 2986 J

411 3018 474 3078 iure
503 3022 629 3079 naturae
658 3018 764 3094 agitur,
794 3018 908 3078 auetori
937 3018 1042 3093 ignota
1069 3020 1217 3080 mansisse
1237 3052 1277 3063 —
1299 3020 1351 3079 sed
1378 3020 1571 3080 econtrario
1599 3022 1662 3081 fere
1778 3031 1779 3034 ’

411 3116 529 3191 singula
550 3122 699 3194 tamquam
730 3116 787 3176 sibi
817 3121 890 3176 nota
919 3116 1094 3175 nominatim
1125 3117 1215 3189 citat,
1249 3136 1310 3177 non
1340 3118 1459 3177 omissis
1489 3119 1662 3178 nominibus
1778 3123 1779 3128 ’

410 3234 437 3275 v.
453 3214 593 3289 Hertliug
613 3220 644 3274 et
658 3214 688 3274 0.
704 3214 868 3274 Gutberlst.
897 3214 934 3273 Et
952 3219 1053 3275 tamen
1071 3215 1223 3286 „Beweise
1236 3216 1337 3275 feblen
1351 3216 1416 3275 bier
1429 3216 1607 3291 ganzlioh‘!
1622 3250 1660 3257 -

410 3312 457 3370 Ad
473 3333 533 3371 rem
547 3317 641 3389 ipsam
656 3312 732 3371 idem
747 3310 820 3371 iuris
835 3312 938 3370 doator
953 3312 1072 3370 soribit:
1098 3311 1255 3385 „Jsdwsde
1268 3312 1462 3389 Vorstellung
1481 3332 1543 3373 von
1565 3314 1661 3373 einem

410 3410 514 3482 Recht,
537 3429 606 3469 man
627 3420 712 3485 mogo
735 3428 767 3469 es
788 3428 915 3481 neuneu,
940 3409 994 3469 wie
1015 3428 1084 3469 man
1105 3410 1201 3481 wolle,
1227 3428 1332 3469 ausser
1352 3410 1416 3469 dem
1437 3411 1602 3486 positivsn,
1622 3412 1661 3470 ist
1778 3471 1779 3494 χ

408 3510 491 3587 jedes
523 3510 656 3585 objektiv
683 3510 915 3579 feststellbareu‚
946 3509 1135 3569 bestimmten
1165 3508 1301 3569 Inhaltes
1328 3512 1391 3570 bar.
1431 3510 1473 3569 Es
1500 3510 1579 3569 wird
1600 3516 1660 3569 note
1778 3519 1779 3564 1

410 3606 526 3681 wendig
543 3607 601 3665 und
617 3606 861 3666 aussohliesslieh
883 3606 975 3665 duroh
996 3606 1238 3683 philosophisohe
1258 3607 1424 3665 Ansiohten
1445 3607 1506 3665 und
1528 3607 1661 3666 sittliobe

411 3694 675 3779 iiberzengungen,
697 3704 870 3781 praktisobe
891 3704 950 3762 und
972 3704 1155 3762 namentlioh
1174 3703 1332 3780 politisohe
1347 3704 1500 3764 Wunsobs
1518 3705 1658 3781 gebildet,

411 3801 457 3860 die
478 3802 654 3861 bestenfalls
675 3802 794 3878 kuuftig
814 3803 846 3861 in
869 3802 924 3861 den
938 3803 1074 3862 Bestand
1095 3802 1147 3860 des
1161 3801 1292 3862 Reohtes
1314 3802 1459 3877 eingehsn
1473 3803 1659 3863 konntem‘'
1778 3797 1779 3802 ἵ

411 3900 455 3958 De
471 3901 644 3977 perniciosis
666 3904 764 3957 autem
780 3901 900 3977 aequetis
918 3898 1007 3957 huius
1023 3898 1175 3957 doetrinae
1190 3899 1233 3958 ita
1246 3898 1391 3975 loquitur:
1417 3898 1526 3973 ,Diese
1540 3900 1658 3959 werden

411 4002 472 4055 erst
493 3995 612 4071 kunftig
633 3994 751 4064 einmal,
773 4015 858 4053 wenn
880 3996 957 4055 auoh
979 3995 1025 4054 dis
1047 3996 1232 4055 allsrletzten
1253 3996 1461 4073 spekulativen
1475 3996 1658 4073 Zuokungen

410 4114 469 4153 von
491 4094 543 4152 der
563 4092 772 4170 Iurisprudenz
794 4092 995 4151 uberwunden
1015 4093 1135 4152 worden
1150 4092 1227 4164 sind,
1249 4093 1313 4153 siah
1328 4113 1404 4169 ganz
1418 4094 1588 4154 uberseben
1601 4096 1658 4155 und
1778 4093 1779 4096 ’

410 4210 507 4267 gsuau
529 4192 711 4250 absohttzeu
732 4192 843 4249 lassen.
879 4190 919 4249 Es
941 4190 1008 4250 sind
1028 4190 1112 4249 nieht
1132 4190 1180 4249 die
1200 4190 1425 4266 gewbhnliehen
1441 4190 1556 4267 Folgen
1577 4193 1660 4253 einer

410 4295 487 4348 trotz
516 4288 596 4347 ihrer
623 4288 858 4348 Irrtdmliahkeit
885 4308 920 4346 zu
949 4288 1077 4363 einigem
1105 4288 1248 4347 Ansshen
1275 4289 1436 4364 gelangten
1459 4288 1599 4361 Theos-ie,
1627 4310 1657 4349 es

411 4386 477 4445 sind
499 4386 546 4445 die
567 4385 875 4445 ausserordsntliohen
891 4385 1004 4459 Folgen
1026 4386 1108 4444 eines
1130 4386 1184 4444 auf
1202 4385 1331 4461 flagrant
1351 4386 1514 4445 unwshren
1528 4388 1659 4447 Vorans·

411 4488 574 4557 setzun'gen
592 4484 793 4549 bsruhenden.
815 4502 869 4542 aus
883 4484 981 4542 lauter
995 4482 1197 4543 Phantasmen
1210 4482 1270 4541 und
1285 4482 1462 4559 Sopbismen
1476 4504 1658 4545 zusammen·

410 4583 573 4654 gewetten,
598 4580 684 4639 allern
705 4582 763 4639 und
784 4580 880 4657 jedem
901 4581 1212 4640 wissenschaftlioben
1226 4580 1352 4639 Denken
1372 4580 1658 4658 hohnspreohendeu

412 4676 721 4754 GedankansystemS‚
751 4678 805 4736 das
833 4678 914 4736 seins
942 4678 1005 4737 fast
1030 4676 1282 4738 unumsohrtnkte
1303 4678 1483 4737 Herrsohat't
1503 4680 1558 4737 auf
1575 4680 1658 4739 aeine

410 4774 698 4834 wissenschattliohe
720 4773 1054 4833 Unwidsrstehliohkeit
1084 4796 1120 4835 zu
1147 4776 1281 4851 grunden
1310 4778 1432 4851 vorgab‚
1462 4776 1605 4835 wahrend
1626 4798 1659 4835 es

504 4936 509 4964 ¹
532 4932 720 5001 Iurisprudenz
739 4931 794 4985 und
813 4928 1085 5001 Raohtsphilosopbie
1105 4932 1116 4983 l
1137 4930 1241 4999 (1892).

501 5022 512 5054 s
533 5020 568 5073 tb.
588 5020 738 5073 360-361.
847 5022 857 5051 ³
875 5018 914 5072 Ib.
936 5018 995 5072 175.
