3909 5842
522 698 699 754 Condiciones
717 699 880 754 essentiales
899 699 933 755 ad
951 701 1074 755 valorem
1093 699 1164 768 legis
1183 700 1325 771 positivae.
1481 701 1544 766 267

298 875 533 957 illustratum“,
564 899 623 944 seu
658 877 935 956 ,Prooemialibus
964 877 1282 955 dissertationibus“,
1316 876 1432 960 quibus
1462 899 1483 944 a
1512 897 1548 942 se

300 987 450 1050 curatam
481 983 658 1050 editionem
681 983 791 1068 operis
813 983 958 1067 gratiani
982 987 1017 1049 et
1040 982 1171 1068 paterni
1194 983 1420 1050 commentarii
1444 983 1547 1061 auxit,

299 1109 364 1154 non
387 1091 493 1156 solum
516 1089 550 1155 in
574 1110 615 1156 ea
637 1109 674 1154 re
696 1090 786 1174 patri
799 1111 866 1156 non
882 1090 1046 1169 dissentit,
1070 1089 1129 1156 sed
1144 1089 1279 1174 insuper
1293 1089 1373 1173 ipse,
1398 1091 1549 1156 statuens

302 1198 516 1282 ,principium
540 1199 626 1263 iuris
649 1200 813 1263 sacratis
834 1199 966 1264 unicum
992 1204 1019 1262 st
1042 1197 1256 1282 adaequatum
1282 1217 1346 1262 asse
1360 1198 1546 1262 voluntatem

299 1302 485 1390 11111111·εῆ
501 1303 534 1368 in
547 1303 610 1370 hac
620 1304 692 1369 sola
704 1303 959 1388 peremptoriam
970 1303 1133 1369 rationem
1150 1323 1189 1368 so
1200 1323 1385 1368 mensuram
1399 1301 1550 1384 agnoscit

298 1406 370 1473 sive
399 1408 612 1492 obligationis
635 1409 706 1475 sive
728 1409 810 1474 iuris
833 1413 868 1476 et
890 1407 1060 1492 legitimae
1084 1407 1248 1475 libertatis
1270 1407 1443 1486 humanae,
1474 1427 1548 1474 eum

300 1517 413 1597 ,nulla
436 1524 588 1582 creatura
607 1539 669 1602 per
691 1537 724 1581 se
745 1515 863 1582 babeat
876 1518 930 1581 ius
946 1523 975 1581 et
987 1523 1169 1601 patestatem
1186 1517 1323 1600 lipauds',
1346 1522 1403 1581 aut
1418 1515 1548 1582 tollendi

297 1624 456 1705 potentias
485 1644 508 1687 a
539 1630 680 1688 cremore
713 1623 895 1688 bominibus
925 1619 1107 1688 concessas“
1121 1623 1143 1688 ¹.
1191 1621 1235 1687 Et
1260 1628 1430 1702 ,creatura
1461 1621 1548 1686 ultra

297 1726 378 1810 fiaes
401 1749 423 1792 a
445 1735 585 1794 creatore
608 1731 672 1814 ipsi
694 1731 875 1814 assipuatcs
896 1729 980 1794 nibil
1003 1749 1096 1814 apere
1116 1734 1215 1813 petest
1239 1734 1373 1792 steatra
1388 1730 1440 1792 ius
1455 1747 1547 1792 suum

299 1835 402 1898 munis
425 1835 544 1918 mendi
564 1834 707 1916 facultas
729 1833 883 1900 cessat“².

388 1938 480 2005 Inter
507 1939 710 2006 recentiores
739 1961 819 2005 vero
848 1939 920 2023 ipse
949 1940 1147 2023 Btuatscbb',
1178 1939 1329 2022 quamvis
1358 1940 1547 2022 ceteroquin

298 2045 447 2110 moderni
476 2046 557 2111 iuris
586 2045 708 2130 publici
737 2051 908 2130 patronus,
939 2045 1027 2111 idem
1058 2049 1169 2111 11111111
1200 2045 1363 2112 humanae
1385 2045 1548 2112 libertatis

300 2150 478 2234 palladium
500 2152 684 2219 theoretice
706 2173 888 2235 agnoscere
911 2152 945 2217 vi
964 2151 1117 2218 veritatis
1140 2151 1293 2234 adigitur.
1340 2151 1492 2234 Namque
1515 2151 1547 2216 in

299 2256 368 2322 suis
396 2257 549 2342 operibus
582 2259 945 2336 ,Staatswdrterbuch“
982 2262 1017 2324 et
1050 2257 1295 2338 ,Staatsreeht“
1336 2256 1483 2342 pluribus
1513 2256 1547 2322 in

299 2362 382 2428 locis
404 2385 531 2431 omnem
560 2365 765 2443 ,absolutam
787 2364 1045 2432 oboedientiam“
1073 2385 1155 2448 erga
1184 2365 1275 2447 leges
1306 2364 1466 2429 humanae
1495 2383 1546 2428 re·

299 2471 427 2553 probat,
444 2491 580 2554 negans,
606 2475 846 2554 ,cumaeum
862 2473 1048 2556 humanam,
1073 2493 1154 2558 quaa
1175 2493 1248 2536 suas
1273 2473 1387 2536 limites
1404 2469 1545 2551 accedat,

300 2577 408 2641 adbuc
431 2580 631 2643 suauitatis
653 2581 717 2642 uim
739 2577 887 2643 autea.
919 2577 1023 2643 Immo
1047 2579 1082 2643 et
1104 2576 1296 2661 officialibus
1311 2583 1413 2642 aetus
1427 2575 1546 2661 publici

299 2681 533 2764 obligationem
549 2683 739 2749 incumbere
753 2685 905 2768 agnoscit
920 2682 1127 2750 detrectandi
1143 2683 1393 2761 oboedientiam,
1418 2681 1546 2764 quoties

299 2788 421 2871 aliquid
450 2790 492 2855 ab
524 2791 566 2856 iis
597 2791 788 2874 exigeretur
819 2791 937 2856 officiis
967 2791 1038 2856 sive
1069 2790 1247 2856 moralibus
1276 2789 1347 2854 sive
1382 2787 1545 2871 religiosis

299 2895 533 2963 contrarium³.

385 3001 481 3067 Adde
503 3002 643 3086 denique
665 3004 838 3088 praeclara
858 3007 987 3089 perutilis
1011 3006 1212 3090 autiquitatis
1235 3002 1435 3082 testimonia,
1460 3021 1544 3086 quae

298 3105 364 3172 iam
387 3128 489 3192 supra
511 3108 557 3192 (n.
583 3110 662 3191 251)
685 3111 807 3194 partim
830 3109 987 3189 indicata,
1011 3109 1131 3194 partim
1155 3109 1296 3176 recitate
1319 3113 1405 3176 sunt.

298 3245 368 3317 297.
458 3252 617 3317 Doctrina
632 3253 705 3318 buic
724 3253 890 3318 contraria
911 3251 1046 3336 propria
1069 3255 1121 3317 est
1144 3250 1334 3336 despotismi
1357 3255 1392 3318 et
1414 3252 1544 3317 absolu·

298 3353 389 3420 tismi
423 3356 565 3423 omnium
599 3361 794 3441 temporum,
829 3357 958 3424 radices
990 3359 1096 3440 figens
1125 3357 1159 3421 in
1189 3355 1394 3441 philosophia
1423 3355 1545 3441 partim

297 3461 557 3541 materialistica,
582 3462 702 3546 partim
718 3462 949 3547 pantheistica.
990 3463 1072 3528 llam
1089 3461 1308 3529 anterioribus
1324 3462 1465 3529 saeculis
1488 3461 1546 3528 do·

299 3585 373 3631 cere
396 3568 466 3632 ansi
491 3572 584 3634 sunt:
609 3569 813 3635 Macbiuuetli
830 3567 1082 3651 (moe-1527)
1104 3567 1138 3633 in
1160 3589 1197 3634 re
1218 3569 1353 3652 politica
1369 3567 1546 3637 utilitatem
1602 3655 1605 3662 ,

298 3671 535 3739 dominantium
557 3675 694 3757 regulae
708 3675 856 3741 iustitiae
871 3675 1076 3742 substituens
1087 3676 1109 3742 ⁴.
1142 3675 1269 3741 Hobbes
1285 3673 1545 3757 (1588-1679),

299 3777 354 3860 qui
381 3800 544 3858 ,summos
559 3781 761 3865 imperantes
777 3803 916 3867 peccare
931 3805 997 3849 non
1012 3803 1109 3867 posse
1125 3783 1183 3862 ait,
1208 3803 1314 3864 neque
1329 3803 1401 3848 cum
1419 3781 1548 3850 ratione

298 3905 450 3966 umquam
467 3887 647 3970 culpandos
666 3910 750 3956 esse.
776 3943 783 3957 .
809 3945 816 3958 .
843 3943 849 3956 .
882 3889 1002 3973 Reges,
1027 3911 1111 3974 quae
1134 3889 1307 3974 imperant,
1332 3892 1418 3956 iustu
1439 3889 1548 3973 facere

298 3993 505 4076 imperando,
536 4015 617 4080 quae
645 4003 768 4078 cetaut,
798 3996 978 4063 iniusta“⁶.
1025 3997 1167 4082 Spiacaa
1196 3994 1459 4078 (1632-1677),
1491 3995 1547 4079 qui

298 4159 430 4166 -—--.-

390 4253 399 4284 ¹
418 4253 551 4306 Samuelis
568 4255 601 4306 de
621 4253 723 4322 Cocceyt
741 4255 909 4310 Introductio
927 4256 962 4310 ad
982 4256 1065 4310 Henr.
1085 4256 1119 4310 de
1138 4255 1245 4327 Cocceji
1267 4255 1408 4324 ,Grotium
1427 4253 1546 4309 illustra·

296 4340 384 4405 tnm‘,
401 4337 562 4394 Lansannse
582 4341 660 4406 1751,
679 4342 787 4396 dissert.
810 4343 851 4405 10,
870 4361 893 4397 c.
915 4345 937 4410 1,
957 4343 975 4411 ἦ
994 4343 1019 4397 6.

388 4426 457 4482 ¹1b.
476 4429 584 4485 dissert.
607 4431 653 4495 12,
679 4429 698 4486 1.
719 4433 749 4497 l,
774 4449 799 4486 c.
817 4431 850 4496 5,
873 4433 890 4500 β
908 4434 952 4488 19.
990 4433 1051 4487 Alia
1077 4433 1177 4488 similia
1195 4432 1352 4488 testimonia
1369 4437 1428 4486 tum
1448 4435 1475 4486 ia
1494 4431 1546 4488 hac

297 4519 356 4571 tum
375 4517 403 4570 in
423 4517 531 4572 dissert.
553 4520 586 4574 10
605 4521 708 4590 passim
727 4519 864 4589 leguntur.

388 4607 399 4640 ⁸
421 4607 507 4673 ,Dese
526 4607 574 4662 der
593 4608 781 4664 Staatsdiener
806 4610 877 4665 such
896 4611 948 4664 den
966 4609 1103 4665 Pflichten
1122 4611 1170 4665 dar
1188 4610 1315 4678 Religion
1332 4609 1386 4663 und
1407 4607 1493 4663 Moral
1513 4625 1546 4662 zu

296 4703 424 4767 gendgen
442 4697 520 4764 habe,
540 4698 665 4752 versteht
682 4698 741 4752 sich
760 4717 814 4752 von
832 4698 928 4754 selbst
960 4699 1064 4754 Wdrde
1084 4701 1169 4754 etwas
1188 4717 1241 4752 von
1260 4698 1316 4754 ihm
1335 4698 1469 4766 verlangt‚
1489 4715 1546 4752 was

297 4788 373 4842 disse
391 4787 538 4848 verietate,
564 4805 595 4840 so
620 4787 685 4840 dari
707 4805 737 4840 er
760 4789 812 4841 mit
830 4786 904 4855 l'ng,
927 4786 957 4857 js
975 4805 1006 4840 er
1024 4803 1100 4841 muss
1119 4787 1301 4856 ungehorsum
1320 4787 1402 4841 essin.u
1443 4785 1545 4841 Staals-

296 4877 470 4932 worterbucb
488 4881 548 4932 Art
570 4878 788 4945 ,Staatsdiener‘
811 4877 912 4947 (szl).
949 4877 1463 4946 1111111111,8111111111111111851)
1486 4877 1545 4932 132.

386 4967 398 4999 ⁴
415 4965 447 5019 In
465 4965 608 5020 notissimo
626 4966 695 5020 libro
710 4967 749 5031 ,11
768 4966 916 5036 principe‘,
934 4965 1037 5020 Romae
1051 4967 1120 5020 1532
1133 4981 1194 5035 sqq,
1213 4983 1294 5035 quom
1313 4967 1417 5020 refutat
1430 4967 1544 5034 Saurea,

296 5053 338 5108 De
357 5053 411 5121 leg.
430 5052 449 5106 1.
469 5053 493 5117 3,
513 5072 536 5108 c.
557 5054 598 5118 12,
618 5053 635 5121 ἦ
654 5054 680 5108 2.
788 5053 859 5108 ‘De
878 5054 940 5108 cive
960 5055 1001 5116 12,
1020 5055 1046 5110 4.
