3909 5842
405 675 470 738 474
613 670 702 726 Sestio
719 672 754 725 11.
790 670 871 726 hiber
889 672 922 725 11.
961 671 1051 741 Caput
1069 671 1116 725 Ill.
1154 670 1293 725 Articulus
1313 671 1338 725 1.
1374 670 1435 738 Η.

405 848 542 913 cavendi
565 848 644 913 iuris
668 849 909 915 naturalist-
924 850 1050 916 scilicet
1072 853 1110 915 ut
1133 870 1172 914 eo
1196 848 1351 915 abutendi
1374 848 1577 932 possibilitas
1599 869 1654 914 ra·

405 952 592 1019 tionalismo
615 954 887 1021 subtraheretur?
911 992 955 1002 —
978 956 1025 1021 At
1047 976 1113 1020 non
1135 954 1268 1039 impune
1290 957 1408 1021 ceritas
1430 958 1570 1039 propter
1584 952 1654 1019 eius

406 1059 541 1125 abusum
566 1059 735 1129 deseritur.
781 1060 899 1127 Nonne
922 1061 1122 1128 fructuosius
1145 1061 1315 1127 doctorum
1339 1060 1483 1127 virorum
1509 1059 1654 1127 studium

405 1165 438 1229 in
469 1165 681 1233 discernendo
711 1170 848 1254 pennino
877 1168 948 1233 iure
978 1174 1117 1237 naturae
1148 1168 1190 1234 ab
1215 1168 1360 1234 eiusdem
1383 1167 1563 1235 arbitraria
1585 1190 1655 1234 cor·
1773 1239 1774 1246 ,

407 1275 531 1359 ruptelc
561 1272 755 1340 collocatum
787 1274 914 1355 luisset,
946 1275 1037 1341 cuius
1066 1276 1114 1341 rei
1144 1274 1319 1342 utilissima
1348 1295 1428 1341 sane
1457 1276 1655 1341 documenta

405 1377 455 1444 ius
480 1380 799 1447 consuetudinarium
823 1381 1082 1466 suppeditabat?

702 1560 852 1634 Notauda
874 1561 915 1635 ad
938 1562 1112 1637 solvendas
1135 1562 1357 1637 dffleulmtcs.

408 1680 477 1753 562.
570 1686 599 1751 1.
628 1685 703 1751 Non
734 1686 911 1752 asserimus
941 1687 1088 1753 ordinem
1117 1686 1287 1753 inridieum
1315 1687 1493 1753 secundum
1517 1687 1655 1754 eandem

408 1790 632 1857 extensionem
656 1795 851 1859 reeterctiter
874 1796 1022 1859 cecinere
1045 1802 1073 1859 et
1094 1797 1158 1859 cim
1181 1795 1306 1877 hebere,
1337 1815 1403 1877 qua
1428 1794 1516 1859 idem
1539 1794 1576 1858 in
1597 1794 1657 1858 hu·
1773 1804 1775 1870 ῑ

407 1918 505 1963 mana
528 1898 687 1965 societate
709 1903 911 1967 necessarius
934 1922 1000 1966 esse
1025 1900 1245 1983 intellegiturr
1269 1901 1328 1966 sed
1343 1902 1431 1967 ultro
1447 1900 1657 1983 agnoscimus
1773 1885 1775 1912 '

408 2024 481 2068 eum
506 2004 702 2072 naturaliter
724 2006 881 2089 indigere,
905 2010 943 2072 ut
965 2027 1025 2091 per
1047 2006 1280 2073 auctoritatem
1302 2007 1490 2083 humanam,
1518 2007 1554 2073 vi
1577 2008 1657 2073 iuris

408 2114 548 2179 naturae
578 2111 620 2177 ad
650 2110 711 2177 hoc
740 2112 846 2195 ipsum
871 2112 1008 2198 provide
1030 2112 1227 2191 institutam,
1258 2114 1293 2177 irc
1324 2117 1432 2180 matis
1462 2116 1658 2199 compleatur
1773 2193 1774 2198 ἵ

409 2222 443 2284 et
466 2218 641 2284 seeundum
667 2218 821 2285 adiuncta
843 2219 876 2283 in
901 2220 969 2285 dies
990 2218 1159 2285 mutabilia
1190 2220 1416 2285 determinetur
1433 2228 1463 2286 et
1478 2222 1658 2306 applicetur

409 2323 465 2407 (cf.
490 2346 520 2391 n.
545 2324 635 2409 289).
1773 2331 1775 2358 *

410 2444 478 2517 56³.
570 2452 599 2515 2.
631 2450 719 2526 lura,
753 2470 836 2531 quae
867 2448 998 2515 aliunde
1027 2468 1087 2533 per
1116 2469 1152 2514 se
1179 2447 1345 2515 naturalia
1368 2468 1441 2513 esse
1463 2449 1657 2531 probantur,
1773 2537 1774 2544 ἵ

409 2574 473 2619 non
497 2554 570 2619 ideo
586 2554 710 2621 iuribus
725 2556 877 2640 positivis
893 2556 1101 2622 adnumerari
1124 2556 1253 2632 debent,
1279 2555 1365 2638 quod
1379 2554 1569 2620 hominibus
1583 2558 1659 2621 actu
1773 2561 1774 2642 i

409 2660 444 2724 in
467 2660 626 2727 societate
650 2660 738 2726 civili
761 2662 948 2727 viventibus
972 2662 1149 2745 aliquando
1172 2682 1236 2726 non
1259 2660 1519 2745 independenter
1539 2660 1583 2726 iis
1612 2662 1659 2727 nti

410 2766 519 2832 liceat.
551 2766 616 2832 Per
639 2768 793 2833 socialem
818 2768 937 2853 quippe
960 2774 995 2834 et
1018 2768 1206 2851 organicam
1230 2767 1532 2834 subordinationem
1555 2767 1660 2833 homi·
1773 2763 1774 2834 ἶ

410 2892 487 2936 num
518 2893 653 2939 necesse
681 2878 733 2939 est
755 2875 860 2939 multa
883 2874 955 2940 iura
978 2878 1086 2960 quoad
1108 2898 1202 2941 esum
1224 2873 1390 2957 restringi,
1421 2894 1506 2956 quae
1535 2894 1599 2958 per
1624 2896 1660 2939 se
1773 2859 1774 2918 ss

409 2976 619 3044 nihilominus
649 2978 690 3045 iis
722 2980 919 3047 naturaliter
949 2985 984 3047 et
1012 2985 1181 3064 tamquam
1210 2979 1343 3065 propria
1372 2985 1576 3064 competunt.
1622 2980 1658 3045 Id
1773 3037 1774 3052 ,

411 3082 495 3147 enim
520 3104 690 3150 commune
714 3084 843 3165 bonnm,
868 3086 966 3151 immo
991 3086 1185 3151 exsistentia
1200 3084 1369 3152 societatis
1385 3085 1499 3170 exigit,
1525 3086 1577 3151 cui
1595 3086 1659 3151 sin·
1773 3125 1774 3130 κ

410 3188 479 3272 guli
508 3192 546 3255 ut
575 3191 721 3257 membra
751 3190 948 3259 inseruntur.
995 3192 1049 3257 lta
1078 3212 1106 3259 e.
1131 3212 1163 3274 g.
1188 3191 1276 3257 circa
1304 3190 1416 3257 varius
1445 3212 1498 3257 res
1522 3193 1579 3258 vel
1603 3214 1659 3276 pro

411 3294 511 3361 variis
528 3295 690 3363 adiunctis
707 3299 758 3362 ius
774 3298 995 3381 contrahendi,
1015 3297 1150 3363 tametsi
1164 3318 1224 3381 per
1238 3317 1274 3362 se
1290 3298 1451 3375 naturale,
1476 3318 1537 3381 per
1551 3298 1659 3381 legem

411 3400 539 3467 civilem
563 3402 663 3469 certis
685 3402 847 3485 legalibus
869 3402 985 3469 formis
1008 3403 1236 3486 adstringitur,
1259 3404 1377 3487 quibus
1395 3404 1558 3486 neglectis
1573 3404 1660 3469 illius

412 3510 516 3587 actua,
541 3509 752 3591 quantumvis
775 3510 972 3577 naturaliter
995 3509 1135 3587 validus,
1166 3509 1329 3593 publicam
1353 3514 1465 3576 tamen
1488 3508 1557 3575 vim
1582 3510 1660 3575 iuris

410 3612 532 3679 habere
555 3614 678 3698 nequit,
702 3615 800 3681 immo
824 3616 998 3699 aliquando
1022 3615 1110 3681 omni
1134 3615 1234 3682 etiam
1257 3615 1403 3682 naturali
1424 3615 1540 3681 valore
1559 3616 1660 3683 desti·

412 3719 524 3786 tuitur.
571 3720 790 3787 Nihilominus
820 3722 1054 3790 iusnaturale
1083 3721 1193 3789 valide
1221 3720 1436 3789 contrahendi
1460 3743 1526 3804 quc
1549 3722 1660 3789 talea

413 3825 499 3891 civili
524 3828 725 3895 auctoritate
748 3850 852 3911 neque
876 3830 975 3895 datur
998 3850 1104 3911 nsque
1126 3829 1265 3906 tollitur,
1289 3829 1348 3893 sed
1373 3850 1411 3893 ec
1425 3836 1528 3893 mente
1542 3836 1573 3894 et
1589 3850 1660 3893 cce·

412 3936 537 4000 toritete
568 3936 672 4021 ipsios
704 3939 844 4020 supremi
876 3939 1016 4002 auctoris
1048 3944 1187 4001 naturae
1216 3934 1423 4001 necessariae
1453 3933 1661 3999 condiciones

412 4040 647 4123 praefiguntur,
673 4040 789 4124 quibus
812 4041 894 4107 liber
916 4041 1004 4106 illius
1028 4062 1106 4106 usus
1126 4060 1199 4105 cum
1214 4044 1305 4105 recto
1321 4038 1437 4105 ordine
1452 4038 1570 4104 sociali
1586 4060 1661 4105 con·

413 4146 515 4212 ciliari
540 4148 655 4231 possit,
683 4168 761 4212 usus
786 4150 896 4213 autem
920 4145 1146 4213 communitati
1171 4144 1373 4229 perniciosus
1396 4144 1429 4210 in
1453 4148 1661 4211 antecessum

413 4272 472 4316 sua
496 4252 643 4319 efficacis
667 4254 824 4337 privetur.
858 4254 952 4320 Unde
977 4256 1116 4337 apparet
1138 4253 1201 4319 hac
1224 4251 1438 4336 dispositione
1453 4272 1661 4335 nequaquam

413 4358 609 4425 iusnaturae
622 4359 685 4425 iuri
698 4360 850 4444 positivo,
863 4360 921 4425 sed
932 4364 1047 4425 contra
1058 4360 1109 4424 ius
1121 4358 1297 4442 positivum
1304 4358 1367 4423 iuri
1379 4362 1519 4424 naturae
1532 4358 1664 4422 omnino

414 4464 629 4543 subordinari,
651 4466 809 4548 siquidem
831 4466 936 4532 omnis
956 4465 1123 4532 restrictio
1143 4463 1249 4542 huius,
1271 4484 1334 4547 ope
1354 4462 1443 4527 illius
1462 4462 1611 4539 inducta,
1631 4462 1663 4525 vi

414 4570 540 4635 altioris
564 4571 643 4635 iuris
668 4575 805 4637 naturae
829 4576 1008 4655 praecepta
1031 4574 1082 4636 est
1105 4570 1240 4652 eiusque
1262 4569 1381 4633 finibus
1404 4568 1581 4634 subservit.

414 4696 643 4705 ..φφ-...-
657 4700 696 4705 ...-

414 4750 538 4799 naturam
558 4748 645 4817 ipsam
664 4748 769 4815 refert),
789 4746 921 4801 eiusmodi
939 4745 1077 4800 historicis
1089 4743 1210 4798 moribus
1229 4744 1380 4810 generatim
1395 4742 1452 4797 vim
1464 4741 1585 4811 legitimi
1597 4742 1663 4795 iuris

415 4834 563 4887 attribuero
581 4852 634 4888 non
653 4834 760 4899 audent,
779 4834 832 4888 nisi
851 4834 959 4889 aliunde
978 4837 1069 4888 rectae
1088 4829 1201 4886 rationis
1219 4829 1319 4887 iudicio
1338 4834 1491 4902 appareant
1506 4832 1664 4900 „mmntiter

414 4930 438 4977 ct
455 4925 571 4977 r'ura'dr'ee
584 4922 750 4993 possibilea“‚
777 4923 794 4978 i.
814 4941 837 4977 e.
864 4924 916 4977 iuri
939 4926 1053 4977 naturae
1079 4923 1238 4977 conformes.
1277 4920 1319 4976 cf.
1338 4920 1523 4989 Warakdnip,
1550 4920 1663 4974 Rechts

415 5012 618 5084 philosophie§
640 5014 786 5067 140-151.
