<?xml version="1.0" encoding="UTF-8"?>
<!DOCTYPE html PUBLIC "-//W3C//DTD XHTML 1.0 Transitional//EN"
    "http://www.w3.org/TR/xhtml1/DTD/xhtml1-transitional.dtd">
<html xmlns="http://www.w3.org/1999/xhtml" xml:lang="en" lang="en">
 <head>
  <title>
</title>
<meta http-equiv="Content-Type" content="text/html;charset=utf-8" />
  <meta name='ocr-system' content='tesseract 3.04.00' />
  <meta name='ocr-capabilities' content='ocr_page ocr_carea ocr_par ocr_line ocrx_word'/>
</head>
<body>
  <div class='ocr_page' id='page_1' title='image "./institutionesiu00meyegoog_0553.png"; bbox 0 0 3909 5842; ppageno 0'>
   <div class='ocr_carea' id='block_1_1' title="bbox 792 687 1573 755">
    <p class='ocr_par' dir='ltr' id='par_1_1' title="bbox 792 687 1573 755">
     <span class='ocr_line' id='line_1_1' title="bbox 792 687 1573 755; baseline 0.017 -14"><span class='ocrx_word' id='word_1_1' title='bbox 792 688 832 743; x_wconf 92' lang='lat' dir='ltr'><strong>De</strong></span> <span class='ocrx_word' id='word_1_2' title='bbox 851 687 991 743; x_wconf 78' lang='lat' dir='ltr'><strong>collisione</strong></span> <span class='ocrx_word' id='word_1_3' title='bbox 1009 687 1117 743; x_wconf 76' lang='lat' dir='ltr'><strong>iunium.</strong></span> <span class='ocrx_word' id='word_1_4' title='bbox 1511 690 1573 755; x_wconf 85' lang='lat'><strong>501</strong></span> 
     </span>
    </p>
   </div>
   <div class='ocr_carea' id='block_1_2' title="bbox 328 868 1577 5115">
    <p class='ocr_par' dir='ltr' id='par_1_2' title="bbox 329 868 1576 1150">
     <span class='ocr_line' id='line_1_2' title="bbox 329 868 1576 952; baseline -0.002 -17"><span class='ocrx_word' id='word_1_5' title='bbox 329 868 416 935; x_wconf 91' lang='lat' dir='ltr'><strong>enim</strong></span> <span class='ocrx_word' id='word_1_6' title='bbox 446 868 701 937; x_wconf 87' lang='lat' dir='ltr'><strong>inalienabilitas</strong></span> <span class='ocrx_word' id='word_1_7' title='bbox 731 868 811 935; x_wconf 87' lang='lat' dir='ltr'><strong>iuris</strong></span> <span class='ocrx_word' id='word_1_8' title='bbox 840 869 1029 937; x_wconf 88' lang='lat' dir='ltr'><strong>immediate</strong></span> <span class='ocrx_word' id='word_1_9' title='bbox 1052 868 1169 935; x_wconf 87' lang='lat' dir='ltr'><strong>nititur</strong></span> <span class='ocrx_word' id='word_1_10' title='bbox 1192 869 1226 933; x_wconf 91' lang='lat' dir='ltr'><strong>in</strong></span> <span class='ocrx_word' id='word_1_11' title='bbox 1250 868 1357 934; x_wconf 84' lang='lat' dir='ltr'><strong>cilicio</strong></span> <span class='ocrx_word' id='word_1_12' title='bbox 1382 868 1435 933; x_wconf 90' lang='lat' dir='ltr'><strong>vel</strong></span> <span class='ocrx_word' id='word_1_13' title='bbox 1458 890 1517 952; x_wconf 89' lang='lat' dir='ltr'><strong>per</strong></span> <span class='ocrx_word' id='word_1_14' title='bbox 1540 890 1576 933; x_wconf 88' lang='lat' dir='ltr'><strong>sc</strong></span> 
     </span>
     <span class='ocr_line' id='line_1_3' title="bbox 329 974 1576 1061; baseline 0 -20"><span class='ocrx_word' id='word_1_15' title='bbox 329 976 486 1058; x_wconf 82' lang='lat' dir='ltr'><strong>negativo</strong></span> <span class='ocrx_word' id='word_1_16' title='bbox 510 976 564 1041; x_wconf 89' lang='lat' dir='ltr'><strong>vel</strong></span> <span class='ocrx_word' id='word_1_17' title='bbox 587 976 719 1042; x_wconf 80' lang='lat' dir='ltr'>aliunde</span> <span class='ocrx_word' id='word_1_18' title='bbox 742 975 903 1055; x_wconf 87' lang='lat' dir='ltr'><strong>absoluto,</strong></span> <span class='ocrx_word' id='word_1_19' title='bbox 928 976 1015 1059; x_wconf 91' lang='lat' dir='ltr'><strong>quod</strong></span> <span class='ocrx_word' id='word_1_20' title='bbox 1031 975 1203 1059; x_wconf 90' lang='lat' dir='ltr'><strong>adimpleri</strong></span> <span class='ocrx_word' id='word_1_21' title='bbox 1218 997 1284 1041; x_wconf 90' lang='lat' dir='ltr'><strong>non</strong></span> <span class='ocrx_word' id='word_1_22' title='bbox 1299 974 1415 1060; x_wconf 79' lang='lat' dir='ltr'><strong>possit,</strong></span> <span class='ocrx_word' id='word_1_23' title='bbox 1439 975 1502 1041; x_wconf 87' lang='lat' dir='ltr'><strong>nisi</strong></span> <span class='ocrx_word' id='word_1_24' title='bbox 1517 998 1576 1061; x_wconf 90' lang='lat' dir='ltr'><strong>par</strong></span> 
     </span>
     <span class='ocr_line' id='line_1_4' title="bbox 330 1082 804 1150; baseline -0.002 -1"><span class='ocrx_word' id='word_1_25' title='bbox 330 1083 475 1149; x_wconf 90' lang='lat' dir='ltr'><strong>eiusdem</strong></span> <span class='ocrx_word' id='word_1_26' title='bbox 498 1082 578 1147; x_wconf 90' lang='lat' dir='ltr'><strong>iuris</strong></span> <span class='ocrx_word' id='word_1_27' title='bbox 601 1082 804 1150; x_wconf 78' lang='lat' dir='ltr'><strong>exercitium.</strong></span> 
     </span>
    </p>

    <p class='ocr_par' dir='ltr' id='par_1_3' title="bbox 329 1188 1577 1488">
     <span class='ocr_line' id='line_1_5' title="bbox 420 1188 1576 1275; baseline 0 -20"><span class='ocrx_word' id='word_1_28' title='bbox 420 1193 450 1257; x_wconf 89' lang='lat'><strong>3.</strong></span> <span class='ocrx_word' id='word_1_29' title='bbox 482 1188 537 1255; x_wconf 88' lang='lat' dir='ltr'><strong>Ius</strong></span> <span class='ocrx_word' id='word_1_30' title='bbox 568 1189 778 1257; x_wconf 77' lang='lat' dir='ltr'><strong>inalienabile</strong></span> <span class='ocrx_word' id='word_1_31' title='bbox 810 1212 869 1275; x_wconf 92' lang='lat' dir='ltr'><strong>per</strong></span> <span class='ocrx_word' id='word_1_32' title='bbox 900 1212 937 1255; x_wconf 91' lang='lat' dir='ltr'><strong>se</strong></span> <span class='ocrx_word' id='word_1_33' title='bbox 970 1191 1057 1257; x_wconf 91' lang='lat' dir='ltr'><strong>omni</strong></span> <span class='ocrx_word' id='word_1_34' title='bbox 1090 1190 1259 1257; x_wconf 87' lang='lat' dir='ltr'><strong>alienabili</strong></span> <span class='ocrx_word' id='word_1_35' title='bbox 1290 1189 1478 1275; x_wconf 88' lang='lat' dir='ltr'><strong>praevalet,</strong></span> <span class='ocrx_word' id='word_1_36' title='bbox 1511 1212 1576 1255; x_wconf 89' lang='lat' dir='ltr'><strong>uon</strong></span> 
     </span>
     <span class='ocr_line' id='line_1_6' title="bbox 330 1295 1577 1380; baseline 0 -17"><span class='ocrx_word' id='word_1_37' title='bbox 330 1318 424 1363; x_wconf 90' lang='lat' dir='ltr'><strong>secus</strong></span> <span class='ocrx_word' id='word_1_38' title='bbox 455 1317 493 1362; x_wconf 91' lang='lat' dir='ltr'><strong>ao</strong></span> <span class='ocrx_word' id='word_1_39' title='bbox 524 1295 666 1363; x_wconf 84' lang='lat' dir='ltr'><strong>officium</strong></span> <span class='ocrx_word' id='word_1_40' title='bbox 697 1296 887 1380; x_wconf 84' lang='lat' dir='ltr'><strong>negativum</strong></span> <span class='ocrx_word' id='word_1_41' title='bbox 904 1304 905 1309; x_wconf 76' lang='grc'>’</span> <span class='ocrx_word' id='word_1_42' title='bbox 920 1302 953 1365; x_wconf 89' lang='lat' dir='ltr'><strong>et</strong></span> <span class='ocrx_word' id='word_1_43' title='bbox 977 1297 1164 1367; x_wconf 86' lang='lat' dir='ltr'><strong>absolutum</strong></span> <span class='ocrx_word' id='word_1_44' title='bbox 1187 1296 1295 1363; x_wconf 87' lang='lat' dir='ltr'><strong>officio</strong></span> <span class='ocrx_word' id='word_1_45' title='bbox 1320 1296 1519 1363; x_wconf 86' lang='lat' dir='ltr'><strong>affirmativo</strong></span> <span class='ocrx_word' id='word_1_46' title='bbox 1543 1300 1577 1363; x_wconf 91' lang='lat' dir='ltr'><strong>et</strong></span> 
     </span>
     <span class='ocr_line' id='line_1_7' title="bbox 329 1402 565 1488; baseline 0.004 -20"><span class='ocrx_word' id='word_1_47' title='bbox 329 1402 565 1488; x_wconf 80' lang='lat' dir='ltr'><strong>hypothetico.&#39;</strong></span> 
     </span>
    </p>

    <p class='ocr_par' dir='ltr' id='par_1_4' title="bbox 329 1510 1577 2558">
     <span class='ocr_line' id='line_1_8' title="bbox 419 1510 1577 1598; baseline 0.003 -23"><span class='ocrx_word' id='word_1_48' title='bbox 419 1512 449 1576; x_wconf 86' lang='grc'><strong>4.</strong></span> <span class='ocrx_word' id='word_1_49' title='bbox 474 1510 550 1577; x_wconf 90' lang='lat' dir='ltr'><strong>Iura</strong></span> <span class='ocrx_word' id='word_1_50' title='bbox 574 1511 683 1591; x_wconf 91' lang='lat' dir='ltr'><strong>etiam,</strong></span> <span class='ocrx_word' id='word_1_51' title='bbox 716 1533 799 1595; x_wconf 88' lang='lat' dir='ltr'><strong>quae</strong></span> <span class='ocrx_word' id='word_1_52' title='bbox 830 1516 971 1578; x_wconf 90' lang='lat' dir='ltr'><strong>connata</strong></span> <span class='ocrx_word' id='word_1_53' title='bbox 1001 1532 1060 1578; x_wconf 89' lang='lat' dir='ltr'><strong>seu</strong></span> <span class='ocrx_word' id='word_1_54' title='bbox 1090 1512 1242 1579; x_wconf 86' lang='lat' dir='ltr'><strong>absoluta</strong></span> <span class='ocrx_word' id='word_1_55' title='bbox 1273 1512 1434 1591; x_wconf 90' lang='lat' dir='ltr'><strong>dicuutur,</strong></span> <span class='ocrx_word' id='word_1_56' title='bbox 1459 1536 1522 1598; x_wconf 83' lang='lat' dir='ltr'><strong>par</strong></span> <span class='ocrx_word' id='word_1_57' title='bbox 1544 1536 1577 1579; x_wconf 86' lang='lat' dir='ltr'><strong>sc</strong></span> 
     </span>
     <span class='ocr_line' id='line_1_9' title="bbox 329 1618 1577 1705; baseline 0.002 -22"><span class='ocrx_word' id='word_1_58' title='bbox 329 1618 485 1703; x_wconf 75' lang='lat' dir='ltr'><strong>loquendo</strong></span> <span class='ocrx_word' id='word_1_59' title='bbox 509 1626 536 1683; x_wconf 83' lang='lat' dir='ltr'><strong>ct</strong></span> <span class='ocrx_word' id='word_1_60' title='bbox 555 1622 664 1685; x_wconf 81' lang='lat' dir='ltr'><strong>ceteris</strong></span> <span class='ocrx_word' id='word_1_61' title='bbox 674 1621 821 1705; x_wconf 72' lang='lat' dir='ltr'><strong>poribus,</strong></span> <span class='ocrx_word' id='word_1_62' title='bbox 845 1618 969 1685; x_wconf 88' lang='lat' dir='ltr'><strong>iuribus</strong></span> <span class='ocrx_word' id='word_1_63' title='bbox 986 1618 1155 1701; x_wconf 77' lang='lat' dir='ltr'><strong>acquisitis</strong></span> <span class='ocrx_word' id='word_1_64' title='bbox 1171 1640 1229 1685; x_wconf 89' lang='lat' dir='ltr'><strong>seu</strong></span> <span class='ocrx_word' id='word_1_65' title='bbox 1244 1618 1465 1704; x_wconf 77' lang='lat' dir='ltr'><strong>hypotheticis</strong></span> <span class='ocrx_word' id='word_1_66' title='bbox 1481 1640 1577 1703; x_wconf 88' lang='lat' dir='ltr'><strong>prae·</strong></span> 
     </span>
     <span class='ocr_line' id='line_1_10' title="bbox 330 1722 1576 1810; baseline 0.005 -23"><span class='ocrx_word' id='word_1_67' title='bbox 330 1722 467 1789; x_wconf 82' lang='lat' dir='ltr'><strong>ferenda</strong></span> <span class='ocrx_word' id='word_1_68' title='bbox 489 1729 575 1791; x_wconf 86' lang='lat' dir='ltr'><strong>sunt.</strong></span> <span class='ocrx_word' id='word_1_69' title='bbox 607 1726 736 1791; x_wconf 79' lang='lat' dir='ltr'><strong>Dicitur</strong></span> <span class='ocrx_word' id='word_1_70' title='bbox 759 1729 868 1792; x_wconf 90' lang='lat' dir='ltr'><strong>autem</strong></span> <span class='ocrx_word' id='word_1_71' title='bbox 896 1747 974 1810; x_wconf 88' lang='lat' dir='ltr'><strong>,per</strong></span> <span class='ocrx_word' id='word_1_72' title='bbox 997 1747 1033 1791; x_wconf 89' lang='lat' dir='ltr'><strong>ee</strong></span> <span class='ocrx_word' id='word_1_73' title='bbox 1048 1726 1210 1808; x_wconf 89' lang='lat' dir='ltr'><strong>loquendo</strong></span> <span class='ocrx_word' id='word_1_74' title='bbox 1227 1729 1261 1791; x_wconf 88' lang='lat' dir='ltr'><strong>et</strong></span> <span class='ocrx_word' id='word_1_75' title='bbox 1276 1725 1396 1793; x_wconf 88' lang='lat' dir='ltr'><strong>ceteris</strong></span> <span class='ocrx_word' id='word_1_76' title='bbox 1410 1726 1576 1809; x_wconf 63' lang='lat' dir='ltr'><strong>paribusl.</strong></span> 
     </span>
     <span class='ocr_line' id='line_1_11' title="bbox 330 1829 1576 1915; baseline 0.002 -20"><span class='ocrx_word' id='word_1_77' title='bbox 330 1829 416 1895; x_wconf 89' lang='lat' dir='ltr'><strong>Nam</strong></span> <span class='ocrx_word' id='word_1_78' title='bbox 440 1830 655 1897; x_wconf 86' lang='lat' dir='ltr'><strong>consideratis</strong></span> <span class='ocrx_word' id='word_1_79' title='bbox 679 1832 805 1898; x_wconf 89' lang='lat' dir='ltr'><strong>cunctis</strong></span> <span class='ocrx_word' id='word_1_80' title='bbox 828 1853 936 1899; x_wconf 90' lang='lat' dir='ltr'><strong>rerum</strong></span> <span class='ocrx_word' id='word_1_81' title='bbox 960 1831 1145 1911; x_wconf 91' lang='lat' dir='ltr'><strong>momentis,</strong></span> <span class='ocrx_word' id='word_1_82' title='bbox 1169 1852 1254 1915; x_wconf 82' lang='lat' dir='ltr'><strong>quae</strong></span> <span class='ocrx_word' id='word_1_83' title='bbox 1276 1834 1409 1899; x_wconf 76' lang='lat' dir='ltr'><strong>aliunde</strong></span> <span class='ocrx_word' id='word_1_84' title='bbox 1423 1853 1482 1915; x_wconf 90' lang='lat' dir='ltr'><strong>per</strong></span> <span class='ocrx_word' id='word_1_85' title='bbox 1498 1853 1576 1898; x_wconf 88' lang='lat' dir='ltr'><strong>con-</strong></span> 
     </span>
     <span class='ocr_line' id='line_1_12' title="bbox 329 1937 1577 2024; baseline 0.002 -23"><span class='ocrx_word' id='word_1_86' title='bbox 329 1940 423 2003; x_wconf 90' lang='lat' dir='ltr'><strong>creta</strong></span> <span class='ocrx_word' id='word_1_87' title='bbox 446 1937 600 2004; x_wconf 90' lang='lat' dir='ltr'><strong>adiuncta</strong></span> <span class='ocrx_word' id='word_1_88' title='bbox 623 1940 780 2005; x_wconf 91' lang='lat' dir='ltr'><strong>accedere</strong></span> <span class='ocrx_word' id='word_1_89' title='bbox 804 1943 951 2024; x_wconf 87' lang='lat' dir='ltr'><strong>possunt,</strong></span> <span class='ocrx_word' id='word_1_90' title='bbox 976 1960 1042 2004; x_wconf 91' lang='lat' dir='ltr'><strong>non</strong></span> <span class='ocrx_word' id='word_1_91' title='bbox 1065 1960 1141 2005; x_wconf 88' lang='lat' dir='ltr'><strong>raro</strong></span> <span class='ocrx_word' id='word_1_92' title='bbox 1165 1938 1285 2017; x_wconf 87' lang='lat' dir='ltr'><strong>evenit,</strong></span> <span class='ocrx_word' id='word_1_93' title='bbox 1311 1943 1348 2006; x_wconf 93' lang='lat' dir='ltr'><strong>ut</strong></span> <span class='ocrx_word' id='word_1_94' title='bbox 1370 1942 1462 2005; x_wconf 87' lang='lat' dir='ltr'><strong>recta</strong></span> <span class='ocrx_word' id='word_1_95' title='bbox 1481 1938 1577 2017; x_wconf 86' lang='lat' dir='ltr'><strong>ratio,</strong></span> 
     </span>
     <span class='ocr_line' id='line_1_13' title="bbox 329 2044 1577 2131; baseline 0.002 -22"><span class='ocrx_word' id='word_1_96' title='bbox 329 2044 448 2111; x_wconf 87' lang='lat' dir='ltr'><strong>saltem</strong></span> <span class='ocrx_word' id='word_1_97' title='bbox 472 2046 578 2127; x_wconf 89' lang='lat' dir='ltr'><strong>quoad</strong></span> <span class='ocrx_word' id='word_1_98' title='bbox 595 2046 758 2113; x_wconf 82' lang='lat' dir='ltr'><strong>actualem</strong></span> <span class='ocrx_word' id='word_1_99' title='bbox 780 2046 897 2112; x_wconf 87' lang='lat' dir='ltr'><strong>iurium</strong></span> <span class='ocrx_word' id='word_1_100' title='bbox 922 2068 1015 2111; x_wconf 90' lang='lat' dir='ltr'><strong>usum</strong></span> <span class='ocrx_word' id='word_1_101' title='bbox 1031 2044 1271 2120; x_wconf 75' lang='lat' dir='ltr'><strong>clemenciam,</strong></span> <span class='ocrx_word' id='word_1_102' title='bbox 1296 2050 1457 2113; x_wconf 71' lang='lat' dir='ltr'><strong>incernam</strong></span> <span class='ocrx_word' id='word_1_103' title='bbox 1467 2048 1577 2131; x_wconf 82' lang='lat' dir='ltr'><strong>potius</strong></span> 
     </span>
     <span class='ocr_line' id='line_1_14' title="bbox 329 2151 1575 2237; baseline 0.001 -21"><span class='ocrx_word' id='word_1_104' title='bbox 329 2151 607 2234; x_wconf 83' lang='lat' dir='ltr'><strong>praeeminentiae</strong></span> <span class='ocrx_word' id='word_1_105' title='bbox 630 2153 776 2218; x_wconf 87' lang='lat' dir='ltr'><strong>ordinem</strong></span> <span class='ocrx_word' id='word_1_106' title='bbox 799 2153 910 2220; x_wconf 82' lang='lat' dir='ltr'><strong>dictet.</strong></span> <span class='ocrx_word' id='word_1_107' title='bbox 945 2153 1030 2218; x_wconf 89' lang='lat' dir='ltr'><strong>Sunt</strong></span> <span class='ocrx_word' id='word_1_108' title='bbox 1045 2156 1156 2218; x_wconf 88' lang='lat' dir='ltr'><strong>autern</strong></span> <span class='ocrx_word' id='word_1_109' title='bbox 1179 2176 1289 2217; x_wconf 84' lang='lat' dir='ltr'><strong>rerum</strong></span> <span class='ocrx_word' id='word_1_110' title='bbox 1312 2161 1478 2237; x_wconf 76' lang='lat' dir='ltr'><strong>moincnto,</strong></span> <span class='ocrx_word' id='word_1_111' title='bbox 1503 2152 1575 2235; x_wconf 91' lang='lat' dir='ltr'><strong>qui-</strong></span> 
     </span>
     <span class='ocr_line' id='line_1_15' title="bbox 330 2257 1577 2344; baseline 0.002 -21"><span class='ocrx_word' id='word_1_112' title='bbox 330 2257 390 2323; x_wconf 88' lang='lat' dir='ltr'><strong>bus</strong></span> <span class='ocrx_word' id='word_1_113' title='bbox 413 2258 445 2323; x_wconf 91' lang='lat' dir='ltr'><strong>in</strong></span> <span class='ocrx_word' id='word_1_114' title='bbox 470 2258 557 2324; x_wconf 91' lang='lat' dir='ltr'><strong>omni</strong></span> <span class='ocrx_word' id='word_1_115' title='bbox 581 2280 659 2325; x_wconf 88' lang='lat' dir='ltr'><strong>casu</strong></span> <span class='ocrx_word' id='word_1_116' title='bbox 683 2260 875 2344; x_wconf 86' lang='lat' dir='ltr'><strong>particulari</strong></span> <span class='ocrx_word' id='word_1_117' title='bbox 898 2259 1051 2325; x_wconf 92' lang='lat' dir='ltr'><strong>iudicium</strong></span> <span class='ocrx_word' id='word_1_118' title='bbox 1075 2258 1108 2323; x_wconf 93' lang='lat' dir='ltr'><strong>in</strong></span> <span class='ocrx_word' id='word_1_119' title='bbox 1131 2258 1194 2325; x_wconf 91' lang='lat' dir='ltr'><strong>hac</strong></span> <span class='ocrx_word' id='word_1_120' title='bbox 1210 2280 1246 2325; x_wconf 92' lang='lat' dir='ltr'><strong>re</strong></span> <span class='ocrx_word' id='word_1_121' title='bbox 1261 2259 1358 2342; x_wconf 83' lang='lat' dir='ltr'><strong>dirigi</strong></span> <span class='ocrx_word' id='word_1_122' title='bbox 1375 2259 1482 2338; x_wconf 86' lang='lat' dir='ltr'><strong>debet,</strong></span> <span class='ocrx_word' id='word_1_123' title='bbox 1507 2260 1577 2325; x_wconf 86' lang='lat' dir='ltr'><strong>fore</strong></span> 
     </span>
     <span class='ocr_line' id='line_1_16' title="bbox 331 2364 1577 2451; baseline 0.002 -22"><span class='ocrx_word' id='word_1_124' title='bbox 331 2364 454 2443; x_wconf 88' lang='lat' dir='ltr'><strong>eadem,</strong></span> <span class='ocrx_word' id='word_1_125' title='bbox 486 2386 570 2448; x_wconf 88' lang='lat' dir='ltr'><strong>quae</strong></span> <span class='ocrx_word' id='word_1_126' title='bbox 600 2370 634 2433; x_wconf 91' lang='lat' dir='ltr'><strong>et</strong></span> <span class='ocrx_word' id='word_1_127' title='bbox 657 2388 716 2451; x_wconf 89' lang='lat' dir='ltr'><strong>pro</strong></span> <span class='ocrx_word' id='word_1_128' title='bbox 741 2366 856 2432; x_wconf 89' lang='lat' dir='ltr'><strong>officiis</strong></span> <span class='ocrx_word' id='word_1_129' title='bbox 879 2365 967 2432; x_wconf 91' lang='lat' dir='ltr'><strong>inter</strong></span> <span class='ocrx_word' id='word_1_130' title='bbox 990 2387 1027 2431; x_wconf 90' lang='lat' dir='ltr'><strong>se</strong></span> <span class='ocrx_word' id='word_1_131' title='bbox 1050 2368 1140 2432; x_wconf 87' lang='lat' dir='ltr'><strong>recte</strong></span> <span class='ocrx_word' id='word_1_132' title='bbox 1163 2366 1378 2433; x_wconf 89' lang='lat' dir='ltr'><strong>aestimandis</strong></span> <span class='ocrx_word' id='word_1_133' title='bbox 1401 2388 1502 2451; x_wconf 88' lang='lat' dir='ltr'><strong>supra</strong></span> <span class='ocrx_word' id='word_1_134' title='bbox 1524 2388 1577 2432; x_wconf 89' lang='lat' dir='ltr'><strong>re·</strong></span> 
     </span>
     <span class='ocr_line' id='line_1_17' title="bbox 331 2472 737 2558; baseline 0.017 -24"><span class='ocrx_word' id='word_1_135' title='bbox 331 2472 457 2538; x_wconf 87' lang='lat' dir='ltr'><strong>consita</strong></span> <span class='ocrx_word' id='word_1_136' title='bbox 480 2476 557 2539; x_wconf 90' lang='lat' dir='ltr'><strong>sunt</strong></span> <span class='ocrx_word' id='word_1_137' title='bbox 580 2472 625 2556; x_wconf 90' lang='lat' dir='ltr'><strong>(n.</strong></span> <span class='ocrx_word' id='word_1_138' title='bbox 648 2473 737 2558; x_wconf 82' lang='lat'>594).</span> 
     </span>
    </p>

    <p class='ocr_par' dir='ltr' id='par_1_5' title="bbox 328 2578 1577 5115">
     <span class='ocr_line' id='line_1_18' title="bbox 421 2578 1576 2666; baseline 0.002 -23"><span class='ocrx_word' id='word_1_139' title='bbox 421 2580 451 2645; x_wconf 88' lang='lat'><strong>5.</strong></span> <span class='ocrx_word' id='word_1_140' title='bbox 475 2578 597 2656; x_wconf 83' lang='lat' dir='ltr'><strong>Quodsi</strong></span> <span class='ocrx_word' id='word_1_141' title='bbox 621 2580 672 2645; x_wconf 88' lang='lat' dir='ltr'><strong>ius</strong></span> <span class='ocrx_word' id='word_1_142' title='bbox 694 2584 844 2647; x_wconf 81' lang='lat' dir='ltr'><strong>naturale</strong></span> <span class='ocrx_word' id='word_1_143' title='bbox 867 2602 925 2664; x_wconf 92' lang='lat' dir='ltr'><strong>per</strong></span> <span class='ocrx_word' id='word_1_144' title='bbox 948 2600 984 2645; x_wconf 89' lang='lat' dir='ltr'><strong>sc</strong></span> <span class='ocrx_word' id='word_1_145' title='bbox 1009 2579 1182 2645; x_wconf 89' lang='lat' dir='ltr'><strong>alienabile</strong></span> <span class='ocrx_word' id='word_1_146' title='bbox 1205 2601 1279 2645; x_wconf 92' lang='lat' dir='ltr'><strong>cum</strong></span> <span class='ocrx_word' id='word_1_147' title='bbox 1303 2584 1394 2647; x_wconf 87' lang='lat' dir='ltr'><strong>certo</strong></span> <span class='ocrx_word' id='word_1_148' title='bbox 1409 2580 1480 2645; x_wconf 92' lang='lat' dir='ltr'><strong>iuro</strong></span> <span class='ocrx_word' id='word_1_149' title='bbox 1493 2584 1576 2666; x_wconf 84' lang='lat' dir='ltr'><strong>posi·</strong></span> 
     </span>
     <span class='ocr_line' id='line_1_19' title="bbox 330 2679 1577 2769; baseline 0.002 -20"><span class='ocrx_word' id='word_1_150' title='bbox 330 2686 392 2749; x_wconf 83' lang='lat' dir='ltr'><strong>tiro</strong></span> <span class='ocrx_word' id='word_1_151' title='bbox 415 2684 562 2769; x_wconf 82' lang='lat' dir='ltr'><strong>legitime</strong></span> <span class='ocrx_word' id='word_1_152' title='bbox 586 2688 767 2754; x_wconf 88' lang='lat' dir='ltr'><strong>const&#39;tuto</strong></span> <span class='ocrx_word' id='word_1_153' title='bbox 790 2688 1002 2753; x_wconf 76' lang='lat' dir='ltr'><strong>materialiter</strong></span> <span class='ocrx_word' id='word_1_154' title='bbox 1024 2686 1179 2752; x_wconf 90' lang='lat' dir='ltr'><strong>collidere</strong></span> <span class='ocrx_word' id='word_1_155' title='bbox 1194 2686 1334 2765; x_wconf 85' lang='lat' dir='ltr'><strong>videtur,</strong></span> <span class='ocrx_word' id='word_1_156' title='bbox 1358 2679 1479 2753; x_wconf 89' lang='lat' dir='ltr'><strong>intuitu</strong></span> <span class='ocrx_word' id='word_1_157' title='bbox 1494 2686 1577 2753; x_wconf 88' lang='lat' dir='ltr'><strong>recti</strong></span> 
     </span>
     <span class='ocr_line' id='line_1_20' title="bbox 332 2791 1577 2880; baseline 0.001 -23"><span class='ocrx_word' id='word_1_158' title='bbox 332 2791 455 2858; x_wconf 89' lang='lat' dir='ltr'><strong>ordinis</strong></span> <span class='ocrx_word' id='word_1_159' title='bbox 478 2794 609 2861; x_wconf 88' lang='lat' dir='ltr'><strong>socialis</strong></span> <span class='ocrx_word' id='word_1_160' title='bbox 632 2794 824 2879; x_wconf 89' lang='lat' dir='ltr'><strong>praevalere</strong></span> <span class='ocrx_word' id='word_1_161' title='bbox 848 2794 1020 2859; x_wconf 90' lang='lat' dir='ltr'><strong>dicendum</strong></span> <span class='ocrx_word' id='word_1_162' title='bbox 1044 2797 1096 2860; x_wconf 86' lang='lat' dir='ltr'><strong>est</strong></span> <span class='ocrx_word' id='word_1_163' title='bbox 1118 2794 1169 2859; x_wconf 92' lang='lat' dir='ltr'><strong>ius</strong></span> <span class='ocrx_word' id='word_1_164' title='bbox 1191 2796 1381 2880; x_wconf 62' lang='lat' dir='ltr'><strong>positivum</strong></span> <span class='ocrx_word' id='word_1_165' title='bbox 1401 2814 1465 2859; x_wconf 93' lang='lat' dir='ltr'><strong>non</strong></span> <span class='ocrx_word' id='word_1_166' title='bbox 1489 2793 1577 2875; x_wconf 89' lang='lat' dir='ltr'><strong>quod</strong></span> 
     </span>
     <span class='ocr_line' id='line_1_21' title="bbox 331 2898 1576 2984; baseline 0.002 -22"><span class='ocrx_word' id='word_1_167' title='bbox 331 2898 392 2965; x_wconf 91' lang='lat' dir='ltr'><strong>hoc</strong></span> <span class='ocrx_word' id='word_1_168' title='bbox 421 2920 481 2984; x_wconf 91' lang='lat' dir='ltr'><strong>per</strong></span> <span class='ocrx_word' id='word_1_169' title='bbox 510 2923 545 2967; x_wconf 89' lang='lat' dir='ltr'><strong>se</strong></span> <span class='ocrx_word' id='word_1_170' title='bbox 576 2902 704 2969; x_wconf 86' lang='lat' dir='ltr'><strong>altioris</strong></span> <span class='ocrx_word' id='word_1_171' title='bbox 735 2901 856 2967; x_wconf 87' lang='lat' dir='ltr'><strong>ordinis</strong></span> <span class='ocrx_word' id='word_1_172' title='bbox 887 2922 960 2967; x_wconf 85' lang='lat' dir='ltr'><strong>esse</strong></span> <span class='ocrx_word' id='word_1_173' title='bbox 983 2900 1146 2980; x_wconf 87' lang='lat' dir='ltr'><strong>videatur,</strong></span> <span class='ocrx_word' id='word_1_174' title='bbox 1177 2901 1235 2967; x_wconf 89' lang='lat' dir='ltr'><strong>sed</strong></span> <span class='ocrx_word' id='word_1_175' title='bbox 1259 2900 1346 2984; x_wconf 89' lang='lat' dir='ltr'><strong>quod</strong></span> <span class='ocrx_word' id='word_1_176' title='bbox 1369 2903 1521 2967; x_wconf 89' lang='lat' dir='ltr'><strong>censetur</strong></span> <span class='ocrx_word' id='word_1_177' title='bbox 1543 2899 1576 2965; x_wconf 94' lang='lat' dir='ltr'><strong>id</strong></span> 
     </span>
     <span class='ocr_line' id='line_1_22' title="bbox 330 3002 1576 3093; baseline 0.002 -23"><span class='ocrx_word' id='word_1_178' title='bbox 330 3002 436 3088; x_wconf 90' lang='lat' dir='ltr'><strong>ipsum</strong></span> <span class='ocrx_word' id='word_1_179' title='bbox 459 3006 491 3071; x_wconf 94' lang='lat' dir='ltr'><strong>in</strong></span> <span class='ocrx_word' id='word_1_180' title='bbox 513 3010 709 3093; x_wconf 66' lang='lat' dir='ltr'><strong>particulari</strong></span> <span class='ocrx_word' id='word_1_181' title='bbox 732 3006 985 3075; x_wconf 90' lang='lat' dir='ltr'><strong>determinatum</strong></span> <span class='ocrx_word' id='word_1_182' title='bbox 1008 3011 1165 3085; x_wconf 85' lang='lat' dir='ltr'><strong>statuere,</strong></span> <span class='ocrx_word' id='word_1_183' title='bbox 1190 3008 1276 3090; x_wconf 92' lang='lat' dir='ltr'><strong>quod</strong></span> <span class='ocrx_word' id='word_1_184' title='bbox 1299 3007 1350 3072; x_wconf 92' lang='lat' dir='ltr'><strong>ius</strong></span> <span class='ocrx_word' id='word_1_185' title='bbox 1372 3011 1512 3074; x_wconf 87' lang='lat' dir='ltr'><strong>naturae</strong></span> <span class='ocrx_word' id='word_1_186' title='bbox 1525 3029 1576 3092; x_wconf 73' lang='lat' dir='ltr'><strong>pc·</strong></span> 
     </span>
     <span class='ocr_line' id='line_1_23' title="bbox 330 3112 1577 3197; baseline 0.002 -22"><span class='ocrx_word' id='word_1_187' title='bbox 330 3115 467 3177; x_wconf 67' lang='lat' dir='ltr'><strong>iteratim</strong></span> <span class='ocrx_word' id='word_1_188' title='bbox 491 3117 525 3179; x_wconf 89' lang='lat' dir='ltr'><strong>et</strong></span> <span class='ocrx_word' id='word_1_189' title='bbox 549 3114 636 3180; x_wconf 90' lang='lat' dir='ltr'><strong>circa</strong></span> <span class='ocrx_word' id='word_1_190' title='bbox 654 3118 841 3181; x_wconf 90' lang='lat' dir='ltr'><strong>concretam</strong></span> <span class='ocrx_word' id='word_1_191' title='bbox 858 3112 1165 3180; x_wconf 89' lang='lat' dir='ltr'><strong>determinationem</strong></span> <span class='ocrx_word' id='word_1_192' title='bbox 1182 3114 1438 3197; x_wconf 91' lang='lat' dir='ltr'><strong>comprehendit.</strong></span> <span class='ocrx_word' id='word_1_193' title='bbox 1469 3114 1577 3191; x_wconf 82' lang='lat' dir='ltr'><strong>Quare</strong></span> 
     </span>
     <span class='ocr_line' id='line_1_24' title="bbox 331 3217 1576 3304; baseline 0.002 -22"><span class='ocrx_word' id='word_1_194' title='bbox 331 3217 412 3283; x_wconf 87' lang='lat' dir='ltr'><strong>haec</strong></span> <span class='ocrx_word' id='word_1_195' title='bbox 435 3241 498 3285; x_wconf 91' lang='lat' dir='ltr'><strong>non</strong></span> <span class='ocrx_word' id='word_1_196' title='bbox 522 3226 591 3287; x_wconf 87' lang='lat' dir='ltr'><strong>tam</strong></span> <span class='ocrx_word' id='word_1_197' title='bbox 615 3222 695 3288; x_wconf 91' lang='lat' dir='ltr'><strong>iuris</strong></span> <span class='ocrx_word' id='word_1_198' title='bbox 719 3220 854 3299; x_wconf 89' lang='lat' dir='ltr'><strong>collisio,</strong></span> <span class='ocrx_word' id='word_1_199' title='bbox 880 3242 978 3304; x_wconf 92' lang='lat' dir='ltr'><strong>quam</strong></span> <span class='ocrx_word' id='word_1_200' title='bbox 998 3220 1101 3304; x_wconf 89' lang='lat' dir='ltr'><strong>ipsius</strong></span> <span class='ocrx_word' id='word_1_201' title='bbox 1125 3220 1204 3286; x_wconf 90' lang='lat' dir='ltr'><strong>iuris</strong></span> <span class='ocrx_word' id='word_1_202' title='bbox 1228 3220 1388 3287; x_wconf 89' lang='lat' dir='ltr'><strong>naturalis</strong></span> <span class='ocrx_word' id='word_1_203' title='bbox 1409 3224 1502 3287; x_wconf 89' lang='lat' dir='ltr'><strong>recta</strong></span> <span class='ocrx_word' id='word_1_204' title='bbox 1517 3242 1576 3286; x_wconf 87' lang='lat' dir='ltr'><strong>cx-</strong></span> 
     </span>
     <span class='ocr_line' id='line_1_25' title="bbox 331 3325 1576 3412; baseline 0.003 -23"><span class='ocrx_word' id='word_1_205' title='bbox 331 3325 455 3391; x_wconf 88' lang='lat' dir='ltr'><strong>secutio</strong></span> <span class='ocrx_word' id='word_1_206' title='bbox 486 3328 622 3395; x_wconf 90' lang='lat' dir='ltr'><strong>diceuda</strong></span> <span class='ocrx_word' id='word_1_207' title='bbox 653 3334 704 3396; x_wconf 88' lang='lat' dir='ltr'><strong>est</strong></span> <span class='ocrx_word' id='word_1_208' title='bbox 734 3331 775 3395; x_wconf 89' lang='lat' dir='ltr'><strong>ab</strong></span> <span class='ocrx_word' id='word_1_209' title='bbox 806 3332 940 3395; x_wconf 90' lang='lat' dir='ltr'><strong>auctore</strong></span> <span class='ocrx_word' id='word_1_210' title='bbox 963 3332 1103 3394; x_wconf 91' lang='lat' dir='ltr'><strong>naturae</strong></span> <span class='ocrx_word' id='word_1_211' title='bbox 1125 3326 1269 3412; x_wconf 86' lang='lat' dir='ltr'><strong>provisa.</strong></span> <span class='ocrx_word' id='word_1_212' title='bbox 1315 3328 1423 3394; x_wconf 83' lang='lat' dir='ltr'><strong>Aliter</strong></span> <span class='ocrx_word' id='word_1_213' title='bbox 1445 3327 1576 3394; x_wconf 90' lang='lat' dir='ltr'><strong>omnino</strong></span> 
     </span>
     <span class='ocr_line' id='line_1_26' title="bbox 330 3428 1577 3521; baseline 0.002 -26"><span class='ocrx_word' id='word_1_214' title='bbox 330 3428 547 3514; x_wconf 88' lang='lat' dir='ltr'><strong>iudicandum,</strong></span> <span class='ocrx_word' id='word_1_215' title='bbox 572 3435 626 3501; x_wconf 94' lang='lat' dir='ltr'><strong>ubi</strong></span> <span class='ocrx_word' id='word_1_216' title='bbox 649 3435 700 3501; x_wconf 90' lang='lat' dir='ltr'><strong>ius</strong></span> <span class='ocrx_word' id='word_1_217' title='bbox 722 3435 900 3521; x_wconf 91' lang='lat' dir='ltr'><strong>positivum</strong></span> <span class='ocrx_word' id='word_1_218' title='bbox 923 3434 1031 3519; x_wconf 85' lang='lat' dir='ltr'><strong>legale</strong></span> <span class='ocrx_word' id='word_1_219' title='bbox 1054 3437 1145 3499; x_wconf 90' lang='lat' dir='ltr'><strong>certo</strong></span> <span class='ocrx_word' id='word_1_220' title='bbox 1160 3434 1223 3499; x_wconf 93' lang='lat' dir='ltr'><strong>iuri</strong></span> <span class='ocrx_word' id='word_1_221' title='bbox 1238 3438 1378 3501; x_wconf 90' lang='lat' dir='ltr'><strong>naturae</strong></span> <span class='ocrx_word' id='word_1_222' title='bbox 1393 3434 1577 3501; x_wconf 89' lang='lat' dir='ltr'><strong>formaliter</strong></span> 
     </span>
     <span class='ocr_line' id='line_1_27' title="bbox 330 3539 1576 3625; baseline 0.002 -23"><span class='ocrx_word' id='word_1_223' title='bbox 330 3539 505 3623; x_wconf 91' lang='lat' dir='ltr'><strong>opponitur</strong></span> <span class='ocrx_word' id='word_1_224' title='bbox 527 3546 562 3609; x_wconf 91' lang='lat' dir='ltr'><strong>et</strong></span> <span class='ocrx_word' id='word_1_225' title='bbox 585 3546 721 3609; x_wconf 91' lang='lat' dir='ltr'><strong>eatenus</strong></span> <span class='ocrx_word' id='word_1_226' title='bbox 744 3543 875 3608; x_wconf 90' lang='lat' dir='ltr'><strong>interna</strong></span> <span class='ocrx_word' id='word_1_227' title='bbox 897 3540 1024 3607; x_wconf 89' lang='lat' dir='ltr'><strong>iustitia</strong></span> <span class='ocrx_word' id='word_1_228' title='bbox 1047 3546 1154 3619; x_wconf 89' lang='lat' dir='ltr'><strong>caret;</strong></span> <span class='ocrx_word' id='word_1_229' title='bbox 1179 3544 1250 3606; x_wconf 92' lang='lat' dir='ltr'><strong>tum</strong></span> <span class='ocrx_word' id='word_1_230' title='bbox 1273 3541 1359 3607; x_wconf 92' lang='lat' dir='ltr'><strong>enim</strong></span> <span class='ocrx_word' id='word_1_231' title='bbox 1382 3562 1442 3625; x_wconf 90' lang='lat' dir='ltr'><strong>per</strong></span> <span class='ocrx_word' id='word_1_232' title='bbox 1462 3540 1576 3606; x_wconf 84' lang='lat' dir='ltr'><strong>sciuri</strong></span> 
     </span>
     <span class='ocr_line' id='line_1_28' title="bbox 330 3646 1574 3732; baseline 0.003 -24"><span class='ocrx_word' id='word_1_233' title='bbox 330 3647 468 3712; x_wconf 87' lang='lat' dir='ltr'><strong>naturae</strong></span> <span class='ocrx_word' id='word_1_234' title='bbox 487 3649 682 3731; x_wconf 88' lang='lat' dir='ltr'><strong>praevalere</strong></span> <span class='ocrx_word' id='word_1_235' title='bbox 701 3670 876 3731; x_wconf 90' lang='lat' dir='ltr'><strong>numquam</strong></span> <span class='ocrx_word' id='word_1_236' title='bbox 896 3651 1017 3732; x_wconf 89' lang='lat' dir='ltr'><strong>potest.</strong></span> <span class='ocrx_word' id='word_1_237' title='bbox 1034 3647 1096 3730; x_wconf 82' lang='lat' dir='ltr'><strong>(cf.</strong></span> <span class='ocrx_word' id='word_1_238' title='bbox 1110 3646 1142 3716; x_wconf 85' lang='lat' dir='ltr'><strong>S.</strong></span> <span class='ocrx_word' id='word_1_239' title='bbox 1155 3647 1271 3715; x_wconf 79' lang='lat' dir='ltr'><strong>Thom,</strong></span> <span class='ocrx_word' id='word_1_240' title='bbox 1285 3650 1316 3727; x_wconf 89' lang='grc'><strong>2,</strong></span> <span class='ocrx_word' id='word_1_241' title='bbox 1331 3652 1360 3727; x_wconf 89' lang='grc'><strong>2,</strong></span> <span class='ocrx_word' id='word_1_242' title='bbox 1375 3670 1405 3731; x_wconf 93' lang='lat' dir='ltr'><strong>q.</strong></span> <span class='ocrx_word' id='word_1_243' title='bbox 1420 3651 1472 3725; x_wconf 88' lang='grc'><strong>60,</strong></span> <span class='ocrx_word' id='word_1_244' title='bbox 1486 3670 1516 3714; x_wconf 91' lang='lat' dir='ltr'><strong>a.</strong></span> <span class='ocrx_word' id='word_1_245' title='bbox 1528 3646 1574 3730; x_wconf 81' lang='lat'><strong>5.)</strong></span> 
     </span>
     <span class='ocr_line' id='line_1_29' title="bbox 330 3755 1575 3847; baseline 0.001 -19"><span class='ocrx_word' id='word_1_246' title='bbox 330 3755 399 3830; x_wconf 80' lang='grc'><strong>597.</strong></span> <span class='ocrx_word' id='word_1_247' title='bbox 488 3758 661 3834; x_wconf 85' lang='lat' dir='ltr'><strong>Scholion.</strong></span> <span class='ocrx_word' id='word_1_248' title='bbox 704 3771 764 3831; x_wconf 85' lang='lat' dir='ltr'><strong>Vix</strong></span> <span class='ocrx_word' id='word_1_249' title='bbox 785 3772 846 3831; x_wconf 87' lang='lat' dir='ltr'><strong>ulla</strong></span> <span class='ocrx_word' id='word_1_250' title='bbox 867 3790 899 3830; x_wconf 92' lang='lat' dir='ltr'><strong>re</strong></span> <span class='ocrx_word' id='word_1_251' title='bbox 920 3770 1016 3845; x_wconf 83' lang='lat' dir='ltr'><strong>magis</strong></span> <span class='ocrx_word' id='word_1_252' title='bbox 1038 3789 1125 3847; x_wconf 90' lang='lat' dir='ltr'><strong>quam</strong></span> <span class='ocrx_word' id='word_1_253' title='bbox 1146 3770 1267 3830; x_wconf 87' lang='lat' dir='ltr'><strong>assiduo</strong></span> <span class='ocrx_word' id='word_1_254' title='bbox 1282 3770 1425 3831; x_wconf 90' lang='lat' dir='ltr'><strong>exercitio</strong></span> <span class='ocrx_word' id='word_1_255' title='bbox 1440 3770 1575 3831; x_wconf 88' lang='lat' dir='ltr'><strong>solvendi</strong></span> 
     </span>
     <span class='ocr_line' id='line_1_30' title="bbox 330 3864 1576 3947; baseline 0.002 -25"><span class='ocrx_word' id='word_1_256' title='bbox 330 3882 368 3922; x_wconf 88' lang='lat' dir='ltr'><strong>ex</strong></span> <span class='ocrx_word' id='word_1_257' title='bbox 396 3864 473 3924; x_wconf 89' lang='lat' dir='ltr'><strong>datis</strong></span> <span class='ocrx_word' id='word_1_258' title='bbox 493 3866 648 3945; x_wconf 85' lang='lat' dir='ltr'><strong>principiis</strong></span> <span class='ocrx_word' id='word_1_259' title='bbox 670 3875 849 3947; x_wconf 85' lang='lat' dir='ltr'><strong>apparentes</strong></span> <span class='ocrx_word' id='word_1_260' title='bbox 877 3868 1040 3928; x_wconf 85' lang='lat' dir='ltr'><strong>officiorum</strong></span> <span class='ocrx_word' id='word_1_261' title='bbox 1068 3872 1099 3927; x_wconf 91' lang='lat' dir='ltr'><strong>et</strong></span> <span class='ocrx_word' id='word_1_262' title='bbox 1125 3866 1234 3927; x_wconf 84' lang='lat' dir='ltr'><strong>iuriam</strong></span> <span class='ocrx_word' id='word_1_263' title='bbox 1256 3868 1434 3939; x_wconf 91' lang='lat' dir='ltr'><strong>collisiones,</strong></span> <span class='ocrx_word' id='word_1_264' title='bbox 1463 3872 1576 3927; x_wconf 89' lang='lat' dir='ltr'><strong>rectum</strong></span> 
     </span>
     <span class='ocr_line' id='line_1_31' title="bbox 329 3962 1575 4043; baseline 0.005 -24"><span class='ocrx_word' id='word_1_265' title='bbox 329 3962 440 4021; x_wconf 86' lang='lat' dir='ltr'><strong>morale</strong></span> <span class='ocrx_word' id='word_1_266' title='bbox 461 3963 600 4023; x_wconf 90' lang='lat' dir='ltr'><strong>iudicium</strong></span> <span class='ocrx_word' id='word_1_267' title='bbox 621 3966 753 4043; x_wconf 88' lang='lat' dir='ltr'><strong>practice</strong></span> <span class='ocrx_word' id='word_1_268' title='bbox 775 3967 892 4026; x_wconf 89' lang='lat' dir='ltr'><strong>acuitur</strong></span> <span class='ocrx_word' id='word_1_269' title='bbox 913 3971 1002 4043; x_wconf 88' lang='lat' dir='ltr'><strong>etque</strong></span> <span class='ocrx_word' id='word_1_270' title='bbox 1023 3966 1180 4026; x_wconf 87' lang='lat' dir='ltr'><strong>evolvitur.</strong></span> <span class='ocrx_word' id='word_1_271' title='bbox 1208 3966 1289 4025; x_wconf 90' lang='lat' dir='ltr'><strong>Idem</strong></span> <span class='ocrx_word' id='word_1_272' title='bbox 1304 3966 1478 4025; x_wconf 83' lang='lat' dir='ltr'><strong>exercitium</strong></span> <span class='ocrx_word' id='word_1_273' title='bbox 1492 3986 1575 4043; x_wconf 88' lang='lat' dir='ltr'><strong>prae·</strong></span> 
     </span>
     <span class='ocr_line' id='line_1_32' title="bbox 329 4061 1574 4141; baseline 0.002 -23"><span class='ocrx_word' id='word_1_274' title='bbox 329 4064 413 4119; x_wconf 89' lang='lat' dir='ltr'><strong>terea</strong></span> <span class='ocrx_word' id='word_1_275' title='bbox 440 4061 622 4122; x_wconf 84' lang='lat' dir='ltr'><strong>discentibus</strong></span> <span class='ocrx_word' id='word_1_276' title='bbox 646 4063 837 4140; x_wconf 91' lang='lat' dir='ltr'><strong>multiplicem</strong></span> <span class='ocrx_word' id='word_1_277' title='bbox 866 4062 1119 4141; x_wconf 88' lang='lat' dir='ltr'><strong>opportunitatem</strong></span> <span class='ocrx_word' id='word_1_278' title='bbox 1145 4065 1272 4140; x_wconf 90' lang='lat' dir='ltr'><strong>praebet</strong></span> <span class='ocrx_word' id='word_1_279' title='bbox 1300 4062 1470 4122; x_wconf 85' lang='lat' dir='ltr'><strong>theoretica</strong></span> <span class='ocrx_word' id='word_1_280' title='bbox 1495 4062 1574 4139; x_wconf 90' lang='lat' dir='ltr'><strong>prin·</strong></span> 
     </span>
     <span class='ocr_line' id='line_1_33' title="bbox 329 4157 1576 4239; baseline 0.002 -23"><span class='ocrx_word' id='word_1_281' title='bbox 329 4157 407 4235; x_wconf 90' lang='lat' dir='ltr'><strong>cipia</strong></span> <span class='ocrx_word' id='word_1_282' title='bbox 428 4163 490 4218; x_wconf 89' lang='lat' dir='ltr'><strong>tum</strong></span> <span class='ocrx_word' id='word_1_283' title='bbox 512 4160 609 4219; x_wconf 87' lang='lat' dir='ltr'><strong>ethica</strong></span> <span class='ocrx_word' id='word_1_284' title='bbox 630 4166 692 4221; x_wconf 89' lang='lat' dir='ltr'><strong>tum</strong></span> <span class='ocrx_word' id='word_1_285' title='bbox 712 4162 837 4221; x_wconf 90' lang='lat' dir='ltr'><strong>iuridica</strong></span> <span class='ocrx_word' id='word_1_286' title='bbox 857 4162 1017 4221; x_wconf 89' lang='lat' dir='ltr'><strong>identidem</strong></span> <span class='ocrx_word' id='word_1_287' title='bbox 1039 4161 1137 4221; x_wconf 90' lang='lat' dir='ltr'><strong>animo</strong></span> <span class='ocrx_word' id='word_1_288' title='bbox 1157 4161 1310 4239; x_wconf 89' lang='lat' dir='ltr'><strong>repetendi</strong></span> <span class='ocrx_word' id='word_1_289' title='bbox 1331 4160 1475 4237; x_wconf 88' lang='lat' dir='ltr'><strong>simulque</strong></span> <span class='ocrx_word' id='word_1_290' title='bbox 1492 4180 1576 4238; x_wconf 90' lang='lat' dir='ltr'><strong>prac-</strong></span> 
     </span>
     <span class='ocr_line' id='line_1_34' title="bbox 329 4255 1576 4337; baseline 0.002 -23"><span class='ocrx_word' id='word_1_291' title='bbox 329 4255 388 4315; x_wconf 90' lang='lat' dir='ltr'><strong>tice</strong></span> <span class='ocrx_word' id='word_1_292' title='bbox 409 4256 585 4318; x_wconf 88' lang='lat' dir='ltr'><strong>illustrandi.</strong></span> <span class='ocrx_word' id='word_1_293' title='bbox 613 4260 661 4319; x_wconf 85' lang='lat' dir='ltr'><strong>Ad</strong></span> <span class='ocrx_word' id='word_1_294' title='bbox 682 4280 767 4337; x_wconf 87' lang='lat' dir='ltr'><strong>quem</strong></span> <span class='ocrx_word' id='word_1_295' title='bbox 788 4260 875 4319; x_wconf 89' lang='lat' dir='ltr'><strong>finem</strong></span> <span class='ocrx_word' id='word_1_296' title='bbox 890 4260 985 4332; x_wconf 85' lang='lat' dir='ltr'><strong>iuvat,</strong></span> <span class='ocrx_word' id='word_1_297' title='bbox 1005 4258 1247 4335; x_wconf 87' lang='lat' dir='ltr'><strong>quemadmodum</strong></span> <span class='ocrx_word' id='word_1_298' title='bbox 1261 4258 1293 4317; x_wconf 92' lang='lat' dir='ltr'><strong>in</strong></span> <span class='ocrx_word' id='word_1_299' title='bbox 1306 4258 1457 4332; x_wconf 82' lang='lat' dir='ltr'><strong>theologia</strong></span> <span class='ocrx_word' id='word_1_300' title='bbox 1470 4258 1576 4317; x_wconf 87' lang='lat' dir='ltr'><strong>morali</strong></span> 
     </span>
     <span class='ocr_line' id='line_1_35' title="bbox 328 4356 1575 4436; baseline 0 -21"><span class='ocrx_word' id='word_1_301' title='bbox 328 4356 392 4417; x_wconf 86' lang='lat' dir='ltr'><strong>fieri</strong></span> <span class='ocrx_word' id='word_1_302' title='bbox 421 4356 505 4429; x_wconf 90' lang='lat' dir='ltr'><strong>solet,</strong></span> <span class='ocrx_word' id='word_1_303' title='bbox 534 4358 633 4419; x_wconf 86' lang='lat' dir='ltr'><strong>varios</strong></span> <span class='ocrx_word' id='word_1_304' title='bbox 657 4358 816 4436; x_wconf 86' lang='lat' dir='ltr'><strong>possibiles</strong></span> <span class='ocrx_word' id='word_1_305' title='bbox 838 4378 926 4418; x_wconf 86' lang='lat' dir='ltr'><strong>casus</strong></span> <span class='ocrx_word' id='word_1_306' title='bbox 946 4358 1060 4434; x_wconf 86' lang='lat' dir='ltr'><strong>fingere</strong></span> <span class='ocrx_word' id='word_1_307' title='bbox 1081 4362 1169 4435; x_wconf 85' lang='lat' dir='ltr'><strong>atque</strong></span> <span class='ocrx_word' id='word_1_308' title='bbox 1189 4376 1364 4436; x_wconf 90' lang='lat' dir='ltr'><strong>proponere,</strong></span> <span class='ocrx_word' id='word_1_309' title='bbox 1392 4356 1498 4433; x_wconf 89' lang='lat' dir='ltr'><strong>quibus</strong></span> <span class='ocrx_word' id='word_1_310' title='bbox 1519 4356 1575 4416; x_wconf 90' lang='lat' dir='ltr'><strong>rite</strong></span> 
     </span>
     <span class='ocr_line' id='line_1_36' title="bbox 330 4453 1575 4534; baseline 0.001 -22"><span class='ocrx_word' id='word_1_311' title='bbox 330 4453 526 4513; x_wconf 89' lang='lat' dir='ltr'><strong>diiudicandis</strong></span> <span class='ocrx_word' id='word_1_312' title='bbox 555 4454 725 4516; x_wconf 89' lang='lat' dir='ltr'><strong>intellectus</strong></span> <span class='ocrx_word' id='word_1_313' title='bbox 755 4455 960 4533; x_wconf 89' lang='lat' dir='ltr'><strong>philosophice</strong></span> <span class='ocrx_word' id='word_1_314' title='bbox 989 4460 1173 4515; x_wconf 83' lang='lat' dir='ltr'><strong>exerceatur.</strong></span> <span class='ocrx_word' id='word_1_315' title='bbox 1223 4454 1365 4531; x_wconf 81' lang='lat' dir='ltr'><strong>Equidem</strong></span> <span class='ocrx_word' id='word_1_316' title='bbox 1395 4454 1575 4534; x_wconf 81' lang='lat' dir='ltr'><strong>luculentius</strong></span> 
     </span>
     <span class='ocr_line' id='line_1_37' title="bbox 329 4550 1575 4631; baseline 0.002 -22"><span class='ocrx_word' id='word_1_317' title='bbox 329 4550 470 4612; x_wconf 87' lang='lat' dir='ltr'><strong>eiusmodi</strong></span> <span class='ocrx_word' id='word_1_318' title='bbox 492 4552 666 4613; x_wconf 86' lang='lat' dir='ltr'><strong>exercitium</strong></span> <span class='ocrx_word' id='word_1_319' title='bbox 681 4560 743 4613; x_wconf 92' lang='lat' dir='ltr'><strong>tum</strong></span> <span class='ocrx_word' id='word_1_320' title='bbox 758 4554 853 4613; x_wconf 89' lang='lat' dir='ltr'><strong>solum</strong></span> <span class='ocrx_word' id='word_1_321' title='bbox 868 4557 937 4631; x_wconf 91' lang='lat' dir='ltr'><strong>apte</strong></span> <span class='ocrx_word' id='word_1_322' title='bbox 951 4552 1070 4612; x_wconf 90' lang='lat' dir='ltr'><strong>institui</strong></span> <span class='ocrx_word' id='word_1_323' title='bbox 1083 4557 1192 4630; x_wconf 86' lang='lat' dir='ltr'><strong>potest,</strong></span> <span class='ocrx_word' id='word_1_324' title='bbox 1215 4572 1282 4612; x_wconf 91' lang='lat' dir='ltr'><strong>cum</strong></span> <span class='ocrx_word' id='word_1_325' title='bbox 1296 4552 1332 4611; x_wconf 93' lang='lat' dir='ltr'><strong>de</strong></span> <span class='ocrx_word' id='word_1_326' title='bbox 1345 4552 1575 4631; x_wconf 88' lang='lat' dir='ltr'><strong>particularibus</strong></span> 
     </span>
     <span class='ocr_line' id='line_1_38' title="bbox 328 4648 1575 4726; baseline 0.002 -20"><span class='ocrx_word' id='word_1_327' title='bbox 328 4648 456 4709; x_wconf 89' lang='lat' dir='ltr'><strong>hominis</strong></span> <span class='ocrx_word' id='word_1_328' title='bbox 485 4648 592 4709; x_wconf 89' lang='lat' dir='ltr'><strong>officiis</strong></span> <span class='ocrx_word' id='word_1_329' title='bbox 620 4656 650 4709; x_wconf 90' lang='lat' dir='ltr'><strong>et</strong></span> <span class='ocrx_word' id='word_1_330' title='bbox 676 4652 790 4712; x_wconf 88' lang='lat' dir='ltr'><strong>iuribus</strong></span> <span class='ocrx_word' id='word_1_331' title='bbox 813 4652 975 4712; x_wconf 88' lang='lat' dir='ltr'><strong>secundum</strong></span> <span class='ocrx_word' id='word_1_332' title='bbox 995 4650 1097 4711; x_wconf 89' lang='lat' dir='ltr'><strong>varios</strong></span> <span class='ocrx_word' id='word_1_333' title='bbox 1119 4650 1183 4711; x_wconf 90' lang='lat' dir='ltr'><strong>eius</strong></span> <span class='ocrx_word' id='word_1_334' title='bbox 1204 4651 1332 4711; x_wconf 84' lang='lat' dir='ltr'><strong>sociales</strong></span> <span class='ocrx_word' id='word_1_335' title='bbox 1350 4654 1508 4726; x_wconf 88' lang='lat' dir='ltr'><strong>respectus</strong></span> <span class='ocrx_word' id='word_1_336' title='bbox 1529 4668 1575 4709; x_wconf 92' lang='lat' dir='ltr'><strong>co·</strong></span> 
     </span>
     <span class='ocr_line' id='line_1_39' title="bbox 328 4745 1575 4826; baseline 0.001 -22"><span class='ocrx_word' id='word_1_337' title='bbox 328 4745 441 4823; x_wconf 90' lang='lat' dir='ltr'><strong>piosius</strong></span> <span class='ocrx_word' id='word_1_338' title='bbox 463 4747 572 4807; x_wconf 89' lang='lat' dir='ltr'><strong>dictum</strong></span> <span class='ocrx_word' id='word_1_339' title='bbox 593 4746 692 4818; x_wconf 88' lang='lat' dir='ltr'><strong>fuerit,</strong></span> <span class='ocrx_word' id='word_1_340' title='bbox 714 4747 744 4807; x_wconf 93' lang='lat' dir='ltr'><strong>id</strong></span> <span class='ocrx_word' id='word_1_341' title='bbox 764 4750 841 4825; x_wconf 90' lang='lat' dir='ltr'><strong>quod</strong></span> <span class='ocrx_word' id='word_1_342' title='bbox 862 4746 949 4809; x_wconf 90' lang='lat' dir='ltr'><strong>alteri</strong></span> <span class='ocrx_word' id='word_1_343' title='bbox 970 4748 1050 4826; x_wconf 87' lang='lat' dir='ltr'><strong>parti</strong></span> <span class='ocrx_word' id='word_1_344' title='bbox 1070 4748 1158 4807; x_wconf 86' lang='lat' dir='ltr'><strong>huius</strong></span> <span class='ocrx_word' id='word_1_345' title='bbox 1172 4748 1270 4826; x_wconf 88' lang='lat' dir='ltr'><strong>operis</strong></span> <span class='ocrx_word' id='word_1_346' title='bbox 1284 4746 1465 4825; x_wconf 88' lang='lat' dir='ltr'><strong>proponitur.</strong></span> <span class='ocrx_word' id='word_1_347' title='bbox 1493 4745 1575 4805; x_wconf 91' lang='lat' dir='ltr'><strong>Nihil</strong></span> 
     </span>
     <span class='ocr_line' id='line_1_40' title="bbox 328 4843 1576 4921; baseline 0.001 -21"><span class='ocrx_word' id='word_1_348' title='bbox 328 4846 428 4901; x_wconf 89' lang='lat' dir='ltr'><strong>tamen</strong></span> <span class='ocrx_word' id='word_1_349' title='bbox 447 4843 579 4921; x_wconf 89' lang='lat' dir='ltr'><strong>impedit,</strong></span> <span class='ocrx_word' id='word_1_350' title='bbox 601 4843 756 4921; x_wconf 89' lang='lat' dir='ltr'><strong>quominus</strong></span> <span class='ocrx_word' id='word_1_351' title='bbox 776 4844 848 4903; x_wconf 91' lang='lat' dir='ltr'><strong>illud</strong></span> <span class='ocrx_word' id='word_1_352' title='bbox 869 4844 928 4904; x_wconf 89' lang='lat' dir='ltr'><strong>iam</strong></span> <span class='ocrx_word' id='word_1_353' title='bbox 948 4844 998 4903; x_wconf 89' lang='lat' dir='ltr'><strong>hio</strong></span> <span class='ocrx_word' id='word_1_354' title='bbox 1018 4844 1099 4905; x_wconf 89' lang='lat' dir='ltr'><strong>intra</strong></span> <span class='ocrx_word' id='word_1_355' title='bbox 1119 4844 1228 4905; x_wconf 89' lang='lat' dir='ltr'><strong>limites</strong></span> <span class='ocrx_word' id='word_1_356' title='bbox 1249 4864 1356 4916; x_wconf 88' lang='lat' dir='ltr'><strong>rerum,</strong></span> <span class='ocrx_word' id='word_1_357' title='bbox 1377 4862 1452 4919; x_wconf 88' lang='lat' dir='ltr'><strong>quae</strong></span> <span class='ocrx_word' id='word_1_358' title='bbox 1467 4862 1505 4901; x_wconf 90' lang='lat' dir='ltr'><strong>ex</strong></span> <span class='ocrx_word' id='word_1_359' title='bbox 1519 4862 1576 4902; x_wconf 92' lang='lat' dir='ltr'><strong>usu</strong></span> 
     </span>
     <span class='ocr_line' id='line_1_41' title="bbox 328 4938 1574 5019; baseline -0.001 -20"><span class='ocrx_word' id='word_1_360' title='bbox 328 4938 410 4999; x_wconf 83' lang='lat' dir='ltr'><strong>vitae</strong></span> <span class='ocrx_word' id='word_1_361' title='bbox 431 4940 551 5001; x_wconf 88' lang='lat' dir='ltr'><strong>socialis</strong></span> <span class='ocrx_word' id='word_1_362' title='bbox 572 4942 766 5001; x_wconf 89' lang='lat' dir='ltr'><strong>communiter</strong></span> <span class='ocrx_word' id='word_1_363' title='bbox 787 4942 861 5002; x_wconf 87' lang='lat' dir='ltr'><strong>satis</strong></span> <span class='ocrx_word' id='word_1_364' title='bbox 882 4946 971 5002; x_wconf 88' lang='lat' dir='ltr'><strong>notae</strong></span> <span class='ocrx_word' id='word_1_365' title='bbox 993 4947 1072 5016; x_wconf 90' lang='lat' dir='ltr'><strong>sunt,</strong></span> <span class='ocrx_word' id='word_1_366' title='bbox 1094 4942 1282 5019; x_wconf 89' lang='lat' dir='ltr'><strong>aliquatenus</strong></span> <span class='ocrx_word' id='word_1_367' title='bbox 1302 4940 1490 5018; x_wconf 86' lang='lat' dir='ltr'><strong>anticipetur.</strong></span> <span class='ocrx_word' id='word_1_368' title='bbox 1529 4940 1574 4999; x_wconf 90' lang='lat' dir='ltr'><strong>En</strong></span> 
     </span>
     <span class='ocr_line' id='line_1_42' title="bbox 329 5038 511 5115; baseline 0.011 -18"><span class='ocrx_word' id='word_1_369' title='bbox 329 5038 511 5115; x_wconf 89' lang='lat' dir='ltr'><strong>exemplum:</strong></span> 
     </span>
    </p>
   </div>
   <div class='ocr_carea' id='block_1_3' title="bbox 0 0 1960 5842">
    <p class='ocr_par' dir='ltr' id='par_1_6' title="bbox 0 0 1960 5842">
     <span class='ocr_line' id='line_1_43' title="bbox 0 0 1960 5842; baseline 0 0"><span class='ocrx_word' id='word_1_370' title='bbox 0 0 1960 5842; x_wconf 95' lang='lat' dir='ltr'><strong> </strong></span> 
     </span>
    </p>
   </div>
  </div>
 </body>
</html>
