<?xml version="1.0" encoding="UTF-8"?>
<!DOCTYPE html PUBLIC "-//W3C//DTD XHTML 1.0 Transitional//EN"
    "http://www.w3.org/TR/xhtml1/DTD/xhtml1-transitional.dtd">
<html xmlns="http://www.w3.org/1999/xhtml" xml:lang="en" lang="en">
 <head>
  <title>
</title>
<meta http-equiv="Content-Type" content="text/html;charset=utf-8" />
  <meta name='ocr-system' content='tesseract 3.04.00' />
  <meta name='ocr-capabilities' content='ocr_page ocr_carea ocr_par ocr_line ocrx_word'/>
</head>
<body>
  <div class='ocr_page' id='page_1' title='image "./institutionesiu00meyegoog_0230.png"; bbox 0 0 3909 5842; ppageno 0'>
   <div class='ocr_carea' id='block_1_1' title="bbox 418 668 1438 740">
    <p class='ocr_par' dir='ltr' id='par_1_1' title="bbox 418 668 1438 740">
     <span class='ocr_line' id='line_1_1' title="bbox 418 668 1438 740; baseline -0.004 -13"><span class='ocrx_word' id='word_1_1' title='bbox 418 671 480 738; x_wconf 83' lang='lat'><strong>178</strong></span> <span class='ocrx_word' id='word_1_2' title='bbox 641 669 731 724; x_wconf 83' lang='lat' dir='ltr'><strong>Sectic</strong></span> <span class='ocrx_word' id='word_1_3' title='bbox 749 669 770 724; x_wconf 91' lang='lat'><strong>1.</strong></span> <span class='ocrx_word' id='word_1_4' title='bbox 807 668 888 724; x_wconf 86' lang='lat' dir='ltr'><strong>Liber</strong></span> <span class='ocrx_word' id='word_1_5' title='bbox 906 670 939 724; x_wconf 90' lang='lat'><strong>11.</strong></span> <span class='ocrx_word' id='word_1_6' title='bbox 977 669 1066 740; x_wconf 83' lang='lat' dir='ltr'><strong>Caput</strong></span> <span class='ocrx_word' id='word_1_7' title='bbox 1084 668 1118 724; x_wconf 92' lang='lat'><strong>11.</strong></span> <span class='ocrx_word' id='word_1_8' title='bbox 1155 669 1297 725; x_wconf 73' lang='lat' dir='ltr'>Atticulae</span> <span class='ocrx_word' id='word_1_9' title='bbox 1317 670 1342 724; x_wconf 90' lang='lat'><strong>1.</strong></span> <span class='ocrx_word' id='word_1_10' title='bbox 1376 668 1438 738; x_wconf 62' lang='lat'><strong>§2-</strong></span> 
     </span>
    </p>
   </div>
   <div class='ocr_carea' id='block_1_2' title="bbox 414 846 1672 1996">
    <p class='ocr_par' dir='ltr' id='par_1_2' title="bbox 414 846 1672 1996">
     <span class='ocr_line' id='line_1_2' title="bbox 504 846 1668 933; baseline -0.001 -19"><span class='ocrx_word' id='word_1_11' title='bbox 504 847 543 917; x_wconf 89' lang='lat' dir='ltr'><strong>B.</strong></span> <span class='ocrx_word' id='word_1_12' title='bbox 567 847 749 933; x_wconf 76' lang='lat' dir='ltr'><strong>Sufficiunt.</strong></span> <span class='ocrx_word' id='word_1_13' title='bbox 782 846 1057 930; x_wconf 76' lang='lat' dir='ltr'><strong>Quotiescumque</strong></span> <span class='ocrx_word' id='word_1_14' title='bbox 1076 846 1231 932; x_wconf 87' lang='lat' dir='ltr'><strong>planede</strong></span> <span class='ocrx_word' id='word_1_15' title='bbox 1253 848 1316 913; x_wconf 90' lang='lat' dir='ltr'><strong>hac</strong></span> <span class='ocrx_word' id='word_1_16' title='bbox 1335 847 1459 932; x_wconf 85' lang='lat' dir='ltr'><strong>triplici</strong></span> <span class='ocrx_word' id='word_1_17' title='bbox 1475 847 1668 914; x_wconf 87' lang='lat' dir='ltr'><strong>condicione</strong></span> 
     </span>
     <span class='ocr_line' id='line_1_3' title="bbox 414 953 1667 1037; baseline 0.001 -19"><span class='ocrx_word' id='word_1_18' title='bbox 414 953 616 1034; x_wconf 89' lang='lat' dir='ltr'><strong>constiterit,</strong></span> <span class='ocrx_word' id='word_1_19' title='bbox 644 958 770 1022; x_wconf 87' lang='lat' dir='ltr'><strong>certum</strong></span> <span class='ocrx_word' id='word_1_20' title='bbox 794 957 846 1020; x_wconf 92' lang='lat' dir='ltr'><strong>est</strong></span> <span class='ocrx_word' id='word_1_21' title='bbox 870 953 1031 1022; x_wconf 86' lang='lat' dir='ltr'><strong>actionem</strong></span> <span class='ocrx_word' id='word_1_22' title='bbox 1054 975 1161 1037; x_wconf 89' lang='lat' dir='ltr'><strong>neque</strong></span> <span class='ocrx_word' id='word_1_23' title='bbox 1183 975 1228 1020; x_wconf 87' lang='lat' dir='ltr'><strong>ex</strong></span> <span class='ocrx_word' id='word_1_24' title='bbox 1250 955 1364 1021; x_wconf 77' lang='lat' dir='ltr'><strong>obiectu</strong></span> <span class='ocrx_word' id='word_1_25' title='bbox 1386 974 1493 1036; x_wconf 86' lang='lat' dir='ltr'><strong>neque</strong></span> <span class='ocrx_word' id='word_1_26' title='bbox 1517 975 1561 1019; x_wconf 81' lang='lat' dir='ltr'><strong>ex</strong></span> <span class='ocrx_word' id='word_1_27' title='bbox 1589 955 1667 1037; x_wconf 77' lang='lat' dir='ltr'><strong>fine,</strong></span> 
     </span>
     <span class='ocr_line' id='line_1_4' title="bbox 415 1059 1668 1144; baseline 0.002 -20"><span class='ocrx_word' id='word_1_28' title='bbox 415 1063 453 1126; x_wconf 89' lang='lat' dir='ltr'><strong>ut</strong></span> <span class='ocrx_word' id='word_1_29' title='bbox 475 1063 579 1144; x_wconf 87' lang='lat' dir='ltr'><strong>petet,</strong></span> <span class='ocrx_word' id='word_1_30' title='bbox 609 1061 667 1128; x_wconf 90' lang='lat' dir='ltr'><strong>sed</strong></span> <span class='ocrx_word' id='word_1_31' title='bbox 697 1080 803 1142; x_wconf 89' lang='lat' dir='ltr'><strong>neque</strong></span> <span class='ocrx_word' id='word_1_32' title='bbox 827 1081 845 1126; x_wconf 92' lang='lat' dir='ltr'><strong>e</strong></span> <span class='ocrx_word' id='word_1_33' title='bbox 868 1062 1118 1127; x_wconf 74' lang='lat' dir='ltr'><strong>circumstantiis</strong></span> <span class='ocrx_word' id='word_1_34' title='bbox 1144 1060 1266 1126; x_wconf 88' lang='lat' dir='ltr'><strong>melam</strong></span> <span class='ocrx_word' id='word_1_35' title='bbox 1296 1063 1331 1126; x_wconf 88' lang='lat' dir='ltr'><strong>et</strong></span> <span class='ocrx_word' id='word_1_36' title='bbox 1360 1059 1436 1126; x_wconf 92' lang='lat' dir='ltr'><strong>hinc</strong></span> <span class='ocrx_word' id='word_1_37' title='bbox 1465 1059 1668 1144; x_wconf 87' lang='lat' dir='ltr'><strong>prohibitam</strong></span> 
     </span>
     <span class='ocr_line' id='line_1_5' title="bbox 415 1165 1669 1250; baseline 0 -18"><span class='ocrx_word' id='word_1_38' title='bbox 415 1185 497 1233; x_wconf 87' lang='lat' dir='ltr'><strong>esse.</strong></span> <span class='ocrx_word' id='word_1_39' title='bbox 544 1166 746 1250; x_wconf 74' lang='lat' dir='ltr'><strong>Quamquam</strong></span> <span class='ocrx_word' id='word_1_40' title='bbox 780 1165 866 1232; x_wconf 87' lang='lat' dir='ltr'><strong>enim</strong></span> <span class='ocrx_word' id='word_1_41' title='bbox 900 1169 1142 1234; x_wconf 79' lang='lat' dir='ltr'><strong>circumstantia</strong></span> <span class='ocrx_word' id='word_1_42' title='bbox 1176 1167 1303 1250; x_wconf 82' lang='lat' dir='ltr'><strong>effectus</strong></span> <span class='ocrx_word' id='word_1_43' title='bbox 1333 1171 1412 1234; x_wconf 87' lang='lat' dir='ltr'><strong>moli</strong></span> <span class='ocrx_word' id='word_1_44' title='bbox 1440 1166 1604 1238; x_wconf 83' lang='lat' dir='ltr'><strong>secuturi.</strong></span> <span class='ocrx_word' id='word_1_45' title='bbox 1637 1166 1669 1232; x_wconf 85' lang='lat' dir='ltr'><strong>si</strong></span> 
     </span>
     <span class='ocr_line' id='line_1_6' title="bbox 415 1272 1668 1358; baseline 0 -19"><span class='ocrx_word' id='word_1_46' title='bbox 415 1294 474 1356; x_wconf 91' lang='lat' dir='ltr'><strong>per</strong></span> <span class='ocrx_word' id='word_1_47' title='bbox 495 1293 532 1340; x_wconf 89' lang='lat' dir='ltr'><strong>se</strong></span> <span class='ocrx_word' id='word_1_48' title='bbox 554 1274 626 1340; x_wconf 90' lang='lat' dir='ltr'><strong>sola</strong></span> <span class='ocrx_word' id='word_1_49' title='bbox 648 1276 866 1358; x_wconf 78' lang='lat' dir='ltr'><strong>spectaretur,</strong></span> <span class='ocrx_word' id='word_1_50' title='bbox 890 1276 1000 1339; x_wconf 90' lang='lat' dir='ltr'><strong>actum</strong></span> <span class='ocrx_word' id='word_1_51' title='bbox 1025 1273 1132 1358; x_wconf 89' lang='lat' dir='ltr'><strong>ipsum</strong></span> <span class='ocrx_word' id='word_1_52' title='bbox 1155 1273 1290 1339; x_wconf 86' lang='lat' dir='ltr'><strong>inficere</strong></span> <span class='ocrx_word' id='word_1_53' title='bbox 1311 1277 1347 1340; x_wconf 90' lang='lat' dir='ltr'><strong>et</strong></span> <span class='ocrx_word' id='word_1_54' title='bbox 1361 1273 1501 1340; x_wconf 88' lang='lat' dir='ltr'><strong>reddere</strong></span> <span class='ocrx_word' id='word_1_55' title='bbox 1514 1272 1668 1339; x_wconf 89' lang='lat' dir='ltr'><strong>illicitum</strong></span> 
     </span>
     <span class='ocr_line' id='line_1_7' title="bbox 415 1378 1671 1463; baseline 0.002 -19"><span class='ocrx_word' id='word_1_56' title='bbox 415 1383 536 1463; x_wconf 88' lang='lat' dir='ltr'><strong>posset,</strong></span> <span class='ocrx_word' id='word_1_57' title='bbox 567 1383 689 1459; x_wconf 86' lang='lat' dir='ltr'><strong>tamen,</strong></span> <span class='ocrx_word' id='word_1_58' title='bbox 720 1380 749 1444; x_wconf 91' lang='lat' dir='ltr'><strong>si</strong></span> <span class='ocrx_word' id='word_1_59' title='bbox 779 1378 1008 1446; x_wconf 87' lang='lat' dir='ltr'><strong>consideratur</strong></span> <span class='ocrx_word' id='word_1_60' title='bbox 1035 1379 1069 1445; x_wconf 94' lang='lat' dir='ltr'><strong>in</strong></span> <span class='ocrx_word' id='word_1_61' title='bbox 1092 1380 1273 1446; x_wconf 82' lang='lat' dir='ltr'><strong>conexione</strong></span> <span class='ocrx_word' id='word_1_62' title='bbox 1295 1401 1368 1446; x_wconf 91' lang='lat' dir='ltr'><strong>cum</strong></span> <span class='ocrx_word' id='word_1_63' title='bbox 1393 1380 1467 1446; x_wconf 87' lang='lat' dir='ltr'><strong>aliis</strong></span> <span class='ocrx_word' id='word_1_64' title='bbox 1490 1379 1671 1456; x_wconf 49' lang='lat' dir='ltr'><strong>adiuncti&amp;</strong></span> 
     </span>
     <span class='ocr_line' id='line_1_8' title="bbox 415 1483 1671 1570; baseline 0.001 -21"><span class='ocrx_word' id='word_1_65' title='bbox 415 1504 499 1566; x_wconf 85' lang='lat' dir='ltr'><strong>quae</strong></span> <span class='ocrx_word' id='word_1_66' title='bbox 522 1485 699 1550; x_wconf 82' lang='lat' dir='ltr'><strong>secuudum</strong></span> <span class='ocrx_word' id='word_1_67' title='bbox 723 1483 944 1552; x_wconf 89' lang='lat' dir='ltr'><strong>condicionem</strong></span> <span class='ocrx_word' id='word_1_68' title='bbox 968 1488 1096 1551; x_wconf 74' lang='lat' dir='ltr'><strong>tertiam</strong></span> <span class='ocrx_word' id='word_1_69' title='bbox 1110 1489 1348 1570; x_wconf 89' lang='lat' dir='ltr'><strong>supponuntur,</strong></span> <span class='ocrx_word' id='word_1_70' title='bbox 1371 1485 1429 1552; x_wconf 89' lang='lat' dir='ltr'><strong>illa</strong></span> <span class='ocrx_word' id='word_1_71' title='bbox 1444 1486 1515 1552; x_wconf 88' lang='lat' dir='ltr'><strong>eius</strong></span> <span class='ocrx_word' id='word_1_72' title='bbox 1531 1485 1671 1551; x_wconf 86' lang='lat' dir='ltr'><strong>moralis</strong></span> 
     </span>
     <span class='ocr_line' id='line_1_9' title="bbox 415 1589 1672 1675; baseline 0.002 -21"><span class='ocrx_word' id='word_1_73' title='bbox 415 1589 564 1658; x_wconf 86' lang='lat' dir='ltr'><strong>efficacia</strong></span> <span class='ocrx_word' id='word_1_74' title='bbox 585 1611 645 1674; x_wconf 92' lang='lat' dir='ltr'><strong>per</strong></span> <span class='ocrx_word' id='word_1_75' title='bbox 668 1595 867 1658; x_wconf 88' lang='lat' dir='ltr'><strong>momentum</strong></span> <span class='ocrx_word' id='word_1_76' title='bbox 892 1590 1078 1675; x_wconf 87' lang='lat' dir='ltr'><strong>oppositum</strong></span> <span class='ocrx_word' id='word_1_77' title='bbox 1100 1591 1199 1675; x_wconf 90' lang='lat' dir='ltr'><strong>plane</strong></span> <span class='ocrx_word' id='word_1_78' title='bbox 1214 1591 1364 1669; x_wconf 87' lang='lat' dir='ltr'><strong>eliditur;</strong></span> <span class='ocrx_word' id='word_1_79' title='bbox 1387 1591 1437 1658; x_wconf 84' lang='lat' dir='ltr'><strong>ita</strong></span> <span class='ocrx_word' id='word_1_80' title='bbox 1451 1595 1490 1657; x_wconf 90' lang='lat' dir='ltr'><strong>ut</strong></span> <span class='ocrx_word' id='word_1_81' title='bbox 1504 1591 1672 1657; x_wconf 87' lang='lat' dir='ltr'><strong>eiusmodi</strong></span> 
     </span>
     <span class='ocr_line' id='line_1_10' title="bbox 415 1697 1671 1781; baseline -0.001 -18"><span class='ocrx_word' id='word_1_82' title='bbox 415 1699 551 1764; x_wconf 87' lang='lat' dir='ltr'><strong>effectus</strong></span> <span class='ocrx_word' id='word_1_83' title='bbox 574 1699 751 1766; x_wconf 86' lang='lat' dir='ltr'><strong>secundum</strong></span> <span class='ocrx_word' id='word_1_84' title='bbox 771 1701 897 1765; x_wconf 88' lang='lat' dir='ltr'><strong>rectam</strong></span> <span class='ocrx_word' id='word_1_85' title='bbox 913 1697 1086 1777; x_wconf 87' lang='lat' dir='ltr'><strong>rationem,</strong></span> <span class='ocrx_word' id='word_1_86' title='bbox 1110 1697 1172 1764; x_wconf 87' lang='lat' dir='ltr'><strong>etsi</strong></span> <span class='ocrx_word' id='word_1_87' title='bbox 1188 1719 1365 1781; x_wconf 83' lang='lat' dir='ltr'><strong>numquam</strong></span> <span class='ocrx_word' id='word_1_88' title='bbox 1381 1697 1517 1776; x_wconf 88' lang='lat' dir='ltr'><strong>intendi,</strong></span> <span class='ocrx_word' id='word_1_89' title='bbox 1540 1703 1671 1775; x_wconf 89' lang='lat' dir='ltr'><strong>tamen,</strong></span> 
     </span>
     <span class='ocr_line' id='line_1_11' title="bbox 415 1804 1672 1891; baseline -0.001 -21"><span class='ocrx_word' id='word_1_90' title='bbox 415 1825 488 1870; x_wconf 90' lang='lat' dir='ltr'><strong>cum</strong></span> <span class='ocrx_word' id='word_1_91' title='bbox 518 1805 641 1888; x_wconf 86' lang='lat' dir='ltr'><strong>absque</strong></span> <span class='ocrx_word' id='word_1_92' title='bbox 668 1809 817 1891; x_wconf 74' lang='lat' dir='ltr'><strong>praviore</strong></span> <span class='ocrx_word' id='word_1_93' title='bbox 846 1807 905 1871; x_wconf 90' lang='lat' dir='ltr'><strong>aut</strong></span> <span class='ocrx_word' id='word_1_94' title='bbox 934 1807 1104 1890; x_wconf 79' lang='lat' dir='ltr'><strong>respective</strong></span> <span class='ocrx_word' id='word_1_95' title='bbox 1131 1808 1225 1891; x_wconf 77' lang='lat' dir='ltr'><strong>proci</strong></span> <span class='ocrx_word' id='word_1_96' title='bbox 1253 1805 1458 1871; x_wconf 91' lang='lat' dir='ltr'><strong>incommodo</strong></span> <span class='ocrx_word' id='word_1_97' title='bbox 1481 1804 1583 1870; x_wconf 87' lang='lat' dir='ltr'><strong>vitari</strong></span> <span class='ocrx_word' id='word_1_98' title='bbox 1609 1823 1672 1869; x_wconf 90' lang='lat' dir='ltr'><strong>ne·</strong></span> 
     </span>
     <span class='ocr_line' id='line_1_12' title="bbox 415 1909 946 1996; baseline 0.004 -20"><span class='ocrx_word' id='word_1_99' title='bbox 415 1913 524 1993; x_wconf 86' lang='lat' dir='ltr'><strong>queat,</strong></span> <span class='ocrx_word' id='word_1_100' title='bbox 549 1911 638 1978; x_wconf 92' lang='lat' dir='ltr'><strong>licite</strong></span> <span class='ocrx_word' id='word_1_101' title='bbox 662 1911 808 1996; x_wconf 88' lang='lat' dir='ltr'><strong>permitti</strong></span> <span class='ocrx_word' id='word_1_102' title='bbox 832 1909 946 1996; x_wconf 83' lang='lat' dir='ltr'><strong>possit.</strong></span> 
     </span>
    </p>
   </div>
   <div class='ocr_carea' id='block_1_3' title="bbox 413 2049 1674 3093">
    <p class='ocr_par' dir='ltr' id='par_1_3' title="bbox 504 2049 837 2124">
     <span class='ocr_line' id='line_1_13' title="bbox 504 2049 837 2124; baseline -0.006 -1"><span class='ocrx_word' id='word_1_103' title='bbox 504 2049 716 2124; x_wconf 69' lang='lat' dir='ltr'><strong>confirmator</strong></span> <span class='ocrx_word' id='word_1_104' title='bbox 738 2049 837 2122; x_wconf 88' lang='lat' dir='ltr'><strong>idem:</strong></span> 
     </span>
    </p>

    <p class='ocr_par' dir='ltr' id='par_1_4' title="bbox 413 2157 1674 2454">
     <span class='ocr_line' id='line_1_14' title="bbox 506 2157 1674 2244; baseline 0.001 -21"><span class='ocrx_word' id='word_1_105' title='bbox 506 2160 535 2225; x_wconf 93' lang='lat'><strong>1.</strong></span> <span class='ocrx_word' id='word_1_106' title='bbox 552 2158 605 2223; x_wconf 80' lang='lat' dir='ltr'><strong>Ec</strong></span> <span class='ocrx_word' id='word_1_107' title='bbox 621 2159 779 2224; x_wconf 86' lang='lat' dir='ltr'><strong>communi</strong></span> <span class='ocrx_word' id='word_1_108' title='bbox 793 2159 956 2224; x_wconf 76' lang='lat' dir='ltr'><strong>domiuum</strong></span> <span class='ocrx_word' id='word_1_109' title='bbox 971 2162 1190 2244; x_wconf 74' lang='lat' dir='ltr'><strong>persuasione.</strong></span> <span class='ocrx_word' id='word_1_110' title='bbox 1213 2157 1320 2224; x_wconf 88' lang='lat' dir='ltr'><strong>Nemo</strong></span> <span class='ocrx_word' id='word_1_111' title='bbox 1331 2178 1412 2224; x_wconf 87' lang='lat' dir='ltr'><strong>sane</strong></span> <span class='ocrx_word' id='word_1_112' title='bbox 1423 2159 1553 2224; x_wconf 73' lang='lat' dir='ltr'><strong>ratium</strong></span> <span class='ocrx_word' id='word_1_113' title='bbox 1569 2161 1674 2224; x_wconf 88' lang='lat' dir='ltr'><strong>utens</strong></span> 
     </span>
     <span class='ocr_line' id='line_1_15' title="bbox 414 2263 1674 2349; baseline -0.002 -17"><span class='ocrx_word' id='word_1_114' title='bbox 414 2265 590 2344; x_wconf 84' lang='lat' dir='ltr'><strong>invenitur,</strong></span> <span class='ocrx_word' id='word_1_115' title='bbox 615 2265 670 2348; x_wconf 93' lang='lat' dir='ltr'><strong>qui</strong></span> <span class='ocrx_word' id='word_1_116' title='bbox 694 2265 839 2348; x_wconf 87' lang='lat' dir='ltr'><strong>practice</strong></span> <span class='ocrx_word' id='word_1_117' title='bbox 855 2263 941 2330; x_wconf 92' lang='lat' dir='ltr'><strong>idem</strong></span> <span class='ocrx_word' id='word_1_118' title='bbox 956 2264 1153 2349; x_wconf 91' lang='lat' dir='ltr'><strong>principium</strong></span> <span class='ocrx_word' id='word_1_119' title='bbox 1168 2285 1233 2330; x_wconf 91' lang='lat' dir='ltr'><strong>non</strong></span> <span class='ocrx_word' id='word_1_120' title='bbox 1249 2269 1410 2347; x_wconf 65' lang='lat' dir='ltr'><strong>moscat</strong></span> <span class='ocrx_word' id='word_1_121' title='bbox 1425 2268 1460 2332; x_wconf 89' lang='lat' dir='ltr'><strong>et</strong></span> <span class='ocrx_word' id='word_1_122' title='bbox 1474 2265 1674 2348; x_wconf 86' lang='lat' dir='ltr'><strong>frequenter</strong></span> 
     </span>
     <span class='ocr_line' id='line_1_16' title="bbox 413 2369 1598 2454; baseline 0.001 -18"><span class='ocrx_word' id='word_1_123' title='bbox 413 2372 447 2437; x_wconf 90' lang='lat' dir='ltr'><strong>in</strong></span> <span class='ocrx_word' id='word_1_124' title='bbox 471 2393 564 2437; x_wconf 90' lang='lat' dir='ltr'><strong>usum</strong></span> <span class='ocrx_word' id='word_1_125' title='bbox 589 2371 740 2449; x_wconf 88' lang='lat' dir='ltr'><strong>deducet,</strong></span> <span class='ocrx_word' id='word_1_126' title='bbox 763 2371 900 2438; x_wconf 86' lang='lat' dir='ltr'><strong>intimae</strong></span> <span class='ocrx_word' id='word_1_127' title='bbox 924 2371 1146 2438; x_wconf 87' lang='lat' dir='ltr'><strong>conscientiae</strong></span> <span class='ocrx_word' id='word_1_128' title='bbox 1168 2371 1374 2454; x_wconf 78' lang='lat' dir='ltr'><strong>approbante</strong></span> <span class='ocrx_word' id='word_1_129' title='bbox 1396 2369 1598 2437; x_wconf 89' lang='lat' dir='ltr'><strong>testimonio.</strong></span> 
     </span>
    </p>

    <p class='ocr_par' dir='ltr' id='par_1_5' title="bbox 414 2475 1673 3093">
     <span class='ocr_line' id='line_1_17' title="bbox 505 2475 1673 2559; baseline 0 -17"><span class='ocrx_word' id='word_1_130' title='bbox 505 2481 536 2544; x_wconf 87' lang='lat'><strong>2.</strong></span> <span class='ocrx_word' id='word_1_131' title='bbox 560 2477 613 2543; x_wconf 79' lang='lat' dir='ltr'><strong>Ec</strong></span> <span class='ocrx_word' id='word_1_132' title='bbox 637 2477 797 2543; x_wconf 80' lang='lat' dir='ltr'><strong>absurdis.</strong></span> <span class='ocrx_word' id='word_1_133' title='bbox 845 2475 998 2559; x_wconf 81' lang='lat' dir='ltr'><strong>Namque</strong></span> <span class='ocrx_word' id='word_1_134' title='bbox 1026 2477 1054 2542; x_wconf 90' lang='lat' dir='ltr'><strong>si</strong></span> <span class='ocrx_word' id='word_1_135' title='bbox 1078 2497 1191 2542; x_wconf 88' lang='lat' dir='ltr'><strong>omnes</strong></span> <span class='ocrx_word' id='word_1_136' title='bbox 1213 2477 1350 2542; x_wconf 84' lang='lat' dir='ltr'><strong>effectus</strong></span> <span class='ocrx_word' id='word_1_137' title='bbox 1373 2475 1463 2556; x_wconf 88' lang='lat' dir='ltr'><strong>mali,</strong></span> <span class='ocrx_word' id='word_1_138' title='bbox 1485 2476 1673 2559; x_wconf 91' lang='lat' dir='ltr'><strong>quomodo·</strong></span> 
     </span>
     <span class='ocr_line' id='line_1_18' title="bbox 417 2581 1673 2666; baseline -0.002 -16"><span class='ocrx_word' id='word_1_139' title='bbox 417 2604 555 2666; x_wconf 89' lang='lat' dir='ltr'><strong>cumque</strong></span> <span class='ocrx_word' id='word_1_140' title='bbox 579 2603 651 2649; x_wconf 91' lang='lat' dir='ltr'><strong>cum</strong></span> <span class='ocrx_word' id='word_1_141' title='bbox 678 2582 862 2649; x_wconf 88' lang='lat' dir='ltr'><strong>actionibus</strong></span> <span class='ocrx_word' id='word_1_142' title='bbox 878 2583 1001 2650; x_wconf 86' lang='lat' dir='ltr'><strong>nostris</strong></span> <span class='ocrx_word' id='word_1_143' title='bbox 1017 2583 1144 2660; x_wconf 82' lang='lat' dir='ltr'><strong>conexi,</strong></span> <span class='ocrx_word' id='word_1_144' title='bbox 1169 2603 1208 2648; x_wconf 91' lang='lat' dir='ltr'><strong>eo</strong></span> <span class='ocrx_word' id='word_1_145' title='bbox 1223 2581 1306 2666; x_wconf 90' lang='lat' dir='ltr'><strong>ipso,</strong></span> <span class='ocrx_word' id='word_1_146' title='bbox 1331 2582 1416 2664; x_wconf 92' lang='lat' dir='ltr'><strong>quod</strong></span> <span class='ocrx_word' id='word_1_147' title='bbox 1431 2582 1578 2666; x_wconf 88' lang='lat' dir='ltr'><strong>praevisi</strong></span> <span class='ocrx_word' id='word_1_148' title='bbox 1594 2583 1673 2648; x_wconf 83' lang='lat' dir='ltr'><strong>fue·</strong></span> 
     </span>
     <span class='ocr_line' id='line_1_19' title="bbox 415 2688 1671 2774; baseline 0 -19"><span class='ocrx_word' id='word_1_149' title='bbox 415 2690 491 2768; x_wconf 85' lang='lat' dir='ltr'><strong>rint,</strong></span> <span class='ocrx_word' id='word_1_150' title='bbox 516 2693 684 2772; x_wconf 84' lang='lat' dir='ltr'><strong>tamquam</strong></span> <span class='ocrx_word' id='word_1_151' title='bbox 708 2689 886 2755; x_wconf 88' lang='lat' dir='ltr'><strong>voluntarii</strong></span> <span class='ocrx_word' id='word_1_152' title='bbox 902 2688 1086 2774; x_wconf 90' lang='lat' dir='ltr'><strong>imputandi</strong></span> <span class='ocrx_word' id='word_1_153' title='bbox 1101 2692 1223 2768; x_wconf 75' lang='lat' dir='ltr'><strong>essem,</strong></span> <span class='ocrx_word' id='word_1_154' title='bbox 1248 2692 1306 2755; x_wconf 87' lang='lat' dir='ltr'><strong>aut</strong></span> <span class='ocrx_word' id='word_1_155' title='bbox 1321 2689 1350 2753; x_wconf 90' lang='lat' dir='ltr'><strong>si</strong></span> <span class='ocrx_word' id='word_1_156' title='bbox 1365 2689 1487 2754; x_wconf 90' lang='lat' dir='ltr'><strong>malum</strong></span> <span class='ocrx_word' id='word_1_157' title='bbox 1502 2709 1546 2754; x_wconf 82' lang='lat' dir='ltr'><strong>ex</strong></span> <span class='ocrx_word' id='word_1_158' title='bbox 1561 2690 1671 2756; x_wconf 89' lang='lat' dir='ltr'><strong>ratio·</strong></span> 
     </span>
     <span class='ocr_line' id='line_1_20' title="bbox 415 2794 1670 2883; baseline 0.002 -22"><span class='ocrx_word' id='word_1_159' title='bbox 415 2795 517 2863; x_wconf 92' lang='lat' dir='ltr'><strong>nabili</strong></span> <span class='ocrx_word' id='word_1_160' title='bbox 547 2817 647 2862; x_wconf 84' lang='lat' dir='ltr'><strong>causa</strong></span> <span class='ocrx_word' id='word_1_161' title='bbox 677 2819 741 2862; x_wconf 79' lang='lat' dir='ltr'><strong>riou</strong></span> <span class='ocrx_word' id='word_1_162' title='bbox 771 2799 927 2883; x_wconf 78' lang='lat' dir='ltr'><strong>impedire</strong></span> <span class='ocrx_word' id='word_1_163' title='bbox 948 2795 1036 2862; x_wconf 89' lang='lat' dir='ltr'><strong>idem</strong></span> <span class='ocrx_word' id='word_1_164' title='bbox 1059 2799 1148 2862; x_wconf 89' lang='lat' dir='ltr'><strong>esset</strong></span> <span class='ocrx_word' id='word_1_165' title='bbox 1172 2816 1211 2862; x_wconf 90' lang='lat' dir='ltr'><strong>ac</strong></span> <span class='ocrx_word' id='word_1_166' title='bbox 1234 2794 1316 2861; x_wconf 90' lang='lat' dir='ltr'><strong>illud</strong></span> <span class='ocrx_word' id='word_1_167' title='bbox 1338 2797 1373 2860; x_wconf 89' lang='lat' dir='ltr'><strong>iu</strong></span> <span class='ocrx_word' id='word_1_168' title='bbox 1396 2817 1495 2861; x_wconf 80' lang='lat' dir='ltr'><strong>ceusu</strong></span> <span class='ocrx_word' id='word_1_169' title='bbox 1518 2799 1670 2880; x_wconf 80' lang='lat' dir='ltr'><strong>voluisse,</strong></span> 
     </span>
     <span class='ocr_line' id='line_1_21' title="bbox 416 2900 1672 2986; baseline 0 -18"><span class='ocrx_word' id='word_1_170' title='bbox 416 2907 625 2986; x_wconf 89' lang='lat' dir='ltr'><strong>sequeretur:</strong></span> <span class='ocrx_word' id='word_1_171' title='bbox 651 2901 684 2986; x_wconf 88' lang='lat' dir='ltr'><strong>a)</strong></span> <span class='ocrx_word' id='word_1_172' title='bbox 708 2901 848 2968; x_wconf 89' lang='lat' dir='ltr'><strong>hominis</strong></span> <span class='ocrx_word' id='word_1_173' title='bbox 871 2901 944 2967; x_wconf 91' lang='lat' dir='ltr'><strong>iura</strong></span> <span class='ocrx_word' id='word_1_174' title='bbox 966 2902 1064 2986; x_wconf 91' lang='lat' dir='ltr'><strong>plane</strong></span> <span class='ocrx_word' id='word_1_175' title='bbox 1087 2900 1237 2966; x_wconf 86' lang='lat' dir='ltr'><strong>illusoria</strong></span> <span class='ocrx_word' id='word_1_176' title='bbox 1260 2921 1342 2979; x_wconf 86' lang='lat' dir='ltr'><strong>esse,</strong></span> <span class='ocrx_word' id='word_1_177' title='bbox 1374 2923 1446 2966; x_wconf 92' lang='lat' dir='ltr'><strong>cum</strong></span> <span class='ocrx_word' id='word_1_178' title='bbox 1470 2922 1513 2968; x_wconf 85' lang='lat' dir='ltr'><strong>ex</strong></span> <span class='ocrx_word' id='word_1_179' title='bbox 1536 2903 1672 2968; x_wconf 89' lang='lat' dir='ltr'><strong>malitia</strong></span> 
     </span>
     <span class='ocr_line' id='line_1_22' title="bbox 414 3007 1670 3093; baseline 0 -19"><span class='ocrx_word' id='word_1_180' title='bbox 414 3009 580 3076; x_wconf 90' lang='lat' dir='ltr'><strong>hominum</strong></span> <span class='ocrx_word' id='word_1_181' title='bbox 603 3009 674 3074; x_wconf 86' lang='lat' dir='ltr'><strong>fere</strong></span> <span class='ocrx_word' id='word_1_182' title='bbox 697 3029 826 3093; x_wconf 88' lang='lat' dir='ltr'><strong>semper</strong></span> <span class='ocrx_word' id='word_1_183' title='bbox 850 3007 986 3075; x_wconf 84' lang='lat' dir='ltr'><strong>effectus</strong></span> <span class='ocrx_word' id='word_1_184' title='bbox 1009 3009 1087 3074; x_wconf 90' lang='lat' dir='ltr'><strong>mali</strong></span> <span class='ocrx_word' id='word_1_185' title='bbox 1111 3029 1183 3075; x_wconf 91' lang='lat' dir='ltr'><strong>cum</strong></span> <span class='ocrx_word' id='word_1_186' title='bbox 1207 3007 1337 3073; x_wconf 88' lang='lat' dir='ltr'><strong>illorum</strong></span> <span class='ocrx_word' id='word_1_187' title='bbox 1360 3029 1421 3073; x_wconf 86' lang='lat' dir='ltr'><strong>usu</strong></span> <span class='ocrx_word' id='word_1_188' title='bbox 1436 3008 1589 3092; x_wconf 90' lang='lat' dir='ltr'><strong>coniungi</strong></span> <span class='ocrx_word' id='word_1_189' title='bbox 1605 3032 1670 3076; x_wconf 86' lang='lat' dir='ltr'><strong>ex·</strong></span> 
     </span>
    </p>
   </div>
   <div class='ocr_carea' id='block_1_4' title="bbox 1801 3000 1803 3093">
    <p class='ocr_par' dir='ltr' id='par_1_6' title="bbox 1801 3000 1803 3113">
     <span class='ocr_line' id='line_1_23' title="bbox 1801 3000 1803 3093; baseline 0 20"><span class='ocrx_word' id='word_1_190' title='bbox 1801 3000 1803 3093; x_wconf 80' lang='lat' dir='ltr'><strong>l</strong></span> 
     </span>
    </p>
   </div>
   <div class='ocr_carea' id='block_1_5' title="bbox 415 3113 1802 3200">
    <p class='ocr_par' dir='ltr' id='par_1_7' title="bbox 415 3113 1802 3200">
     <span class='ocr_line' id='line_1_24' title="bbox 415 3113 1802 3200; baseline 0.002 -18"><span class='ocrx_word' id='word_1_191' title='bbox 415 3115 579 3182; x_wconf 89' lang='lat' dir='ltr'><strong>trinsecus</strong></span> <span class='ocrx_word' id='word_1_192' title='bbox 601 3115 745 3200; x_wconf 66' lang='lat' dir='ltr'><strong>poseium</strong></span> <span class='ocrx_word' id='word_1_193' title='bbox 777 3115 810 3199; x_wconf 91' lang='lat' dir='ltr'><strong>b)</strong></span> <span class='ocrx_word' id='word_1_194' title='bbox 834 3115 897 3200; x_wconf 89' lang='lat' dir='ltr'><strong>ipsi</strong></span> <span class='ocrx_word' id='word_1_195' title='bbox 921 3115 983 3181; x_wconf 91' lang='lat' dir='ltr'><strong>Dei</strong></span> <span class='ocrx_word' id='word_1_196' title='bbox 1005 3114 1235 3182; x_wconf 87' lang='lat' dir='ltr'><strong>sanctissimae</strong></span> <span class='ocrx_word' id='word_1_197' title='bbox 1257 3113 1435 3194; x_wconf 84' lang='lat' dir='ltr'><strong>voluntati,</strong></span> <span class='ocrx_word' id='word_1_198' title='bbox 1458 3115 1546 3198; x_wconf 90' lang='lat' dir='ltr'><strong>quod</strong></span> <span class='ocrx_word' id='word_1_199' title='bbox 1568 3117 1671 3182; x_wconf 81' lang='lat' dir='ltr'><strong>netas</strong></span> <span class='ocrx_word' id='word_1_200' title='bbox 1801 3124 1802 3185; x_wconf 74' lang='lat' dir='ltr'><strong>i</strong></span> 
     </span>
    </p>
   </div>
   <div class='ocr_carea' id='block_1_6' title="bbox 414 3221 1671 3838">
    <p class='ocr_par' dir='ltr' id='par_1_8' title="bbox 414 3221 1671 3413">
     <span class='ocr_line' id='line_1_25' title="bbox 415 3221 1671 3306; baseline 0.001 -19"><span class='ocrx_word' id='word_1_201' title='bbox 415 3227 466 3287; x_wconf 91' lang='lat' dir='ltr'><strong>est</strong></span> <span class='ocrx_word' id='word_1_202' title='bbox 490 3223 543 3287; x_wconf 91' lang='lat' dir='ltr'><strong>vel</strong></span> <span class='ocrx_word' id='word_1_203' title='bbox 567 3221 723 3304; x_wconf 87' lang='lat' dir='ltr'><strong>cogitare,</strong></span> <span class='ocrx_word' id='word_1_204' title='bbox 748 3221 941 3306; x_wconf 87' lang='lat' dir='ltr'><strong>imputanda</strong></span> <span class='ocrx_word' id='word_1_205' title='bbox 965 3242 1038 3288; x_wconf 89' lang='lat' dir='ltr'><strong>esse</strong></span> <span class='ocrx_word' id='word_1_206' title='bbox 1062 3221 1170 3287; x_wconf 91' lang='lat' dir='ltr'><strong>omnia</strong></span> <span class='ocrx_word' id='word_1_207' title='bbox 1193 3221 1291 3299; x_wconf 89' lang='lat' dir='ltr'><strong>mala,</strong></span> <span class='ocrx_word' id='word_1_208' title='bbox 1316 3241 1401 3304; x_wconf 90' lang='lat' dir='ltr'><strong>quae</strong></span> <span class='ocrx_word' id='word_1_209' title='bbox 1424 3241 1496 3286; x_wconf 92' lang='lat' dir='ltr'><strong>cum</strong></span> <span class='ocrx_word' id='word_1_210' title='bbox 1520 3221 1671 3288; x_wconf 86' lang='lat' dir='ltr'><strong>humana</strong></span> 
     </span>
     <span class='ocr_line' id='line_1_26' title="bbox 414 3325 1335 3413; baseline 0.001 -20"><span class='ocrx_word' id='word_1_211' title='bbox 414 3325 578 3406; x_wconf 87' lang='lat' dir='ltr'><strong>libertate,</strong></span> <span class='ocrx_word' id='word_1_212' title='bbox 602 3329 672 3394; x_wconf 88' lang='lat' dir='ltr'><strong>Deo</strong></span> <span class='ocrx_word' id='word_1_213' title='bbox 697 3333 846 3396; x_wconf 89' lang='lat' dir='ltr'><strong>creatore</strong></span> <span class='ocrx_word' id='word_1_214' title='bbox 869 3329 1085 3413; x_wconf 88' lang='lat' dir='ltr'><strong>praesciente,</strong></span> <span class='ocrx_word' id='word_1_215' title='bbox 1110 3331 1335 3394; x_wconf 88' lang='lat' dir='ltr'><strong>conectuntur.</strong></span> 
     </span>
    </p>

    <p class='ocr_par' dir='ltr' id='par_1_9' title="bbox 414 3433 1669 3838">
     <span class='ocr_line' id='line_1_27' title="bbox 503 3433 1669 3516; baseline 0.001 -17"><span class='ocrx_word' id='word_1_216' title='bbox 503 3433 532 3499; x_wconf 84' lang='lat' dir='ltr'><strong>n</strong></span> <span class='ocrx_word' id='word_1_217' title='bbox 564 3434 680 3516; x_wconf 87' lang='lat' dir='ltr'><strong>quibus</strong></span> <span class='ocrx_word' id='word_1_218' title='bbox 713 3435 862 3500; x_wconf 89' lang='lat' dir='ltr'><strong>omnibus</strong></span> <span class='ocrx_word' id='word_1_219' title='bbox 894 3437 985 3500; x_wconf 87' lang='lat' dir='ltr'><strong>certo</strong></span> <span class='ocrx_word' id='word_1_220' title='bbox 1019 3435 1236 3500; x_wconf 81' lang='lat' dir='ltr'><strong>concludimus</strong></span> <span class='ocrx_word' id='word_1_221' title='bbox 1266 3433 1327 3498; x_wconf 90' lang='lat' dir='ltr'><strong>sub</strong></span> <span class='ocrx_word' id='word_1_222' title='bbox 1357 3433 1602 3501; x_wconf 89' lang='lat' dir='ltr'><strong>condicionibus</strong></span> <span class='ocrx_word' id='word_1_223' title='bbox 1630 3433 1669 3500; x_wconf 89' lang='lat' dir='ltr'><strong>in</strong></span> 
     </span>
     <span class='ocr_line' id='line_1_28' title="bbox 414 3538 1668 3624; baseline 0 -18"><span class='ocrx_word' id='word_1_224' title='bbox 414 3539 500 3606; x_wconf 90' lang='lat' dir='ltr'><strong>thesi</strong></span> <span class='ocrx_word' id='word_1_225' title='bbox 524 3540 666 3608; x_wconf 87' lang='lat' dir='ltr'><strong>definitis</strong></span> <span class='ocrx_word' id='word_1_226' title='bbox 690 3543 841 3608; x_wconf 86' lang='lat' dir='ltr'><strong>effectum</strong></span> <span class='ocrx_word' id='word_1_227' title='bbox 865 3541 988 3606; x_wconf 88' lang='lat' dir='ltr'><strong>malum</strong></span> <span class='ocrx_word' id='word_1_228' title='bbox 1010 3538 1149 3606; x_wconf 91' lang='lat' dir='ltr'><strong>actionis</strong></span> <span class='ocrx_word' id='word_1_229' title='bbox 1165 3539 1266 3605; x_wconf 88' lang='lat' dir='ltr'><strong>etiam</strong></span> <span class='ocrx_word' id='word_1_230' title='bbox 1282 3539 1324 3606; x_wconf 90' lang='lat' dir='ltr'><strong>ab</strong></span> <span class='ocrx_word' id='word_1_231' title='bbox 1339 3543 1461 3624; x_wconf 86' lang='lat' dir='ltr'><strong>agente</strong></span> <span class='ocrx_word' id='word_1_232' title='bbox 1475 3539 1668 3624; x_wconf 87' lang='lat' dir='ltr'><strong>praevisum</strong></span> 
     </span>
     <span class='ocr_line' id='line_1_29' title="bbox 414 3645 1668 3732; baseline 0 -20"><span class='ocrx_word' id='word_1_233' title='bbox 414 3668 473 3732; x_wconf 92' lang='lat' dir='ltr'><strong>per</strong></span> <span class='ocrx_word' id='word_1_234' title='bbox 496 3667 532 3712; x_wconf 88' lang='lat' dir='ltr'><strong>se</strong></span> <span class='ocrx_word' id='word_1_235' title='bbox 556 3647 640 3714; x_wconf 86' lang='lat' dir='ltr'><strong>citra</strong></span> <span class='ocrx_word' id='word_1_236' title='bbox 663 3651 834 3732; x_wconf 86' lang='lat' dir='ltr'><strong>peccatum</strong></span> <span class='ocrx_word' id='word_1_237' title='bbox 864 3646 1013 3732; x_wconf 86' lang='lat' dir='ltr'><strong>permitti</strong></span> <span class='ocrx_word' id='word_1_238' title='bbox 1042 3667 1149 3732; x_wconf 87' lang='lat' dir='ltr'><strong>posse,</strong></span> <span class='ocrx_word' id='word_1_239' title='bbox 1179 3666 1241 3712; x_wconf 93' lang='lat' dir='ltr'><strong>nec</strong></span> <span class='ocrx_word' id='word_1_240' title='bbox 1264 3645 1357 3730; x_wconf 92' lang='lat' dir='ltr'><strong>proin</strong></span> <span class='ocrx_word' id='word_1_241' title='bbox 1380 3649 1419 3712; x_wconf 92' lang='lat' dir='ltr'><strong>ut</strong></span> <span class='ocrx_word' id='word_1_242' title='bbox 1442 3645 1668 3712; x_wconf 87' lang='lat' dir='ltr'><strong>voluntarium</strong></span> 
     </span>
     <span class='ocr_line' id='line_1_30' title="bbox 415 3753 902 3838; baseline 0.002 -19"><span class='ocrx_word' id='word_1_243' title='bbox 415 3753 527 3836; x_wconf 87' lang='lat' dir='ltr'><strong>agenti</strong></span> <span class='ocrx_word' id='word_1_244' title='bbox 550 3753 775 3838; x_wconf 90' lang='lat' dir='ltr'><strong>imputabilem</strong></span> <span class='ocrx_word' id='word_1_245' title='bbox 799 3754 902 3820; x_wconf 68' lang='lat' dir='ltr'><strong>forei.</strong></span> 
     </span>
    </p>
   </div>
   <div class='ocr_carea' id='block_1_7' title="bbox 413 3891 1669 4934">
    <p class='ocr_par' dir='ltr' id='par_1_10' title="bbox 413 3891 1669 4726">
     <span class='ocr_line' id='line_1_31' title="bbox 415 3891 1669 3978; baseline -0.002 -13"><span class='ocrx_word' id='word_1_246' title='bbox 415 3893 485 3966; x_wconf 83' lang='lat'><strong>200.</strong></span> <span class='ocrx_word' id='word_1_247' title='bbox 576 3891 767 3966; x_wconf 69' lang='lat' dir='ltr'><strong>derelictis:</strong></span> <span class='ocrx_word' id='word_1_248' title='bbox 796 3896 821 3962; x_wconf 88' lang='grc' dir='ltr'><strong>Ι.</strong></span> <span class='ocrx_word' id='word_1_249' title='bbox 845 3895 905 3973; x_wconf 78' lang='lat' dir='ltr'><strong>Qui</strong></span> <span class='ocrx_word' id='word_1_250' title='bbox 929 3895 976 3961; x_wconf 91' lang='lat' dir='ltr'><strong>rei</strong></span> <span class='ocrx_word' id='word_1_251' title='bbox 1000 3894 1135 3961; x_wconf 87' lang='lat' dir='ltr'><strong>illicitae</strong></span> <span class='ocrx_word' id='word_1_252' title='bbox 1159 3915 1291 3978; x_wconf 89' lang='lat' dir='ltr'><strong>operam</strong></span> <span class='ocrx_word' id='word_1_253' title='bbox 1315 3893 1385 3972; x_wconf 86' lang='lat' dir='ltr'><strong>dat,</strong></span> <span class='ocrx_word' id='word_1_254' title='bbox 1407 3894 1590 3977; x_wconf 83' lang='lat' dir='ltr'><strong>generatim</strong></span> <span class='ocrx_word' id='word_1_255' title='bbox 1613 3897 1669 3962; x_wconf 93' lang='lat' dir='ltr'><strong>lo-</strong></span> 
     </span>
     <span class='ocr_line' id='line_1_32' title="bbox 415 3999 1665 4084; baseline 0.001 -18"><span class='ocrx_word' id='word_1_256' title='bbox 415 4001 542 4084; x_wconf 93' lang='lat' dir='ltr'><strong>quendo</strong></span> <span class='ocrx_word' id='word_1_257' title='bbox 566 4021 642 4066; x_wconf 90' lang='lat' dir='ltr'><strong>reos</strong></span> <span class='ocrx_word' id='word_1_258' title='bbox 666 4005 717 4068; x_wconf 90' lang='lat' dir='ltr'><strong>est</strong></span> <span class='ocrx_word' id='word_1_259' title='bbox 740 4001 882 4068; x_wconf 91' lang='lat' dir='ltr'><strong>omnium</strong></span> <span class='ocrx_word' id='word_1_260' title='bbox 906 4001 1077 4080; x_wconf 89' lang='lat' dir='ltr'><strong>malorum,</strong></span> <span class='ocrx_word' id='word_1_261' title='bbox 1102 4021 1187 4083; x_wconf 90' lang='lat' dir='ltr'><strong>quae</strong></span> <span class='ocrx_word' id='word_1_262' title='bbox 1210 3999 1286 4066; x_wconf 91' lang='lat' dir='ltr'><strong>inde</strong></span> <span class='ocrx_word' id='word_1_263' title='bbox 1311 4003 1529 4067; x_wconf 87' lang='lat' dir='ltr'><strong>consecutura</strong></span> <span class='ocrx_word' id='word_1_264' title='bbox 1543 4001 1665 4068; x_wconf 87' lang='lat' dir='ltr'><strong>saltem</strong></span> 
     </span>
     <span class='ocr_line' id='line_1_33' title="bbox 414 4105 1666 4192; baseline 0.001 -20"><span class='ocrx_word' id='word_1_265' title='bbox 414 4107 447 4172; x_wconf 93' lang='lat' dir='ltr'><strong>in</strong></span> <span class='ocrx_word' id='word_1_266' title='bbox 471 4107 605 4173; x_wconf 89' lang='lat' dir='ltr'><strong>confuso</strong></span> <span class='ocrx_word' id='word_1_267' title='bbox 636 4108 818 4192; x_wconf 82' lang='lat' dir='ltr'><strong>praevidet,</strong></span> <span class='ocrx_word' id='word_1_268' title='bbox 850 4107 912 4174; x_wconf 91' lang='lat' dir='ltr'><strong>nisi</strong></span> <span class='ocrx_word' id='word_1_269' title='bbox 942 4107 1075 4174; x_wconf 90' lang='lat' dir='ltr'><strong>aliunde</strong></span> <span class='ocrx_word' id='word_1_270' title='bbox 1097 4106 1169 4172; x_wconf 88' lang='lat' dir='ltr'><strong>sive</strong></span> <span class='ocrx_word' id='word_1_271' title='bbox 1192 4127 1235 4173; x_wconf 87' lang='lat' dir='ltr'><strong>ex</strong></span> <span class='ocrx_word' id='word_1_272' title='bbox 1257 4105 1407 4172; x_wconf 88' lang='lat' dir='ltr'><strong>subiecta</strong></span> <span class='ocrx_word' id='word_1_273' title='bbox 1428 4107 1570 4173; x_wconf 85' lang='lat' dir='ltr'><strong>materia</strong></span> <span class='ocrx_word' id='word_1_274' title='bbox 1591 4106 1666 4173; x_wconf 88' lang='lat' dir='ltr'><strong>sive</strong></span> 
     </span>
     <span class='ocr_line' id='line_1_34' title="bbox 415 4212 1666 4291; baseline -0.002 -11"><span class='ocrx_word' id='word_1_275' title='bbox 415 4235 457 4280; x_wconf 83' lang='lat' dir='ltr'><strong>ex</strong></span> <span class='ocrx_word' id='word_1_276' title='bbox 480 4213 643 4280; x_wconf 90' lang='lat' dir='ltr'><strong>adiunctis</strong></span> <span class='ocrx_word' id='word_1_277' title='bbox 666 4218 866 4281; x_wconf 90' lang='lat' dir='ltr'><strong>momentum</strong></span> <span class='ocrx_word' id='word_1_278' title='bbox 891 4235 1054 4280; x_wconf 86' lang='lat' dir='ltr'><strong>excusans</strong></span> <span class='ocrx_word' id='word_1_279' title='bbox 1077 4214 1130 4279; x_wconf 91' lang='lat' dir='ltr'><strong>vel</strong></span> <span class='ocrx_word' id='word_1_280' title='bbox 1151 4216 1330 4279; x_wconf 89' lang='lat' dir='ltr'><strong>attenuans</strong></span> <span class='ocrx_word' id='word_1_281' title='bbox 1344 4212 1570 4280; x_wconf 87' lang='lat' dir='ltr'><strong>intervenerit.</strong></span> <span class='ocrx_word' id='word_1_282' title='bbox 1601 4212 1666 4291; x_wconf 82' lang='lat' dir='ltr'><strong>Qui</strong></span> 
     </span>
     <span class='ocr_line' id='line_1_35' title="bbox 414 4317 1665 4406; baseline -0.002 -20"><span class='ocrx_word' id='word_1_283' title='bbox 414 4325 525 4388; x_wconf 88' lang='lat' dir='ltr'><strong>autern</strong></span> <span class='ocrx_word' id='word_1_284' title='bbox 549 4341 631 4406; x_wconf 91' lang='lat' dir='ltr'><strong>opus</strong></span> <span class='ocrx_word' id='word_1_285' title='bbox 651 4321 839 4404; x_wconf 91' lang='lat' dir='ltr'><strong>ceteroquin</strong></span> <span class='ocrx_word' id='word_1_286' title='bbox 856 4320 981 4386; x_wconf 90' lang='lat' dir='ltr'><strong>licitum</strong></span> <span class='ocrx_word' id='word_1_287' title='bbox 998 4323 1033 4386; x_wconf 91' lang='lat' dir='ltr'><strong>et</strong></span> <span class='ocrx_word' id='word_1_288' title='bbox 1048 4319 1170 4386; x_wconf 91' lang='lat' dir='ltr'><strong>iustum</strong></span> <span class='ocrx_word' id='word_1_289' title='bbox 1186 4318 1333 4404; x_wconf 89' lang='lat' dir='ltr'><strong>suscipit,</strong></span> <span class='ocrx_word' id='word_1_290' title='bbox 1357 4339 1400 4383; x_wconf 85' lang='lat' dir='ltr'><strong>ex</strong></span> <span class='ocrx_word' id='word_1_291' title='bbox 1416 4317 1537 4403; x_wconf 91' lang='lat' dir='ltr'><strong>duplici</strong></span> <span class='ocrx_word' id='word_1_292' title='bbox 1552 4323 1665 4385; x_wconf 86' lang='lat' dir='ltr'><strong>tamen</strong></span> 
     </span>
     <span class='ocr_line' id='line_1_36' title="bbox 414 4425 1664 4512; baseline -0.002 -19"><span class='ocrx_word' id='word_1_293' title='bbox 414 4429 522 4512; x_wconf 86' lang='lat' dir='ltr'><strong>capite</strong></span> <span class='ocrx_word' id='word_1_294' title='bbox 545 4449 621 4494; x_wconf 90' lang='lat' dir='ltr'><strong>reus</strong></span> <span class='ocrx_word' id='word_1_295' title='bbox 644 4427 714 4494; x_wconf 89' lang='lat' dir='ltr'><strong>fieri</strong></span> <span class='ocrx_word' id='word_1_296' title='bbox 736 4431 848 4512; x_wconf 85' lang='lat' dir='ltr'><strong>potest</strong></span> <span class='ocrx_word' id='word_1_297' title='bbox 871 4427 949 4494; x_wconf 89' lang='lat' dir='ltr'><strong>mali</strong></span> <span class='ocrx_word' id='word_1_298' title='bbox 973 4429 1110 4493; x_wconf 83' lang='lat' dir='ltr'><strong>effectus</strong></span> <span class='ocrx_word' id='word_1_299' title='bbox 1133 4449 1154 4494; x_wconf 89' lang='lat' dir='ltr'><strong>a</strong></span> <span class='ocrx_word' id='word_1_300' title='bbox 1176 4447 1213 4492; x_wconf 88' lang='lat' dir='ltr'><strong>se</strong></span> <span class='ocrx_word' id='word_1_301' title='bbox 1236 4425 1451 4510; x_wconf 85' lang='lat' dir='ltr'><strong>praecogniti,</strong></span> <span class='ocrx_word' id='word_1_302' title='bbox 1475 4425 1533 4492; x_wconf 92' lang='lat' dir='ltr'><strong>scl.</strong></span> <span class='ocrx_word' id='word_1_303' title='bbox 1556 4429 1602 4492; x_wconf 87' lang='lat' dir='ltr'><strong>uel</strong></span> <span class='ocrx_word' id='word_1_304' title='bbox 1620 4445 1664 4490; x_wconf 85' lang='lat' dir='ltr'><strong>ex</strong></span> 
     </span>
     <span class='ocr_line' id='line_1_37' title="bbox 414 4531 1664 4616; baseline -0.003 -16"><span class='ocrx_word' id='word_1_305' title='bbox 414 4534 546 4602; x_wconf 81' lang='lat' dir='ltr'><strong>defectu</strong></span> <span class='ocrx_word' id='word_1_306' title='bbox 569 4534 645 4600; x_wconf 92' lang='lat' dir='ltr'><strong>boni</strong></span> <span class='ocrx_word' id='word_1_307' title='bbox 668 4555 707 4600; x_wconf 90' lang='lat' dir='ltr'><strong>ac</strong></span> <span class='ocrx_word' id='word_1_308' title='bbox 730 4533 869 4616; x_wconf 88' lang='lat' dir='ltr'><strong>legitimi</strong></span> <span class='ocrx_word' id='word_1_309' title='bbox 888 4533 972 4612; x_wconf 89' lang='lat' dir='ltr'><strong>finis,</strong></span> <span class='ocrx_word' id='word_1_310' title='bbox 997 4538 1044 4600; x_wconf 86' lang='lat' dir='ltr'><strong>ecl</strong></span> <span class='ocrx_word' id='word_1_311' title='bbox 1059 4554 1102 4599; x_wconf 85' lang='lat' dir='ltr'><strong>ex</strong></span> <span class='ocrx_word' id='word_1_312' title='bbox 1117 4532 1260 4600; x_wconf 87' lang='lat' dir='ltr'><strong>relativa</strong></span> <span class='ocrx_word' id='word_1_313' title='bbox 1274 4531 1438 4598; x_wconf 73' lang='lat' dir='ltr'><strong>tenuitate</strong></span> <span class='ocrx_word' id='word_1_314' title='bbox 1453 4531 1530 4598; x_wconf 89' lang='lat' dir='ltr'><strong>boni</strong></span> <span class='ocrx_word' id='word_1_315' title='bbox 1544 4531 1664 4596; x_wconf 89' lang='lat' dir='ltr'><strong>intenti</strong></span> 
     </span>
     <span class='ocr_line' id='line_1_38' title="bbox 413 4639 1285 4726; baseline 0.001 -20"><span class='ocrx_word' id='word_1_316' title='bbox 413 4641 447 4706; x_wconf 88' lang='lat' dir='ltr'><strong>in</strong></span> <span class='ocrx_word' id='word_1_317' title='bbox 471 4641 715 4726; x_wconf 87' lang='lat' dir='ltr'><strong>comparatione</strong></span> <span class='ocrx_word' id='word_1_318' title='bbox 739 4641 780 4707; x_wconf 88' lang='lat' dir='ltr'><strong>ed</strong></span> <span class='ocrx_word' id='word_1_319' title='bbox 804 4641 936 4719; x_wconf 89' lang='lat' dir='ltr'><strong>malum,</strong></span> <span class='ocrx_word' id='word_1_320' title='bbox 961 4641 1047 4723; x_wconf 93' lang='lat' dir='ltr'><strong>quod</strong></span> <span class='ocrx_word' id='word_1_321' title='bbox 1070 4639 1285 4725; x_wconf 88' lang='lat' dir='ltr'><strong>permittitur.</strong></span> 
     </span>
    </p>

    <p class='ocr_par' dir='ltr' id='par_1_11' title="bbox 414 4742 1662 4934">
     <span class='ocr_line' id='line_1_39' title="bbox 503 4742 1661 4831; baseline -0.004 -19"><span class='ocrx_word' id='word_1_322' title='bbox 503 4747 544 4814; x_wconf 92' lang='lat' dir='ltr'><strong>II.</strong></span> <span class='ocrx_word' id='word_1_323' title='bbox 569 4745 629 4823; x_wconf 87' lang='lat' dir='ltr'><strong>Qui</strong></span> <span class='ocrx_word' id='word_1_324' title='bbox 655 4769 693 4812; x_wconf 80' lang='lat' dir='ltr'><strong>ee</strong></span> <span class='ocrx_word' id='word_1_325' title='bbox 716 4750 841 4813; x_wconf 79' lang='lat' dir='ltr'><strong>iustitio</strong></span> <span class='ocrx_word' id='word_1_326' title='bbox 864 4750 910 4813; x_wconf 89' lang='lat' dir='ltr'><strong>oel</strong></span> <span class='ocrx_word' id='word_1_327' title='bbox 933 4747 1038 4831; x_wconf 80' lang='lat' dir='ltr'><strong>officio</strong></span> <span class='ocrx_word' id='word_1_328' title='bbox 1062 4745 1104 4812; x_wconf 90' lang='lat' dir='ltr'><strong>ad</strong></span> <span class='ocrx_word' id='word_1_329' title='bbox 1128 4744 1345 4811; x_wconf 84' lang='lat' dir='ltr'><strong>avertendum</strong></span> <span class='ocrx_word' id='word_1_330' title='bbox 1368 4742 1510 4825; x_wconf 84' lang='lat' dir='ltr'><strong>aliquem</strong></span> <span class='ocrx_word' id='word_1_331' title='bbox 1540 4743 1661 4808; x_wconf 86' lang='lat' dir='ltr'><strong>molum</strong></span> 
     </span>
     <span class='ocr_line' id='line_1_40' title="bbox 414 4847 1662 4934; baseline -0.002 -17"><span class='ocrx_word' id='word_1_332' title='bbox 414 4857 568 4918; x_wconf 85' lang='lat' dir='ltr'><strong>eventum</strong></span> <span class='ocrx_word' id='word_1_333' title='bbox 592 4852 766 4934; x_wconf 87' lang='lat' dir='ltr'><strong>obligatur,</strong></span> <span class='ocrx_word' id='word_1_334' title='bbox 791 4851 941 4918; x_wconf 89' lang='lat' dir='ltr'><strong>similiter</strong></span> <span class='ocrx_word' id='word_1_335' title='bbox 965 4873 1008 4918; x_wconf 85' lang='lat' dir='ltr'><strong>ex</strong></span> <span class='ocrx_word' id='word_1_336' title='bbox 1029 4850 1158 4918; x_wconf 90' lang='lat' dir='ltr'><strong>iustitia</strong></span> <span class='ocrx_word' id='word_1_337' title='bbox 1172 4853 1305 4917; x_wconf 87' lang='lat' dir='ltr'><strong>tenetur</strong></span> <span class='ocrx_word' id='word_1_338' title='bbox 1321 4847 1474 4914; x_wconf 87' lang='lat' dir='ltr'><strong>omittere</strong></span> <span class='ocrx_word' id='word_1_339' title='bbox 1489 4849 1662 4924; x_wconf 87' lang='lat' dir='ltr'><strong>actionem,</strong></span> 
     </span>
    </p>
   </div>
   <div class='ocr_carea' id='block_1_8' title="bbox 419 4967 739 4976">
    <p class='ocr_par' dir='ltr' id='par_1_12' title="bbox 419 4967 739 4976">
     <span class='ocr_line' id='line_1_41' title="bbox 419 4967 739 4976; baseline 0 0"><span class='ocrx_word' id='word_1_340' title='bbox 419 4967 739 4976; x_wconf 75' lang='lat'><strong>——.——-—--</strong></span> 
     </span>
    </p>
   </div>
   <div class='ocr_carea' id='block_1_9' title="bbox 505 5005 1572 5078">
    <p class='ocr_par' dir='ltr' id='par_1_13' title="bbox 505 5005 1572 5078">
     <span class='ocr_line' id='line_1_42' title="bbox 505 5005 1572 5078; baseline -0.006 -13"><span class='ocrx_word' id='word_1_341' title='bbox 505 5012 514 5044; x_wconf 88' lang='lat'>¹</span> <span class='ocrx_word' id='word_1_342' title='bbox 533 5010 574 5065; x_wconf 80' lang='lat' dir='ltr'><strong>cf.</strong></span> <span class='ocrx_word' id='word_1_343' title='bbox 593 5011 751 5078; x_wconf 84' lang='lat' dir='ltr'><strong>Lelrmleuhl,</strong></span> <span class='ocrx_word' id='word_1_344' title='bbox 770 5009 862 5064; x_wconf 80' lang='lat' dir='ltr'><strong>Theol.</strong></span> <span class='ocrx_word' id='word_1_345' title='bbox 882 5025 948 5064; x_wconf 88' lang='lat' dir='ltr'><strong>mor.</strong></span> <span class='ocrx_word' id='word_1_346' title='bbox 968 5007 981 5062; x_wconf 95' lang='lat' dir='ltr'>I</span> <span class='ocrx_word' id='word_1_347' title='bbox 1003 5007 1059 5075; x_wconf 87' lang='lat' dir='ltr'><strong>,De</strong></span> <span class='ocrx_word' id='word_1_348' title='bbox 1076 5005 1232 5062; x_wconf 81' lang='lat' dir='ltr'><strong>voluntario</strong></span> <span class='ocrx_word' id='word_1_349' title='bbox 1251 5006 1278 5060; x_wconf 92' lang='lat' dir='ltr'><strong>in</strong></span> <span class='ocrx_word' id='word_1_350' title='bbox 1297 5007 1396 5060; x_wconf 78' lang='lat' dir='ltr'><strong>causa*</strong></span> <span class='ocrx_word' id='word_1_351' title='bbox 1417 5021 1445 5058; x_wconf 89' lang='lat' dir='ltr'><strong>n.</strong></span> <span class='ocrx_word' id='word_1_352' title='bbox 1466 5005 1496 5060; x_wconf 91' lang='lat'><strong>11</strong></span> <span class='ocrx_word' id='word_1_353' title='bbox 1511 5020 1572 5074; x_wconf 86' lang='lat' dir='ltr'><strong>sqq.</strong></span> 
     </span>
    </p>
   </div>
   <div class='ocr_carea' id='block_1_10' title="bbox 0 0 1960 5842">
    <p class='ocr_par' dir='ltr' id='par_1_14' title="bbox 0 0 1960 5842">
     <span class='ocr_line' id='line_1_43' title="bbox 0 0 1960 5842; baseline 0 0"><span class='ocrx_word' id='word_1_354' title='bbox 0 0 1960 5842; x_wconf 95' lang='lat' dir='ltr'><strong> </strong></span> 
     </span>
    </p>
   </div>
  </div>
 </body>
</html>
