3909 5842
446 728 517 783 Iuris
535 728 597 783 idea
616 746 651 783 ex
670 728 795 784 absoluto
814 728 945 799 principio
964 727 1147 798 pantheisticc
1165 757 1201 766 -
1220 726 1368 796 schelling.
1468 733 1533 797 435

286 898 473 965 universam
487 918 589 982 prope
604 896 794 965 historicam
810 896 890 963 iuris
906 897 1093 965 realitatem
1109 897 1206 964 ideali
1223 897 1428 964 revolutione
1442 900 1534 965 labe·

286 1004 426 1083 sectans,
459 1025 498 1071 eo
528 1004 599 1087 ipso
631 1004 763 1070 futurae
796 1004 972 1070 reactiunis
1001 1002 1127 1069 semina
1155 1003 1189 1068 in
1217 1003 1349 1088 proprio
1372 1004 1438 1071 iam
1461 1005 1535 1071 sinu

286 1109 548 1188 circumferebat,
583 1130 680 1192 quam
713 1107 867 1193 deinceps
898 1110 1084 1194 Schedinpii
1116 1113 1151 1177 et
1181 1109 1377 1193 praesertim
1409 1112 1536 1197 Heqclii

285 1216 490 1301 philosophia
513 1237 578 1281 nou
602 1216 709 1281 miuus
731 1216 800 1282 lato
824 1236 976 1282 successu
1000 1215 1138 1282 invexit.
1177 1216 1222 1284 Et
1238 1216 1379 1283 feliciter
1394 1217 1534 1299 quidem,

285 1322 313 1389 si
341 1322 477 1399 veritae¹
490 1322 604 1401 errori,
635 1343 700 1388 non
724 1343 817 1388 error
839 1321 944 1388 errori
967 1323 1191 1391 successisset.
1237 1322 1402 1390 Successit
1424 1327 1535 1391 autem

286 1428 371 1494 falso
397 1430 501 1511 ,iaris
525 1428 808 1495 individualiarno“
836 1450 900 1494 non
919 1428 1026 1494 minus
1041 1429 1146 1495 falsus
1164 1430 1446 1513 ,obiectioiamnc“,
1470 1430 1535 1496 atio

289 1535 419 1617 quidem
449 1534 557 1612 modo,
590 1534 648 1599 sed
679 1534 750 1619 pari
783 1555 854 1600 cum
886 1534 1032 1619 periculo
1062 1535 1237 1617 genuinam
1260 1535 1341 1601 iuris
1370 1536 1478 1603 ideam
1502 1540 1537 1603 et

286 1640 496 1725 originariam
512 1641 724 1709 sanctitatem
741 1641 978 1707 contaminans.
1003 1641 1166 1706 Nimirum
1183 1642 1455 1724 quemadmodum
1467 1644 1535 1708 illic

286 1746 390 1813 omnis
413 1746 493 1812 iuris
517 1747 716 1814 constructio
741 1748 782 1814 ab
799 1749 972 1814 individua
985 1752 1222 1835 personalitate,
1246 1750 1300 1815 vel
1316 1770 1375 1835 per
1390 1772 1426 1816 se
1442 1754 1534 1817 auto·

284 1874 381 1919 noma
405 1855 458 1918 vel
481 1855 601 1921 saltem
624 1876 684 1939 per
706 1854 964 1921 abstractionem
990 1855 1032 1920 ab
1056 1854 1169 1921 ordine
1187 1854 1299 1921 muudi
1317 1856 1480 1923 obiectivo
1496 1879 1536 1924 ac

286 1959 442 2025 divinitus
471 1960 599 2027 sancito
629 1960 748 2039 soluta,
779 1960 1007 2044 proficiscitur,
1038 1960 1087 2027 ita
1115 1961 1178 2041 bic,
1209 1962 1344 2027 tametsi
1373 1968 1471 2030 extra
1501 1968 1536 2030 et

286 2087 386 2151 supra
415 2087 543 2132 omnem
574 2066 883 2147 individualitatem,
914 2088 979 2133 non
1009 2067 1179 2133 tamenin
1203 2068 1423 2135 aetemaDei
1448 2068 1535 2134 ordi·

284 2172 411 2239 naturis
440 2172 524 2255 lege,
555 2172 613 2238 sed
642 2172 674 2238 in
703 2172 812 2255 aliquo
836 2174 982 2239 abiectior
1004 2177 1182 2239 necessario
1207 2183 1235 2240 et
1258 2174 1398 2240 absoluto
1421 2176 1536 2241 mandi

282 2300 433 2365 processa
462 2277 537 2343 fons
564 2298 603 2343 aa
626 2277 820 2363 principium
843 2281 915 2344 tum
937 2278 1019 2343 iuris
1041 2282 1112 2345 tum
1135 2280 1335 2346 moralitatis
1357 2280 1535 2348 iuvenitur.

287 2385 460 2466 Utrimque
483 2383 622 2449 hominis
646 2388 680 2450 et
702 2385 834 2466 generis
856 2384 990 2450 humani
1016 2388 1226 2471 mancipatio
1250 2409 1271 2451 a
1286 2388 1354 2453 Deo
1367 2390 1536 2472 personati

286 2514 324 2557 cc
334 2492 468 2576 procido
481 2492 658 2576 lapidatore
670 2494 866 2569 attentatur,
879 2490 946 2556 illic
958 2494 1115 2557 notionem
1127 2494 1302 2575 individui,
1315 2492 1368 2558 hio
1379 2496 1536 2559 rationem

281 2598 444 2683 publicam
455 2596 586 2679 generis
598 2597 808 2681 usurpatorie
821 2598 983 2680 dignitate
995 2598 1137 2663 numinis
1149 2600 1355 2677 exornando;
1371 2598 1535 2682 utrimque

287 2704 446 2785 letiferam
469 2706 589 2769 molum
614 2706 678 2789 ipsi
701 2706 826 2790 corpori
848 2706 961 2769 sociali
975 2704 1126 2782 infertur,
1150 2704 1216 2771 illic
1232 2704 1362 2771 nomine
1377 2726 1532 2789 persona·

286 2809 327 2875 lis
355 2810 518 2875 libertatis
546 2813 580 2875 et
608 2810 820 2892 aequalitatis
845 2810 1056 2877 anarchicum
1079 2811 1134 2877 vel
1157 2811 1381 2877 mechanicum
1405 2815 1535 2878 atomis

287 2938 382 2998 mum,
413 2916 465 2981 hic
489 2915 618 2981 nomine
641 2916 814 2983 rationalis
841 2916 1113 2995 ,obiectivitatis“
1142 2917 1319 2983 absolutam
1341 2921 1535 3004 omnipoten-

285 3026 364 3088 tiam
395 3024 542 3107 publicae
575 3027 737 3107 petenatis
771 3022 865 3089 vitali
900 3022 1070 3089 societatis
1106 3022 1293 3104 organismo
1326 3026 1442 3090 contra
1473 3025 1534 3089 Dei

284 3128 471 3195 institutum
496 3128 734 3195 substituendo.

285 3240 352 3312 537.
443 3243 468 3309 I.
500 3244 536 3309 F.
562 3244 608 3308 W.
633 3244 666 3309 J.
683 3265 750 3310 ,oon
774 3244 932 3327 schelling
955 3241 1206 3326 (litt—1854)
1234 3242 1296 3308 etsi
1326 3244 1405 3309 iuris
1428 3243 1533 3328 philo·

285 3350 434 3433 sophiam
457 3371 516 3433 per
540 3349 671 3414 modum
694 3348 772 3415 iusti
796 3349 989 3431 systematis
1004 3348 1075 3433 ipse
1091 3349 1281 3432 complexus
1297 3370 1361 3414 nou
1378 3354 1440 3429 eet,
1464 3349 1534 3415 eius

282 3458 395 3519 tamen
419 3456 552 3539 propria
576 3455 827 3535 delineameuta‚
856 3454 925 3521 suis
947 3454 1161 3539 speculativis
1185 3454 1383 3520 discursibus
1407 3476 1532 3521 accom-

283 3561 428 3639 modata,
459 3562 559 3627 variis
590 3562 723 3646 scriptis
751 3560 922 3646 proposuit
953 3560 1057 3644 iisque
1080 3561 1177 3626 simul
1201 3582 1307 3627 novae
1330 3561 1533 3644 Hegelianae

284 3667 518 3733 constructioni
554 3668 659 3751 prima
694 3666 786 3750 quasi
821 3666 1038 3732 fundamenta
1071 3666 1305 3750 suppeditavit
1352 3667 1466 3733 Kantii
1499 3671 1533 3733 et

283 3774 410 3840 Fichtei
434 3773 575 3857 vestigia
597 3774 631 3839 in
653 3774 866 3858 praefigenda
890 3773 1040 3840 similiter
1063 3774 1260 3839 individuali
1282 3775 1426 3840 libertate
1442 3784 1534 3841 anto·

284 3902 379 3948 noma
409 3889 437 3946 et
456 3902 515 3965 per
537 3902 570 3945 ee
594 3881 737 3946 absolata
761 3881 970 3963 sequebatur,
995 3880 1045 3945 ita
1067 3883 1189 3957 tamen,
1221 3884 1267 3956 ut,
1298 3880 1434 3945 adeius
1458 3902 1532 3946 cum

283 3990 438 4056 libertate
451 3986 587 4054 aliorum
601 3986 804 4053 harmoniam
818 3986 1034 4063 efficiendam,
1048 3988 1201 4071 pact-itiac
1214 3988 1407 4051 voluntatem
1419 3990 1533 4053 anion-i

282 4096 501 4162 universalem
525 4093 635 4177 potius
658 4098 692 4160 et
716 4095 893 4159 absolutum
916 4096 1107 4159 voluntatem
1126 4092 1345 4176 pantheistice
1361 4096 1531 4177 acceptam

282 4204 494 4286 subrogaret;
531 4201 616 4283 quod
651 4200 776 4284 primae
811 4200 880 4266 eius
916 4200 956 4266 de
990 4200 1061 4265 iure
1095 4204 1234 4266 naturae
1269 4200 1531 4266 elucubrationes

282 4310 398 4394 (1796)
430 4311 598 4373 testantur
610 4310 631 4373 ¹.
678 4306 810 4372 Novum
843 4327 922 4372 vero
954 4306 1124 4372 tramitem
1157 4306 1303 4389 apertius
1336 4306 1532 4373 denuntiant
1589 4337 1593 4343 -

375 4450 383 4481 ¹
402 4447 444 4502 cf.
463 4446 630 4517 Opueculum
650 4446 704 4500 iam
725 4446 793 4500 1795
813 4446 997 4515 conscriptum
1016 4450 1045 4499 et
1066 4446 1134 4500 1796
1153 4444 1256 4499 editum
1272 4444 1529 4510 ‚NeueDeduktion

282 4540 331 4593 dee
349 4536 544 4591 Naturrechts“
568 4534 674 4604 (Strati.
689 4534 792 4588 Werke
813 4535 890 4597 1856,
912 4536 934 4588 1.
954 4534 1028 4596 Abi„
1047 4533 1244 4600 1247-280):
1265 4532 1336 4599 ,Der
1353 4534 1530 4588 individuelle

281 4626 367 4681 Wille
390 4628 428 4681 ist
453 4625 538 4681 durch
564 4626 616 4679 den
641 4623 822 4692 allgemeinen
841 4623 943 4677 Willeu
961 4641 1014 4677 nur
1032 4622 1153 4676 insciam
1179 4621 1406 4689 eingeschrtukt,
1431 4623 1474 4677 als
1499 4642 1529 4678 er

281 4715 368 4769 durch
387 4716 461 4769 diese
480 4712 709 4780 Einechrdnkuug
727 4712 838 4766 absolut
855 4712 937 4778 vird,
957 4712 1012 4765 uad
1032 4730 1062 4765 er
1079 4712 1117 4765 ist
1134 4728 1187 4764 aur
1205 4711 1326 4764 ineoiern
1345 4711 1467 4777 absolut,
1486 4712 1528 4767 ale

281 4822 311 4859 er
337 4804 387 4857 auf
410 4804 452 4857 die
471 4803 633 4871 Bedingung
659 4801 707 4855 des
731 4801 912 4868 allgemeinen
931 4800 1050 4854 Willeue
1075 4798 1290 4868 eingeschrttnkt
1313 4800 1365 4854 ist*
1395 4801 1433 4871 (p.
1452 4802 1527 4869 255).

284 4892 373 4959 ,Mein
392 4892 476 4945 Wille
495 4890 650 4945 untervvirft
668 4890 726 4944 sich
747 4890 807 4943 dem
827 4890 1009 4958 allgemeiueu
1029 4888 1145 4953 Willeu,
1172 4888 1259 4942 demit
1283 4906 1312 4941 er
1334 4888 1442 4943 keiuem
1460 4891 1528 4944 indi·

281 4980 418 5035 viduellen
443 4982 570 5034 untertmr
596 4980 635 5033 sei
660 4979 725 5034 oder
749 4978 794 5032 ich
819 4978 879 5046 lege
905 4979 958 5031 mir
983 4977 1069 5031 selbet
1095 4978 1147 5031 deu
1166 4977 1347 5045 allgemeinen
1365 4977 1466 5033 Willeu
1485 4978 1528 5033 als

281 5071 381 5126 Gesetz
400 5068 455 5134 auf,
475 5069 561 5123 demit
578 5068 649 5121 mein
668 5067 753 5121 Wille
769 5067 859 5139 jedem
879 5068 982 5121 audem
996 5066 1098 5119 Willen
1112 5066 1212 5120 Gesatz
1229 5066 1284 5121 sei*
1309 5065 1346 5137 (p.
1359 5067 1434 5134 256).
1462 5066 1527 5133 ,Die

1263 5156 1317 5210 28*
