3909 5842
750 666 789 720 De
808 667 927 737 praemia
947 669 976 721 et
994 684 1089 736 poena.
1480 670 1544 734 193

294 843 360 914 216.
451 840 641 916 Gorcllaria:
669 845 694 911 I.
719 844 885 926 Siquidem
910 847 998 911 Dens
1022 849 1074 910 est
1096 849 1211 912 auctor
1234 848 1269 910 et
1291 867 1434 911 sammaa
1457 848 1544 910 ordi-

294 961 390 1018 nato-r
419 949 530 1016 mundi
561 971 624 1015 non
653 952 758 1017 solum
788 951 915 1035 physici
945 952 1127 1018 sedetiam
1150 951 1293 1029 moralis,
1325 952 1544 1034 consequitur,

295 1065 387 1125 recto
418 1055 524 1122 ordini
553 1057 587 1122 in
617 1058 737 1122 mundo
768 1058 885 1124 morali
915 1058 1069 1141 congruis
1097 1059 1212 1123 mediis
1234 1058 1422 1145 prospicere
1445 1063 1480 1125 et
1503 1061 1546 1125 ad

295 1163 381 1230 hunc
414 1165 511 1229 finem
543 1184 602 1247 pro
635 1164 752 1230 merito
782 1169 817 1230 et
847 1163 1006 1231 demerito
1035 1164 1152 1230 morali
1182 1164 1330 1247 praemia
1359 1169 1394 1230 et
1422 1185 1546 1248 poenas

295 1275 454 1349 statuere,
481 1272 690 1336 essentialiter
712 1279 741 1336 et
762 1294 829 1356 per,
843 1293 875 1337 ae
896 1273 955 1337 soli
970 1272 1038 1336 Deo
1054 1279 1232 1356 competere,
1256 1271 1419 1337 humanae
1434 1275 1543 1338 autom
1599 1315 1603 1322 ·

268 1378 271 1382 ’
296 1377 487 1444 auctoritati
511 1399 575 1443 non
600 1381 665 1442 nisi
690 1399 727 1442 en
749 1379 813 1443 Dei
837 1380 990 1444 mandato
1014 1387 1043 1443 et
1065 1381 1296 1444 communicata
1315 1386 1464 1464 potestate
1474 1381 1495 1443 1.

387 1484 428 1551 Il.
452 1483 637 1549 Praemium
662 1487 697 1550 at
719 1505 835 1567 poena,
861 1483 1069 1550 considerata
1091 1484 1267 1550 secundum
1286 1488 1429 1570 primam
1452 1506 1545 1550 suum

297 1591 395 1656 finem
426 1588 646 1666 essentialem,
678 1589 758 1667 eius,
791 1589 845 1672 qui
875 1589 982 1654 ordini
1004 1593 1138 1673 praeest
1160 1590 1246 1667 (sive
1269 1611 1328 1674 per
1351 1611 1387 1656 se
1410 1591 1481 1656 sive
1504 1611 1546 1656 ex

298 1695 549 1780 commissione),
574 1699 762 1782 sapientiae,
786 1697 963 1762 secundum
988 1696 1129 1762 alterurn
1152 1718 1231 1762 vero
1254 1701 1397 1762 institiae
1411 1718 1547 1781 respon·

298 1802 387 1868 dent.
419 1801 561 1870 Ratione
584 1802 686 1886 igitur
710 1805 895 1889 sapientiae,
922 1803 1014 1868 cuius
1037 1807 1177 1870 estnon
1200 1804 1263 1868 nisi
1286 1809 1366 1888 apta
1381 1804 1489 1870 media
1505 1804 1547 1870 ad

298 1911 395 1976 finem
426 1909 580 1993 deligere,
611 1910 792 1994 praemium
823 1913 857 1976 et
886 1930 993 1994 poena
1021 1909 1178 1976 eiusmodi
1201 1911 1268 1977 sint
1291 1914 1432 1995 oportet,
1463 1930 1548 1992 quae

298 2015 531 2100 psychologioe
553 2015 636 2082 satis
660 2015 778 2086 efficax
795 2002 995 2082 momentum
1011 2015 1174 2081 humanae
1194 2016 1341 2082 libertati
1364 2020 1547 2098 suggerant

298 2122 422 2188 ordinis
446 2121 579 2188 moralis
601 2121 743 2188 fideliter
758 2121 921 2198 servandi,
945 2121 965 2186 i.
984 2143 1012 2186 e.
1030 2143 1114 2204 quae
1128 2145 1187 2207 per
1202 2145 1235 2188 ae
1250 2127 1367 2188 cuncta
1382 2121 1547 2189 rationum

300 2233 468 2296 momenta
484 2233 650 2313 superent,
670 2228 785 2312 quibus
802 2228 955 2293 voluntas
969 2226 1124 2305 humana,
1140 2227 1303 2293 illecebris
1317 2228 1394 2294 mali
1411 2227 1548 2292 circum-

299 2334 390 2412 data,
424 2334 466 2399 ad
499 2333 713 2400 deserendum
746 2332 828 2400 recti
861 2331 984 2398 ordinis
1016 2333 1183 2399 tramitem
1218 2334 1425 2400 sollicitatur.
1479 2334 1548 2398 Ra-

300 2441 390 2508 tione
414 2444 523 2506 autem
540 2442 681 2506 institiae
698 2438 885 2521 requiritur,
910 2442 947 2504 ut
963 2438 1077 2504 eadem
1093 2438 1341 2506 retributionem
1358 2439 1550 2506 contineant

300 2545 418 2612 merito
442 2551 477 2612 et
500 2544 659 2612 demerito
683 2543 905 2626 quantitative
928 2545 1221 2628 proportionatam.

390 2652 447 2718 HI.
476 2651 597 2729 Poena,
629 2650 806 2716 secundum
834 2651 965 2716 finalem
996 2671 1090 2715 suum
1114 2654 1300 2734 respectum
1324 2651 1366 2717 ad
1389 2651 1547 2719 iustitiam

301 2759 519 2836 considerata,
543 2763 633 2824 recte
658 2757 839 2840 concipitur
863 2761 1032 2838 tamquam
1055 2760 1172 2822 reontio
1195 2759 1322 2824 ordinis
1340 2759 1474 2824 moralis
1490 2759 1548 2835 ad-

301 2885 418 2931 versus
449 2863 571 2931 ordinis
603 2867 817 2946 violationem,
852 2884 910 2928 seu
942 2868 1110 2946 tamquam
1143 2868 1258 2930 victrice
1289 2865 1465 2949 affirmatio
1497 2867 1548 2931 ob-

301 2973 430 3038 iectione
459 2973 712 3037 inviolabilitatis
735 2969 879 3035 eiusdem
904 2969 1027 3036 ordinis
1050 2974 1166 3036 contra
1188 2971 1343 3036 rebellem
1368 2972 1550 3039 voluntatis

302 3079 531 3164 nepotianem2.

391 3185 447 3250 IV.
472 3182 749 3261 Quemadmodum
773 3182 881 3248 mariti
905 3203 944 3247 ac
967 3182 1118 3249 demeriti
1141 3183 1274 3249 moralis
1296 3184 1418 3268 triplex
1435 3187 1550 3251 modus

303 3289 526 3372 distinguitur,
558 3292 656 3373 prout
687 3288 773 3354 actio
803 3289 889 3353 bona
912 3288 965 3352 vel
989 3288 1077 3353 mala
1097 3292 1242 3374 proxima
1266 3312 1304 3354 aa
1325 3294 1551 3377 principaliter

302 3397 472 3464 meritoria
501 3396 555 3462 vel
586 3395 795 3461 demeritorie
825 3398 877 3461 est
906 3399 1061 3478 respectu
1091 3395 1214 3461 ordinis
1246 3397 1461 3463 individualis
1492 3404 1550 3464 aut

301 3506 429 3569 socialia
452 3507 511 3569 aut
534 3505 736 3579 universalia,
760 3501 808 3567 ita
831 3501 1012 3585 praemium
1037 3522 1165 3584 quoque
1189 3507 1224 3569 et
1246 3524 1352 3586 poena
1375 3505 1549 3587 analogam

303 3607 529 3675 diversitatem
553 3609 763 3692 participant,
787 3611 885 3690 prout
902 3611 1051 3692 proxime
1071 3617 1100 3674 et
1111 3611 1337 3695 principaliter
1353 3609 1394 3674 ad
1410 3609 1550 3693 primum

303 3718 361 3780 aut
391 3715 531 3780 alterum
562 3718 619 3781 aut
648 3713 783 3780 tertium
814 3734 854 3778 ex
885 3713 1001 3779 iisdem
1025 3714 1190 3780 ordinibus
1215 3717 1473 3781 conservandum
1497 3718 1551 3782 vel

302 3821 528 3905 complendum
554 3824 588 3886 et
611 3819 848 3886 restituendum
872 3818 1070 3886 referuntur.
1118 3820 1204 3886 Hinc
1227 3825 1288 3899 est,
1317 3822 1403 3904 quod
1426 3843 1551 3906 poenae

302 3926 475 3993 retributio
492 3927 668 3992 secundum
682 3930 825 4012 primam
841 3930 1027 4009 respectum
1044 3927 1193 3993 demeriti
1206 3930 1367 4013 minaria
1381 3927 1415 3993 in
1433 3931 1549 3993 bonum

304 4033 512 4118 individuale,
544 4032 670 4098 scilicet
699 4032 732 4096 in
764 4032 1027 4098 emendationem
1056 4032 1114 4108 rei,
1148 4033 1340 4099 secundario
1364 4039 1493 4100 tantum
1518 4039 1552 4099 et

303 4143 429 4204 remote
453 4139 485 4202 in
508 4139 629 4204 bonum
653 4138 774 4204 sociale
798 4143 831 4204 et
855 4139 1041 4204 universale
1064 4139 1251 4216 ordinatur;
1276 4144 1391 4207 contra
1405 4140 1439 4204 in
1455 4141 1552 4206 retri-

304 4244 437 4310 butione
467 4265 592 4329 poenae
616 4244 793 4310 secundum
818 4247 953 4310 alteram
978 4248 1012 4310 et
1034 4249 1162 4311 tertiam
1185 4249 1369 4329 respectum
1392 4249 1551 4332 primario

304 4351 423 4416 bonum
454 4354 567 4417 sociata
597 4351 649 4416 vel
683 4355 873 4434 universale,
905 4351 1097 4417 secundario
1127 4357 1257 4418 tantum
1280 4353 1334 4418 vel
1358 4351 1458 4418 tertio
1481 4354 1552 4419 loco

397 4561 405 4593 ¹
425 4559 466 4614 Gi.
487 4562 515 4614 S.
538 4561 637 4628 filiani,
657 4557 758 4613 Contra
777 4557 856 4612 (lent.
876 4558 893 4610 l.
915 4558 939 4622 3,
959 4575 982 4612 c.
1004 4558 1055 4613 140
1074 4561 1102 4611 ct
1123 4559 1182 4613 146.

396 4649 407 4682 ²
429 4649 474 4712 ,ln
493 4647 646 4702 hominibus
671 4647 722 4700 hoc
748 4665 783 4700 ex
801 4646 919 4700 naturali
937 4646 1113 4700 inclinatione
1132 4644 1285 4709 insanitur,
1310 4648 1342 4699 ut
1367 4647 1553 4715 unusquisque

305 4737 441 4807 deprimat
459 4753 529 4800 eum,
549 4735 595 4804 qui
614 4739 709 4790 contra
726 4735 816 4805 ipsum
835 4735 962 4804 insurgit.
999 4735 1176 4789 Manifestum
1195 4736 1238 4787 est
1256 4736 1363 4795 autem,
1382 4733 1453 4802 quod
1473 4752 1552 4803 quae·

307 4843 424 4894 eumque
437 4826 610 4878 continentur
622 4825 673 4878 sub
687 4824 778 4892 aliquo
791 4824 892 4889 ordine,
906 4807 971 4878 simi
983 4824 1179 4893 quodammodo
1192 4839 1276 4876 unum
1289 4822 1316 4875 iu
1329 4823 1422 4877 ordine
1435 4824 1468 4878 ad
1482 4825 1553 4895 prin-

306 4913 407 4984 cipium
420 4912 536 4975 ordinis;
550 4913 621 4966 unde
634 4912 764 4981 quidquid
777 4917 871 4966 contra
884 4912 1004 4966 ordinem
1015 4913 1132 4980 aliquem
1142 4910 1269 4978 insurgit,
1282 4927 1450 4981 consequens
1460 4917 1510 4976 est,
1523 4918 1555 4967 ut

305 5003 340 5056 ab
354 5020 385 5056 eo
398 5003 491 5056 ordine
505 5006 532 5056 et
544 5002 666 5072 principa
679 5002 780 5056 ordinis
793 5003 985 5072 deprimatur.“
1013 5005 1041 5056 S.
1059 5003 1160 5069 tuom,
1174 5001 1200 5055 S.
1214 4999 1296 5054 theol.
1312 5001 1334 5064 1,
1354 5002 1379 5064 2,
1393 5019 1418 5069 q.
1432 5001 1475 5065 87,
1489 5018 1513 5055 a.
1530 5002 1554 5054 1.

359 5095 467 5149 rreyar.
482 5097 521 5139 lus
535 5097 647 5139 naturale.
667 5097 684 5140 1.
702 5096 742 5139 Ed.
757 5097 777 5139 ⁶2.
1314 5089 1345 5142 13
