3909 5842
766 692 806 746 De
825 693 893 746 iuria
911 692 1066 763 partitione.
1474 696 1538 761 481

294 874 331 937 et
353 870 488 938 decreta
509 870 723 937 Conciliorum
748 875 783 937 et
799 872 1004 951 Pontificum,
1029 868 1169 939 alterum
1193 873 1282 938 civile
1303 871 1463 938 latissime
1486 892 1542 938 ac·

293 980 436 1061 ceptum,
465 978 552 1059 quod
574 976 717 1043 civilium
741 981 943 1063 potestatum
968 979 1060 1063 leges
1083 978 1238 1061 vitaeque
1260 977 1367 1043 civilis
1388 977 1542 1044 instituta

293 1082 552 1167 comprehendit,
583 1084 653 1150 sive
682 1084 784 1151 variis
813 1084 967 1167 gentibus
997 1085 1120 1169 passim
1150 1084 1334 1151 communia
1356 1082 1391 1167 (i.
1415 1105 1443 1151 e.
1470 1088 1542 1167 ,loa

291 1187 452 1274 pentium“
480 1192 640 1271 quatenus
663 1210 764 1275 penes
791 1190 1006 1257 scholasticos
1029 1212 1049 1256 a
1072 1190 1142 1257 iure
1164 1195 1304 1257 naturae
1327 1189 1541 1271 distinctum),

294 1294 367 1359 sive
390 1295 645 1379 particularibus
662 1296 853 1363 civitatibus
868 1297 1001 1381 propria
1017 1295 1105 1378 („ioa
1120 1296 1228 1364 civile“
1246 1296 1377 1383 proprie
1393 1296 1540 1378 dictum).

293 1400 434 1469 Viden.
459 1404 525 1467 570
549 1396 624 1469 571.

386 1511 416 1573 2.
448 1510 513 1575 Pro
543 1512 633 1575 corio
662 1510 755 1575 modo
784 1512 920 1595 oriplnis
949 1510 1035 1574 idem
1064 1513 1116 1575 est
1143 1514 1202 1576 ant
1224 1512 1542 1577 mnauelodiocrium

295 1617 355 1680 aut
377 1617 474 1701 lepole
497 1634 555 1680 seu
577 1614 747 1699 scriptum,
770 1619 868 1699 prout
891 1620 950 1681 aut
972 1615 1121 1698 legitima
1143 1616 1379 1683 consuetudine
1394 1620 1453 1682 aut
1467 1616 1542 1699 lege

294 1718 480 1786 formaliter
508 1720 579 1787 lata
608 1720 775 1787 inductum
807 1724 868 1788 est.
915 1722 1101 1804 Utrumque
1131 1728 1242 1789 autern
1271 1743 1336 1788 non
1365 1742 1441 1788 raro
1471 1742 1542 1787 ma-

294 1826 458 1893 terialiter
481 1827 643 1910 congruit,
676 1831 839 1911 quatenus
868 1827 1019 1912 idipsum,
1051 1829 1137 1911 quod
1160 1829 1285 1914 pridem
1308 1828 1541 1895 consuetudine

296 1932 413 2015 viguit,
444 1952 595 1999 successu
620 1935 778 2018 temporis
800 1934 935 2019 insuper
957 1935 999 2001 ad
1022 1936 1162 2001 formam
1185 1936 1269 2019 legis
1295 1937 1439 2021 scriptae
1466 1934 1542 2000 red-

294 2040 408 2122 igitur.
447 2040 503 2105 Ius
526 2040 847 2107 consuetudinarium
870 2062 968 2125 porro
991 2042 1192 2107 considerari
1213 2046 1325 2126 potest
1347 2042 1401 2107 vel
1425 2062 1541 2106 secun·

295 2146 373 2211 dum
397 2147 562 2213 elementa
584 2147 710 2213 cunetis
733 2147 862 2230 populis
885 2148 1068 2231 generatim
1092 2153 1273 2215 communia
1293 2148 1347 2214 vel
1365 2147 1542 2213 monadum

295 2273 345 2330 ea,
371 2274 454 2335 quas
477 2252 614 2335 singulis
634 2252 743 2336 aliquo
758 2253 854 2319 modo
869 2256 1005 2338 propria
1020 2258 1106 2321 sunt.
1138 2254 1242 2320 Priori
1259 2255 1355 2320 modo
1371 2258 1540 2337 acceptum

293 2359 346 2425 ine
376 2358 695 2425 consuetudinarium
725 2359 944 2426 materialiter
973 2360 1094 2444 partim
1119 2361 1161 2426 ad
1184 2360 1236 2426 ius
1258 2364 1397 2427 naturae
1419 2360 1539 2444 partim

295 2466 338 2531 ad
371 2468 442 2548 ,ius
469 2464 630 2551 pentiom“
663 2464 973 2548 (scholasticorum),
1005 2466 1111 2533 altero
1140 2466 1237 2532 modo
1267 2467 1309 2532 ad
1339 2466 1389 2531 ius
1410 2469 1543 2551 proprie

293 2574 384 2639 civile
406 2572 558 2656 pertinet.

294 2710 365 2781 570.
455 2710 711 2796 Explicatio.
745 2712 837 2778 Haec
860 2712 1110 2795 generalissima
1132 2713 1212 2779 iuris
1228 2712 1373 2798 partitio,
1398 2717 1435 2779 ut
1449 2718 1541 2779 recto

294 2817 366 2884 eius
388 2818 462 2884 usui
485 2818 684 2898 consulatur,
710 2818 820 2901 aliqua
843 2823 1017 2902 praeterea
1031 2819 1252 2885 illustratione
1267 2818 1403 2903 indiget.
1435 2818 1541 2884 Probe

294 2926 380 2990 enim
405 2924 551 2992 notanda
573 2924 643 2991 eius

386 3032 542 3115 duplex
572 3030 782 3098 historica
811 3032 1135 3116 interpretatio:

385 3136 529 3203 Nomina
563 3137 660 3215 ,iuris
689 3138 866 3204 naturalis“
896 3143 931 3205 et
957 3138 1125 3222 ,positivi“
1154 3137 1250 3203 hodie
1271 3136 1305 3202 in
1328 3138 1458 3219 vulgari
1482 3158 1542 3202 usu

295 3265 362 3309 non
385 3264 459 3310 raro
483 3266 638 3328 maguam
661 3244 911 3327 ambiguitatem
935 3245 1116 3311 admixtam
1143 3244 1276 3323 habent,
1307 3244 1392 3310 unde
1422 3265 1542 3327 graves

295 3349 470 3432 aliquando
487 3372 616 3417 errores
632 3355 820 3431 nascuntur,
845 3351 893 3417 uti
915 3350 1064 3417 accidere
1087 3356 1199 3435 potest
1222 3371 1250 3417 e.
1267 3372 1299 3433 g.
1323 3350 1357 3415 in
1379 3351 1441 3415 bac
1464 3372 1541 3433 gra-

296 3456 431 3523 vissima
454 3457 662 3540 quaestione:
687 3460 795 3523 utrum
820 3457 951 3541 privata
975 3478 1083 3525 rerum
1107 3457 1270 3542 possessio
1290 3478 1329 3523 ac
1344 3457 1539 3541 proprietas,

295 3563 350 3629 vel
374 3563 479 3629 civilis
502 3562 670 3631 societatis
693 3564 857 3630 institutio
882 3585 940 3648 per
963 3585 1000 3629 se
1018 3564 1098 3630 iuris
1114 3563 1284 3642 naturalis,
1308 3584 1352 3628 an
1366 3584 1446 3629 vero
1462 3564 1541 3629 iuris
1594 3637 1596 3640 ¹

295 3670 428 3754 positivi
453 3670 590 3735 dicenda
613 3670 680 3737 sit?
696 3709 739 3717 —
761 3670 945 3753 Utrumque
968 3692 1086 3755 nempe
1108 3691 1173 3736 nou
1196 3670 1267 3735 siue
1290 3669 1432 3737 relativa
1455 3660 1560 3735 veri?

296 3780 369 3842 tate
399 3774 558 3841 affirmari
587 3780 708 3860 potest,
738 3797 797 3860 pro
828 3776 922 3843 varia
945 3776 1148 3855 extensione,
1179 3775 1351 3859 quasillis
1374 3778 1542 3843 vocabulis

294 3882 459 3949 tribuitur.
506 3882 569 3947 Est
591 3886 702 3950 autern
727 3884 845 3967 duplex
867 3883 1072 3966 potissimum
1097 3903 1206 3948 eorum
1232 3882 1379 3966 acceptio
1397 3884 1542 3967 practice

296 3986 538 4071 distinguenda,
569 3988 675 4054 altera
699 4008 782 4070 quae
806 3988 881 4053 olim
905 3992 941 4055 io
963 3990 1070 4055 ecbola
1097 3992 1281 4073 commonia,
1311 3988 1427 4066 altera,
1459 4009 1542 4071 quae

295 4117 317 4158 a
340 4094 567 4177 recenlioribus
591 4093 791 4159 communius
815 4098 1024 4178 usurpatur1.

295 4223 360 4295 571.
450 4226 488 4293 Α.
502 4226 559 4291 Ius
572 4228 721 4292 naturale
735 4234 761 4293 et
772 4228 941 4311 positivum
953 4228 1127 4293 secundare
1140 4229 1348 4312 acceptionem
1357 4230 1390 4295 S.
1406 4229 1543 4295 llrmnoc
1605 4262 1610 4271 ·

295 4338 325 4395 et
348 4332 479 4398 scholae.
496 4368 539 4375 -
557 4332 717 4399 Generale
741 4332 916 4412 criterium,
949 4355 1012 4417 quo
1036 4334 1087 4399 ius
1110 4334 1261 4401 naturale
1285 4354 1306 4399 a
1327 4334 1470 4417 positivo
1493 4336 1542 4401 di-

296 4436 420 4519 stingui
443 4436 538 4515 solat,
569 4458 686 4521 nempe
709 4439 895 4503 immediato
920 4440 1012 4521 origo
1035 4460 1056 4505 a
1079 4439 1154 4521 lege
1176 4437 1321 4503 naturali
1345 4442 1379 4505 et
1401 4440 1476 4505 hinc
1499 4462 1541 4505 ex

296 4552 434 4611 naturae
457 4550 650 4629 necessitate,
673 4545 978 4630 interpretationem
1003 4547 1149 4613 admittit
1172 4552 1241 4613 tum
1257 4547 1455 4614 strictiorem
1472 4550 1540 4611 tum

295 4650 403 4716 minus
426 4652 595 4731 strictam3
619 4652 703 4719 hanc
727 4653 919 4738 plerumque
942 4655 1151 4735 recentiores,
1182 4654 1272 4720 illam
1295 4654 1417 4738 passim
1448 4654 1543 4720 scho-

295 4756 406 4823 lastici
428 4762 618 4841 sequuntur.

387 4950 397 4981 ¹
414 4948 455 5003 De
478 4950 550 5015 ,iure
570 4948 706 5017 gentium⁸
728 4946 763 5002 cl.
782 4950 812 5002 V.
834 4950 962 5004 Colhrein
981 4952 1008 5005 in
1034 4952 1170 5023 periodico
1191 4950 1446 5021 ,Philosopbisobes
1464 4952 1542 5006 Jahr-

295 5036 366 5091 bucb
385 5036 411 5091 d.
432 5036 744 5093 Gerros-desellschslt'
768 5036 845 5104 1889,
865 5039 1061 5095 11373-388.

348 5132 456 5184 Meyer.
471 5132 510 5173 lus
525 5132 637 5175 naturale.
660 5132 678 5175 1.
703 5132 777 5175 Ed&
1300 5128 1332 5182 31
