3909 5842
395 649 459 713 206
608 643 697 698 Sectis
716 643 736 696 1.
775 642 855 698 Liber
873 643 920 698 Ill.
959 643 1048 714 Caput
1068 644 1100 698 ll.
1138 643 1279 698 Articulus
1301 647 1324 696 l.
1362 643 1422 710 §2

393 823 455 888 hoc
478 823 529 887 lea
552 830 683 886 aeterna
706 820 786 885 nihil
810 821 897 885 aliud
922 825 973 888 est
993 842 1090 904 quam
1118 825 1203 887 ratio
1229 824 1360 888 divinae
1386 827 1575 909 sapientiae,
1600 846 1650 889 se-

394 931 535 995 candum
559 929 643 1014 quad
667 935 710 992 est
733 928 885 993 directiaa
908 931 1050 993 amnium
1074 937 1202 994 actuum
1226 937 1254 994 et
1275 929 1503 995 matianum.“¹

484 1034 643 1116 Congruit
672 1035 849 1099 secundum
881 1055 949 1099 rem
981 1035 1062 1101 haec
1086 1037 1118 1102 S.
1142 1035 1289 1100 Thomas
1319 1035 1464 1101 definitio
1494 1057 1566 1102 cum
1594 1059 1647 1111 ea,

396 1161 493 1222 quarn
517 1143 549 1206 S.
574 1143 776 1226 Aapastiaas
806 1141 961 1224 proponit
989 1145 1023 1207 et
1046 1161 1111 1223 qua
1134 1143 1189 1206 lex
1213 1146 1350 1207 aeterna
1374 1142 1508 1208 dicitur:
1540 1143 1648 1220 ,ratio

396 1247 447 1311 vel
474 1247 628 1312 voluntas
651 1247 710 1312 Dei
736 1245 881 1312 ordinem
901 1249 1087 1315 naturalem
1104 1249 1294 1314 conservari
1309 1249 1433 1327 iubens,
1458 1250 1651 1334 perturbari

395 1355 574 1428 vetans“2;
606 1353 669 1430 vel,
702 1358 739 1419 ut
763 1353 840 1418 alibi
864 1353 1021 1421 habetur:
1058 1355 1137 1430 ,Est
1160 1355 1407 1430 summersae,
1440 1355 1491 1420 cui
1515 1377 1650 1440 semper

396 1459 686 1543 obtemperandum
712 1462 818 1525 est.“3

485 1565 616 1650 Concipi
637 1565 739 1649 igitur
762 1566 859 1632 debet
882 1567 937 1632 lex
962 1571 1097 1634 aeterna
1120 1571 1158 1632 ut
1181 1576 1270 1633 actas
1285 1569 1349 1633 Dei
1367 1571 1555 1650 immanens,
1581 1590 1647 1650 quo

395 1670 580 1736 necessario
611 1675 645 1736 et
674 1671 714 1736 ab
746 1675 881 1738 aeterno
912 1673 994 1750 vult,
1026 1676 1197 1738 creaturas
1220 1693 1332 1738 ornnes
1356 1693 1376 1738 a
1399 1694 1436 1738 se
1459 1673 1649 1747 condendas

396 1779 441 1842 ad
461 1778 557 1862 finan
580 1780 798 1843 conuenienter
822 1779 983 1844 ordinari.
1016 1778 1112 1844 Unde
1128 1779 1338 1860 consequitur
1354 1779 1459 1861 legem
1476 1785 1647 1845 aeternam

397 1905 456 1966 per
479 1904 514 1948 se
537 1889 606 1950 tam
630 1883 850 1949 universalem
874 1905 957 1964 esse,
981 1887 1019 1950 ut
1042 1905 1107 1950 non
1130 1886 1236 1950 solum
1259 1884 1301 1949 ad
1316 1885 1472 1950 mundum
1487 1886 1646 1952 moralem

398 2013 454 2058 seu
480 1992 604 2058 entium
634 1991 854 2070 rationalium,
887 1991 944 2057 sed
976 1990 1075 2056 etitun
1100 1991 1141 2056 ad
1165 1991 1318 2057 mundum
1343 1991 1515 2076 physicum
1537 1991 1648 2059 debite

397 2099 609 2165 ordinandum
628 2098 859 2178 extenuatum,
883 2097 1059 2163 immonsa
1076 2097 1181 2162 solum
1198 2097 1344 2163 ordinem
1368 2099 1563 2174 naturalem,
1587 2098 1646 2164 sed

397 2203 582 2290 (supposita
604 2205 665 2270 Dei
696 2205 800 2270 libera
823 2201 1044 2286 inst'tutione)
1068 2204 1168 2270 etiam
1192 2203 1337 2269 ordinem
1361 2205 1647 2288 supernaturalem

397 2311 662 2396 comprehendat.
699 2311 895 2393 Plerumque
919 2314 1031 2376 tamen
1055 2314 1207 2393 respectu
1231 2311 1329 2375 salias
1353 2311 1480 2377 ordinis
1503 2313 1644 2391 maratis,

400 2421 434 2484 et
457 2417 586 2501 quidem
612 2422 741 2484 tantum
764 2419 928 2482 nataralia
952 2416 1155 2482 considerari
1178 2415 1272 2481 solet.

485 2523 633 2590 Ulterius
664 2524 769 2604 legem
803 2526 973 2588 aeternam
1005 2522 1038 2589 S.
1067 2521 1210 2586 Thomas
1239 2521 1396 2601 illustrat,
1427 2543 1500 2588 eam
1530 2522 1647 2589 distin·

397 2632 525 2712 guendo
550 2652 570 2695 a
595 2632 706 2695 diotae
734 2631 947 2714 prouidentia.
1000 2626 1230 2705 ,Providentia
1259 2628 1292 2692 in
1320 2628 1391 2694 Deo
1422 2629 1553 2714 proprie
1582 2650 1647 2694 non

397 2737 545 2802 nominat
575 2735 681 2819 legem
713 2739 892 2812 aeternam,
924 2734 982 2799 sad
1013 2733 1135 2817 aliquid
1166 2735 1208 2800 ad
1238 2734 1344 2817 legem
1376 2739 1544 2800 aeternam
1570 2755 1647 2800 con·

398 2863 549 2926 sequens.
596 2843 665 2906 Lex
690 2842 776 2906 enirn
800 2848 938 2909 aeterna
961 2847 1013 2906 est
1036 2841 1273 2907 consideranda
1296 2841 1328 2905 in
1352 2842 1433 2920 Deo,
1464 2842 1549 2907 siout
1573 2862 1647 2906 con-

399 2948 564 3034 cipiuntur
579 2949 612 3014 in
629 2947 723 3014 nobis
738 2947 899 3032 principia
915 2947 1130 3032 operabilium
1145 2947 1342 3025 naturaliter
1358 2951 1446 3024 nota,
1471 2968 1512 3012 ex
1532 2948 1647 3031 quibus

400 3054 605 3138 procedimus
634 3053 667 3118 in
697 3054 896 3119 consiliando
921 3060 955 3120 et
978 3054 1144 3135 eligendo:
1177 3055 1261 3136 quod
1286 3059 1338 3120 est
1360 3053 1554 3138 prudentiae
1577 3053 1648 3119 sive

399 3160 633 3244 providentiae.
682 3161 777 3227 Unde
800 3161 861 3226 hoc
884 3161 981 3226 modo
1005 3181 1041 3226 se
1063 3160 1164 3226 habet
1187 3161 1243 3225 lex
1266 3159 1454 3226 intellectus
1477 3159 1581 3226 nostri
1604 3161 1647 3226 ad

400 3267 615 3350 prudentiam,
640 3267 725 3333 sicut
740 3267 932 3351 principium
950 3268 983 3331 in
1000 3267 1289 3333 demonstratione.
1321 3267 1366 3333 Et
1381 3265 1532 3333 similiter
1547 3266 1647 3332 etiarn

399 3373 432 3438 in
456 3375 526 3440 Deo
557 3373 611 3438 lex
643 3376 778 3439 aeterna
809 3395 873 3439 non
897 3379 950 3440 est
972 3373 1189 3458 providentia,
1221 3373 1279 3437 sed
1302 3372 1531 3456 providentiae
1554 3373 1647 3456 quasi

399 3481 603 3565 principium.
643 3480 738 3546 Unde
761 3485 796 3546 et
819 3479 1053 3546 convenienter
1076 3480 1141 3563 legi
1165 3484 1321 3546 aeternae
1345 3479 1538 3546 attribuitur
1553 3483 1648 3545 actus

366 3639 371 3650 .
400 3587 642 3672 providentiam
678 3587 763 3653 sicut
787 3591 822 3653 et
845 3587 949 3652 omnis
985 3588 1123 3653 effectus
1157 3585 1447 3652 demonstrationis
1481 3586 1648 3670 principiis

401 3693 742 3760 indemonstrabilibus
765 3693 1013 3761 attribuitur.“⁶

566 3886 639 3968 §2-
686 3885 835 3968 Legem
864 3891 1079 3951 aeternam
1108 3905 1198 3949 esse
1227 3884 1487 3950 declaratur.

402 4008 470 4080 239.
562 4009 682 4092 Legem
707 4013 876 4075 aeternam
901 4008 1079 4073 secundum
1096 4009 1317 4092 acceptionem
1335 4008 1430 4073 modo
1447 4005 1647 4090 explicatam

402 4121 559 4200 exsistere,
591 4137 694 4198 aeque
724 4121 848 4182 certum
881 4119 941 4188 est,
973 4135 1012 4180 ac
1036 4115 1140 4180 Deum
1169 4113 1274 4198 ipsum
1299 4113 1442 4178 omnium
1466 4116 1647 4177 creatorem

402 4229 501 4306 atque
525 4224 746 4288 ordinatorem
770 4221 942 4296 exsistere,
973 4241 1034 4284 nec
1061 4219 1126 4284 alia
1151 4219 1344 4303 probatione
1367 4218 1493 4300 indiget
1515 4221 1649 4302 praeter

402 4351 485 4408 earn,
510 4351 607 4412 quam
631 4329 845 4412 praemissam
869 4327 902 4391 in
926 4327 1154 4410 metaphysica
1176 4326 1398 4410 supponimus.

491 4435 575 4500 Illud
598 4435 702 4500 salum
719 4434 926 4516 aliquatenus
942 4433 975 4497 in
993 4431 1249 4498 controversiam
1265 4429 1377 4496 vocari
1393 4435 1513 4515 potest,
1538 4433 1648 4495 utrum

403 4541 442 4614 ei,
468 4562 551 4622 quae
575 4541 630 4605 lex
653 4543 790 4605 aeterna
806 4539 933 4614 dicitur,
958 4561 1028 4603 aare
1043 4559 1082 4603 ac
1098 4537 1228 4622 proprie
1244 4539 1321 4622 lepis
1337 4557 1453 4600 nomen
1470 4539 1647 4619 competat.

496 4709 503 4738 ¹
522 4706 548 4760 S.
568 4705 650 4760 theol.
673 4708 694 4770 l,
715 4708 738 4762 2.
758 4723 784 4774 q.
804 4705 847 4768 93,
867 4722 891 4758 a.
913 4705 942 4766 1;
964 4704 999 4758 cf.
1020 4722 1045 4757 a.
1063 4707 1081 4756 4
1100 4706 1116 4758 5
1137 4705 1162 4758 6.

494 4796 623 4850 *Contra
641 4795 733 4848 Faust.
754 4795 796 4858 22,
816 4793 857 4846 27.
967 4792 1036 4845 ³Ds
1055 4792 1140 4845 libero
1160 4790 1255 4844 arbitr.
1276 4792 1299 4855 l,
1318 4791 1343 4844 6.

493 4889 502 4916 ⁴
523 4884 563 4938 cf.
585 4887 612 4938 S.
637 4885 726 4937 'Ibant
747 4883 764 4936 l.
784 4901 806 4936 c.
826 4899 850 4936 a.
870 4885 894 4936 5.

494 4973 633 5038 ⁵Qooest.
653 4973 721 5042 disp.
742 4973 773 5025 de
794 4971 909 5026 veritate
928 4989 954 5041 q.
975 4973 1000 5036 5,
1019 4987 1043 5024 a.
1066 4970 1078 5024 l
1099 4971 1133 5023 ad
1153 4972 1178 5023 6.
