3909 5842
404 701 469 767 484
613 696 755 773 Sectioll.
792 696 872 753 Liber
890 698 924 753 ΙΙ.
962 697 1052 768 chut
1069 697 1118 753 Ill.
1154 696 1295 751 Artioulua
1313 697 1339 751 2.
1376 696 1437 765 §L

492 876 582 954 Quae
612 876 778 943 sententia
808 876 870 943 etsi
901 874 1052 959 primitus
1079 895 1122 941 ex
1144 874 1306 941 communi
1328 878 1525 941 novatorum
1548 894 1655 958 oppo·

402 984 520 1052 sitione
552 985 669 1049 contra
700 982 883 1047 doctrinam
912 981 1144 1048 scholasticam
1172 981 1457 1065 proficiscebatur,
1488 979 1654 1066 paulatim

402 1095 524 1168 tamen,
540 1088 695 1173 practicis
712 1088 903 1171 quibusdam
916 1086 1095 1154 commodis
1106 1088 1345 1166 commendata,
1360 1088 1462 1155 latius
1472 1085 1655 1171 propagari

402 1200 436 1263 et
465 1194 592 1261 radices
623 1214 722 1277 agere
750 1194 859 1279 coepit
869 1196 891 1260 1.
938 1196 1107 1261 Rationem
1129 1194 1362 1279 suppeditabat
1384 1193 1505 1278 partim
1530 1192 1653 1259 arctis·

400 1301 502 1367 simus
534 1320 639 1366 naxus
671 1303 705 1366 et
735 1303 849 1367 mutua
878 1299 948 1367 lere
977 1300 1236 1385 componetratio
1271 1298 1369 1377 „iuris
1397 1298 1579 1366 naturalis*
1615 1302 1652 1364 et

405 1406 611 1491 „gentium“‚
647 1406 786 1489 indeque
821 1410 895 1472 orta
932 1405 1110 1473 difficultas
1144 1406 1315 1488 utriusque
1345 1404 1467 1472 limitas
1495 1406 1530 1471 in
1561 1402 1651 1469 omni

400 1512 540 1581 materia
563 1512 677 1579 stricte
701 1510 915 1589 discernendi,
939 1512 1060 1595 partim
1079 1511 1297 1579 consideratio
1314 1510 1451 1596 duplicis
1466 1518 1651 1594 respectus,

401 1641 464 1703 quo
487 1623 607 1685 natura
629 1618 772 1685 humana
794 1618 878 1702 legis
897 1619 1058 1685 naturalis
1074 1617 1323 1685 fundamentum
1339 1638 1412 1685 esse
1428 1616 1651 1701 cognoscitur,

399 1726 525 1793 scilicet
554 1724 682 1792 ratione
712 1725 851 1791 hominis
881 1724 1041 1791 individui
1064 1729 1099 1791 et
1121 1725 1249 1791 ratione
1272 1724 1451 1805 societatis,
1484 1723 1649 1807 adquam

399 1834 495 1898 homo
520 1852 584 1914 qua
607 1834 802 1897 naturaliter
824 1834 952 1897 sociatis
967 1832 1010 1897 ab
1025 1835 1161 1897 auctore
1177 1835 1316 1897 naturae
1332 1830 1526 1898 destinatur.
1563 1828 1651 1894 Hinc

399 1940 485 2005 onim
509 1936 663 2020 consequi
686 1937 817 2003 videtur
839 1957 879 2003 ea
900 1958 1029 2020 quoque
1043 1937 1108 2003 iuri
1123 1941 1262 2003 naturae
1277 1938 1396 2002 saltem
1411 1936 1522 2003 latiori
1537 1935 1651 2017 aliquo

399 2066 496 2111 sensu
520 2044 723 2111 accensenda
746 2064 828 2124 esse,
854 2064 947 2127 quae,
971 2044 1106 2111 tametsi
1128 2046 1265 2132 sinqnlis
1287 2044 1470 2110 hominibus
1492 2064 1559 2109 non
1587 2063 1650 2121 „ex

398 2158 517 2219 natura
546 2150 612 2217 rei‘
646 2171 752 2233 neque
780 2152 974 2230 „secundam
1001 2150 1185 2217 absolutam
1209 2150 1404 2229 rationem‘,
1434 2147 1491 2215 sed
1514 2153 1650 2215 tantum

402 2257 597 2337 „secundum
621 2256 817 2324 utilitatem
846 2259 1160 2335 commensurantur‚
1187 2256 1426 2340 intelleguntur
1447 2260 1562 2321 tamen
1583 2256 1650 2322 toti

398 2366 539 2430 societati
571 2384 637 2445 qua
666 2362 727 2429 tali
756 2362 890 2444 eiusque
919 2362 976 2428 fini
1004 2362 1197 2446 simpliciter
1220 2365 1402 2429 necesaria
1425 2362 1565 2445 ideoque
1588 2384 1649 2446 pro

398 2467 631 2535 communitate
662 2472 856 2535 naturaliter
881 2477 1063 2554 praecepta.
1110 2468 1226 2552 Neque
1249 2469 1396 2553 impedit,
1428 2469 1515 2550 quod
1538 2468 1573 2534 in
1597 2468 1649 2533 his

397 2576 508 2658 aliqua
531 2574 716 2659 cooperatio
740 2574 872 2640 humani
896 2575 1023 2641 consilii
1038 2574 1092 2640 vel
1113 2573 1289 2652 „condicti“
1309 2574 1505 2657 requiratur,
1530 2579 1648 2658 utpote

396 2702 481 2767 quae
504 2680 574 2747 Deo
597 2680 790 2765 providente
813 2682 1067 2747 instrumentalis
1089 2681 1199 2764 potius
1222 2700 1319 2763 quam
1343 2678 1485 2764 positive
1505 2678 1647 2763 legifera
1775 2749 1776 2762 ¹

416 2808 470 2854 sse
492 2787 633 2854 videtur.

397 2808 415 2855 Θ
486 2894 537 2959 Ad
561 2893 643 2960 haec
665 2893 796 2959 interna
818 2894 988 2961 doctrinae
1010 2894 1227 2961 fundamenta
1249 2914 1308 2978 per
1330 2914 1367 2959 se
1382 2914 1447 2959 non
1462 2892 1577 2959 inania
1592 2913 1645 2958 ac

396 2999 492 3078 cedit,
517 2999 603 3083 quod
622 2999 693 3083 ipse
709 3003 742 3066 S.
763 3002 899 3067 Thomas
915 3006 1049 3085 praeter
1063 3001 1154 3067 illam
1170 3001 1368 3068 strictiorem
1383 3000 1465 3065 iuris
1480 3000 1647 3067 natrrralis

395 3106 690 3174 denominationem
711 3109 852 3175 latiorem
870 3128 998 3191 quoque
1014 3106 1136 3174 diserte
1151 3106 1311 3191 agnoscit,
1335 3106 1537 3190 generaliter
1552 3107 1645 3173 affir-
1774 3129 1775 3144 ¹

395 3234 504 3281 mans:
542 3212 704 3291 „Necesse
736 3218 797 3293 est,
831 3214 917 3297 quod
948 3214 1103 3297 quidquid
1135 3236 1177 3280 ex
1206 3216 1294 3282 iusto
1323 3214 1468 3281 naturali
1494 3214 1646 3297 seqnitur

395 3320 489 3403 quasi
512 3319 686 3399 conclusio,
710 3320 755 3387 sit
777 3324 895 3387 iactam
919 3322 1086 3387 nataralc“
1099 3322 1128 3398 2;
1153 3321 1239 3403 quod
1263 3320 1364 3403 igitur
1379 3318 1471 3386 valet
1485 3320 1588 3386 eliam
1604 3318 1646 3385 de

399 3426 487 3505 „iure
517 3426 696 3509 gentium“‚
730 3425 808 3508 quia
839 3446 957 3493 revera
991 3426 1179 3504 „derivatur
1208 3446 1252 3491 ex
1280 3426 1355 3509 lege
1383 3425 1530 3493 naturali
1559 3428 1645 3493 sicud

394 3531 616 3597 conclusiones
633 3552 675 3596 ex
690 3530 875 3617 principiis“
896 3536 930 3599 et
947 3552 1014 3609 „ea
1031 3552 1115 3613 quae
1127 3537 1204 3598 sunt
1215 3532 1295 3597 iuris
1309 3532 1645 3615 gentium,·naturalia

394 3636 479 3703 ratio
503 3636 623 3703 dictat“
637 3639 660 3706 ³.

394 3774 462 3847 573.
557 3778 643 3844 Hinc
667 3779 783 3857 elucet,
808 3783 1023 3863 apparentem
1045 3782 1177 3845 tantum
1200 3799 1275 3845 esse
1290 3782 1442 3845 veterum
1457 3778 1643 3845 dissensum

394 3882 435 3948 ab
452 3882 501 3963 iis,
518 3883 573 3965 qui
589 3884 755 3963 nonnulla,
772 3904 856 3966 quae
871 3884 918 3950 illi
938 3884 1037 3963 „iuris
1052 3884 1217 3967 gentium“
1236 3884 1370 3968 positivi
1385 3904 1459 3950 esse
1473 3885 1640 3956 dixerunt

394 3990 595 4058 communius
624 3990 721 4057 hodie
744 3994 812 4056 iuri
833 3994 979 4057 natarali
1001 3996 1181 4074 supputare
1203 3992 1321 4071 solent,
1349 3991 1399 4057 uti
1422 3994 1589 4074 contingit
1609 3993 1643 4058 in

394 4096 543 4181 exemplo
574 4116 674 4181 supra
704 4100 958 4163 commemorato
986 4096 1031 4180 (n.
1061 4095 1150 4179 570).
1196 4096 1349 4181 Namque
1377 4098 1425 4164 rei
1452 4099 1641 4167 aestimatio

393 4201 556 4285 utrimque
569 4203 693 4279 eadem,
710 4202 767 4269 aed
781 4202 919 4269 nominis
931 4202 1108 4268 diversitas
1119 4209 1185 4278 est;
1202 4224 1296 4287 quae,
1312 4208 1491 4289 utcumque
1501 4206 1640 4290 primum

392 4306 536 4385 inducta,
566 4308 662 4374 hodie
686 4330 724 4373 eo
747 4310 854 4375 minus
878 4308 985 4375 etiosa
1007 4330 1080 4374 esse
1102 4309 1244 4388 videtur,
1267 4310 1355 4393 quod
1378 4332 1534 4377 successu
1556 4317 1640 4379 tem-

392 4412 480 4496 poris
499 4432 558 4497 par
581 4412 649 4492 „ius
670 4414 849 4496 gentium“‚
876 4435 941 4496 qua
962 4414 1140 4498 positivum
1161 4415 1289 4495 dicitur,
1316 4417 1367 4482 ius
1384 4417 1640 4486 internationale

393 4582 548 4590 —.-——--—
563 4581 701 4589 --—

484 4676 492 4707 ¹
512 4674 553 4728 Gi.
573 4674 778 4743 Protendorfina,
798 4672 838 4727 Da
856 4674 914 4727 iure
933 4677 990 4728 nat
1009 4678 1038 4728 et
1055 4678 1130 4743 gent.
1150 4676 1161 4729 l
1180 4676 1205 4741 2,
1224 4692 1248 4730 c.
1267 4676 1299 4741 8,
1317 4677 1336 4745 5
1353 4678 1403 4741 283
1423 4678 1639 4749 Barlomoqaias

393 4763 432 4829 ΙΙ,
451 4780 474 4816 c.
495 4764 524 4825 1;
552 4762 724 4829 Heincccins,
751 4760 790 4814 De
808 4761 867 4815 iure
885 4764 941 4815 nat
961 4765 990 4815 et
1008 4766 1082 4830 gent.
1102 4762 1115 4815 1
1135 4765 1164 4825 l,
1183 4763 1201 4830 ἕ
1220 4764 1252 4817 21
1266 4780 1328 4833 sqq.
1353 4792 1389 4803 -·
1414 4764 1547 4821 Similiter
1565 4770 1638 4822 San.

395 4852 524 4917 Goccejaa,
543 4848 658 4903 Dissert.
677 4846 799 4903 Prooem.
818 4848 864 4915 IV,
884 4866 907 4903 c.
927 4850 952 4902 2.
971 4878 1006 4889 -
1025 4850 1233 4919 Barteyraciua‚
1252 4852 1283 4905 In
1301 4852 1420 4922 praefat.
1437 4854 1472 4908 ad
1490 4852 1570 4910 Grot
1587 4856 1637 4923 §8

392 4942 420 4993 et
438 4938 465 4991 in
484 4939 539 4991 not.
559 4936 592 4989 ad
611 4936 767 4991 Putandorf.

482 5026 493 5060 ²
511 5026 545 5079 V.
564 5024 653 5078 Ethic.
672 5025 734 5079 lect.
756 5026 796 5079 12.
906 5026 916 5059 ⁸
937 5028 959 5089 1,
979 5026 1004 5089 2,
1024 5043 1050 5095 q.
1070 5028 1113 5093 95,
1131 5045 1156 5083 a.
1178 5030 1207 5088 l;
1226 5030 1252 5093 2,
1272 5030 1297 5094 2,
1316 5046 1342 5099 q.
1362 5030 1405 5093 57,
1424 5048 1451 5085 a.
1469 5030 1487 5085 3
1506 5032 1541 5086 ad
1559 5034 1586 5088 3.
