3909 5842
449 687 553 757 Spurie,
573 702 643 755 quae
660 684 844 755 perhibentur,
863 701 971 740 summa
989 685 1057 740 iuris
1075 682 1210 755 principia
1228 681 1418 737 excluduntur.
1491 688 1557 753 489

309 885 395 947 quae
417 884 571 947 umquam
595 884 616 928 a
638 862 740 929 variis
762 862 843 929 iuris
867 862 1029 930 naturalis
1052 860 1240 927 doctoribus
1263 861 1453 944 propositae
1470 869 1557 931 eunt.

310 971 427 1053 Neque
458 990 538 1037 vero
569 969 611 1035 ad
640 990 711 1034 rem
732 968 766 1035 id
789 969 1011 1035 neceesarium
1032 989 1106 1035 esee
1129 966 1286 1045 ducimus,
1316 988 1389 1032 cum
1412 968 1471 1034 vix
1493 991 1558 1035 uon

311 1097 424 1142 omnes
447 1096 490 1141 ex
513 1075 682 1141 doctrinae
706 1074 851 1141 fontibus
866 1074 972 1141 instar
988 1072 1152 1141 corollarii
1166 1076 1372 1157 promanent,
1396 1096 1478 1157 quos
1492 1075 1558 1142 iem

310 1180 344 1247 in
367 1182 589 1265 superioribus
612 1182 775 1265 capitibus
797 1188 967 1265 tamquam
990 1202 1145 1247 erroneos
1168 1184 1204 1247 et
1225 1180 1314 1245 omni
1336 1202 1438 1247 sanae
1453 1182 1559 1266 philo·

311 1288 446 1372 sophiae
469 1288 628 1354 adversos
652 1288 959 1355 demonstravimus.
1008 1286 1197 1353 Generatim
1220 1286 1307 1352 enim
1330 1286 1363 1352 iu
1385 1287 1443 1353 illo
1470 1288 1559 1367 ,iure

312 1398 467 1461 naturae“
495 1394 685 1472 fundantur,
718 1393 809 1459 cuius
832 1394 884 1460 vel
908 1394 979 1477 ipse
1002 1397 1180 1477 conceptue
1203 1397 1262 1460 aut
1284 1413 1305 1458 a
1330 1398 1559 1461 materialiumo

312 1506 371 1569 aut
391 1502 591 1586 pantheiemo
614 1502 672 1566 aut
695 1500 864 1566 abstracto
888 1501 1110 1566 rationaliemo
1134 1507 1162 1565 et
1176 1501 1442 1567 iradioidccliamo
1457 1500 1559 1566 infor·

311 1609 431 1673 matur.
477 1608 523 1673 m
553 1605 706 1689 quoniam
738 1605 806 1684 ,ius
829 1608 986 1673 naturae“
1011 1608 1256 1691 pontheis—icum
1278 1604 1396 1671 intima
1418 1607 1559 1689 quadam

312 1713 509 1795 cognatione
542 1712 663 1796 partim
696 1712 738 1777 ad
770 1712 1040 1778 materialiemum
1072 1711 1193 1795 purtim
1224 1712 1266 1777 ad
1298 1711 1559 1778 rationaliemum

311 1818 449 1897 accedit,
473 1840 547 1885 cum
569 1818 626 1884 illo
651 1818 758 1900 quoad
781 1840 851 1883 rem
874 1823 909 1885 et
932 1818 1130 1884 obiectivum
1145 1818 1382 1897 characterem,
1406 1838 1479 1884 cum
1497 1820 1560 1885 hoc

311 1925 418 2007 quoad
447 1924 587 1991 formam
618 1928 652 1991 et
681 1924 888 1991 dialecticam
920 1924 1197 1991 constructionem
1226 1924 1451 2009 multipliciter
1481 1946 1559 1999 con·

312 2030 461 2110 condens,
484 2031 561 2097 inde
583 2032 631 2110 fit,
655 2034 693 2097 ut
716 2036 835 2099 cuncta
858 2032 1017 2097 eiusmodi
1040 2053 1177 2097 erronea
1199 2030 1360 2115 principia
1380 2031 1559 2115 generalis·

312 2138 392 2204 aime
422 2141 468 2204 cd
491 2140 648 2224 duplicem
671 2142 766 2224 quasi
788 2140 918 2205 cloccam
942 2159 1086 2221 congrue
1107 2138 1221 2204 reduci
1242 2137 1379 2222 possint,
1408 2139 1557 2218 alteram,

312 2266 396 2327 quae
412 2244 520 2327 aliquo
537 2244 633 2309 modo
648 2246 880 2329 materialiemi,
905 2246 1056 2323 alteram,
1075 2265 1160 2327 quae
1175 2244 1329 2309 abstracti
1344 2246 1560 2311 rationalicmi

312 2359 405 2438 alque
427 2352 687 2417 individualismi
708 2350 850 2417 indolem
873 2372 954 2435 prae
977 2370 1014 2416 ee
1036 2350 1134 2418 ferat.

312 2510 382 2581 580.
473 2512 588 2576 Prima
611 2512 722 2577 cloacis
745 2510 933 2576 universum
955 2509 1007 2575 ius
1030 2511 1082 2575 vel
1106 2514 1275 2593 tammam
1298 2511 1427 2593 partem
1448 2508 1560 2591 magui

311 2614 400 2683 illius
422 2616 634 2683 mechanismi
658 2614 787 2697 virium,
812 2638 875 2699 quo
899 2616 1073 2682 universus
1094 2616 1233 2682 mundus
1248 2615 1378 2680 demum
1395 2614 1561 2681 coalescat

312 2729 411 2807 atque
441 2728 587 2806 regatur,
618 2724 681 2803 vel,
713 2724 798 2806 quod
828 2723 974 2809 practice
997 2724 1067 2790 iere
1091 2724 1133 2790 ud
1156 2724 1242 2790 idem
1263 2722 1360 2800 redit,
1390 2724 1559 2803 tamquam

312 2831 531 2896 necessariam
560 2836 594 2897 et
624 2830 866 2898 ineluctabilem
897 2832 1039 2898 absoluti
1068 2830 1369 2899 manifestationem
1399 2850 1458 2894 eeu
1481 2848 1559 2893 evo·

311 2937 469 3003 lutionenr
499 2958 559 3021 per
588 2937 718 3003 modurn
742 2938 853 3003 mundi
876 2938 1010 3004 moralis
1034 2937 1229 3004 considerat.
1277 2936 1483 3020 Quapropter
1505 2954 1560 2998 eu-

311 3064 459 3127 premum
489 3044 629 3126 denique
657 3044 762 3110 omnis
789 3044 869 3110 iuris
893 3044 1064 3111 asserendi
1085 3048 1287 3111 momentum
1309 3044 1343 3108 in
1365 3043 1400 3107 vi
1422 3040 1560 3107 fortiore

312 3150 448 3234 physice
479 3154 580 3231 atque
611 3150 768 3216 historice
799 3152 1015 3235 praevalente
1037 3155 1217 3234 reponatur
1245 3169 1380 3214 necesse
1404 3152 1465 3227 eet,
1497 3146 1560 3212 hac

312 3254 383 3321 fere
412 3256 559 3339 generali
586 3257 728 3323 formula
751 3278 953 3343 expressum,
986 3258 1107 3323 eosdem
1130 3280 1195 3323 eece
1216 3260 1301 3324 ioris
1325 3280 1363 3322 oc
1385 3256 1483 3322 realis
1503 3276 1561 3341 po·

312 3364 428 3428 tentiae
451 3364 574 3429 limites.
621 3366 731 3447 Atque
755 3384 793 3429 eo
816 3384 944 3443 revera,
976 3364 1187 3447 quantumvis
1209 3363 1347 3429 honesto
1370 3361 1561 3447 plerumque

313 3469 488 3535 verborum
512 3476 675 3555 apparatu
698 3470 821 3550 velata,
846 3470 951 3536 omnis
974 3470 1070 3536 huius
1093 3468 1224 3553 generis
1246 3468 1376 3536 theoria
1397 3466 1479 3532 iuris
1501 3487 1560 3531 na·

313 3575 430 3641 turalis
453 3575 561 3659 logica
584 3576 784 3644 necessitate
807 3576 984 3657 reducitur,
1009 3582 1044 3644 et
1065 3576 1128 3642 iuri
1151 3576 1279 3661 publico
1295 3573 1440 3661 practice
1456 3571 1560 3657 appli-

314 3686 390 3748 cata
413 3688 471 3749 aut
494 3682 723 3749 socialisticanr
748 3684 956 3766 tyrannidem
975 3683 1106 3750 nomine
1122 3682 1316 3749 collectivae
1331 3678 1559 3759 multitudinis,

314 3792 372 3854 aut
403 3786 647 3854 Hobbesianum
681 3788 929 3857 absolutismum
961 3789 1170 3872 regnantium
1201 3788 1375 3871 significat.
1421 3786 1467 3853 nt
1497 3786 1560 3850 huc

314 3894 454 3976 quidem,
478 3898 516 3961 ut
539 3892 690 3973 diximus,
714 3895 825 3961 nonii
849 3896 953 3962 solum
976 3895 1165 3980 scriptores,
1189 3896 1244 3978 qui
1267 3894 1389 3959 diserte
1413 3896 1448 3958 et
1467 3891 1560 3957 theo·

314 4001 416 4068 retice
439 4000 643 4068 materialem
667 4002 861 4067 moniemum
884 4004 1092 4087 profitentur,
1117 4002 1174 4068 eed
1197 4002 1219 4067 ii
1239 4002 1338 4067 etiam
1354 3999 1561 4082 aliquatenus

313 4107 490 4191 pertinent,
514 4108 664 4190 quicum
688 4110 828 4195 Spinozo
853 4132 982 4175 omnem
1005 4110 1161 4175 moralem
1186 4108 1372 4174 libertatern
1395 4104 1561 4170 hominum

315 4234 333 4280 e
363 4214 470 4279 medio
497 4214 629 4294 tollunt,
660 4236 858 4299 quamquam
882 4215 1014 4282 aliunde
1037 4220 1178 4283 externa
1200 4216 1374 4280 verborum
1397 4212 1505 4277 forma
1528 4213 1562 4275 et

314 4320 565 4405 philosophandi
595 4322 748 4388 methodo
780 4323 821 4388 ad
848 4323 1109 4389 rationalismum
1134 4323 1268 4407 propius
1291 4319 1447 4386 accedere
1471 4316 1562 4381 vide-

316 4430 424 4493 antur.
466 4426 588 4493 Verum
612 4428 645 4493 in
668 4426 919 4495 materialistica
934 4432 969 4493 et
985 4427 1345 4511 quasi-materialietica
1361 4425 1441 4491 iuris
1457 4423 1562 4508 philo·

315 4534 440 4619 sophia,
466 4554 530 4617 qua
552 4534 659 4618 ipsum
682 4533 762 4599 iuris
786 4538 885 4617 atque
903 4534 1051 4601 iustitiae
1066 4555 1185 4601 nomen
1200 4534 1405 4619 profanatur,
1429 4553 1495 4596 non
1511 4532 1562 4595 eet

315 4640 402 4725 quod
426 4639 546 4705 diutius
568 4639 787 4705 immoremur.
832 4640 997 4707 Potiorem
1022 4641 1165 4725 aliquam
1190 4638 1482 4705 considerationem
1507 4636 1562 4702 de·

315 4746 423 4833 poscit

316 4904 383 4976 581.
474 4908 587 4973 Altero
604 4908 716 4971 classis
731 4904 973 4989 principiorum,
993 4928 1077 4990 quae
1092 4906 1238 4972 scholam
1252 4905 1333 4972 iuris
1347 4902 1562 4971 rationalisti·

316 5033 387 5078 carn
412 5033 432 5079 a
456 5014 579 5079 Kontio
602 5016 636 5079 et
655 5014 781 5079 Ficbteo
805 5014 970 5079 excultam
995 5013 1177 5097 distinguit.
1213 5012 1380 5095 Quotquot
1403 5013 1444 5078 ab
1467 5010 1562 5077 huius
