3909 5842
577 693 718 749 Naturalis
736 694 876 764 exigentia
892 695 1073 764 legislationis
1092 697 1236 768 positivae.
1465 704 1529 770 257

316 877 390 960 §2-
437 878 662 946 Naturalis
693 880 915 965 exigentia
943 883 1235 966 legislationis
1265 885 1491 969 positivae.

279 1015 355 1088 289.
445 1019 601 1096 Quamvis
631 1021 736 1087 omnis
765 1022 872 1102 homo,
904 1024 959 1106 qui
990 1025 1234 1092 communitatis
1265 1029 1316 1093 est
1338 1030 1530 1109 membrum,

278 1145 342 1208 pcr
370 1131 511 1193 naturae
539 1129 647 1211 legem
677 1128 809 1195 iamiam
840 1131 1076 1213 obstringatur,
1108 1137 1145 1199 ut
1167 1137 1274 1199 toturn
1297 1133 1454 1199 moralem
1477 1156 1530 1200 or·
1619 1157 1622 1167 ·

279 1230 392 1298 dinem
414 1238 555 1300 naturae
577 1234 740 1301 humanae
763 1236 1022 1316 convenientem,
1052 1238 1146 1322 proin
1178 1242 1211 1305 et
1238 1243 1384 1307 socialem
1408 1245 1530 1320 servet,

278 1335 301 1402 i.
325 1358 356 1404 e.
380 1343 418 1406 ut
440 1361 499 1424 pro
523 1339 611 1405 virili
634 1360 805 1406 commune
827 1341 947 1407 bonum
970 1347 1174 1426 promoveat,
1198 1344 1345 1429 pluribus
1360 1351 1473 1414 tamen
1489 1367 1530 1412 ex

278 1444 445 1527 capitibus
474 1447 652 1512 secundum
683 1447 829 1512 ordinem
859 1448 1131 1532 providentialem
1163 1455 1375 1520 necessarium
1407 1461 1465 1538 esi,
1496 1463 1530 1519 ul

279 1555 333 1619 lex
354 1557 492 1639 position
515 1577 635 1641 quoque
658 1557 703 1620 ad
725 1559 905 1622 naturalem
931 1559 1069 1623 accedat.
1116 1557 1246 1624 Etenim

373 1671 402 1734 1.
426 1669 481 1734 lox
504 1671 666 1736 naturalis
689 1671 794 1737 multa
825 1673 1080 1756 comprehendit,
1110 1694 1195 1755 quae
1226 1675 1402 1760 difficilius,
1433 1696 1530 1760 prae-

279 1774 395 1840 sertim
420 1797 440 1840 a
463 1776 658 1856 rudioribus,
690 1779 732 1842 ab
762 1798 802 1843 ea
829 1777 971 1844 derivari
996 1783 1031 1846 et
1052 1779 1094 1845 ad
1119 1801 1214 1846 casus
1237 1781 1455 1865 particulares
1477 1803 1530 1848 re·

278 1879 361 1945 ferri
383 1885 536 1964 possunt;

371 1988 402 2053 2.
433 1986 503 2052 eius
532 1991 711 2071 praecepta
741 2009 801 2073 per
823 2008 860 2054 se
883 1993 1083 2057 universalia
1106 1994 1183 2057 sunt
1207 1994 1241 2057 et
1263 1992 1528 2071 indeterminata,

279 2091 367 2156 unde
389 2113 449 2176 pro
472 2093 628 2172 locorum,
651 2098 837 2178 temporum
861 2098 896 2160 et
919 2095 1057 2160 aliorum
1081 2097 1307 2162 adiunctorum
1336 2097 1529 2166 diversitate
1596 2135 1598 2138 ·

279 2198 376 2264 varia
398 2199 547 2282 indigent
567 2204 713 2286 practica
737 2202 1008 2286 delermiuolioue,
1038 2223 1141 2286 eaque
1165 2224 1229 2268 non
1253 2203 1439 2284 arbitraria,
1470 2206 1528 2271 sed

279 2302 314 2367 in
338 2304 378 2369 iis
402 2305 519 2372 saltem
542 2307 650 2385 rebus,
679 2327 763 2389 quae
786 2308 906 2372 bonum
930 2307 1051 2373 sociale
1074 2309 1223 2392 proxime
1245 2309 1434 2394 respiciunt,
1465 2319 1528 2376 sla·

280 2411 339 2476 lili
368 2415 411 2490 et,
444 2418 600 2495 quantum
628 2413 700 2478 fieri
722 2413 837 2497 possit,
870 2417 1037 2482 communi.
1084 2415 1175 2480 Talis
1199 2419 1309 2482 autem
1333 2416 1402 2482 sine
1425 2417 1528 2482 inter-

279 2523 381 2584 ventu
405 2518 488 2601 legis
510 2507 673 2602 positivae
697 2517 839 2584 obtineri
861 2519 992 2600 nequit;

370 2626 399 2691 3.
424 2625 457 2691 in
480 2625 520 2690 iis
544 2625 738 2709 praesertim
763 2624 880 2690 officiis
899 2625 1083 2703 socialibus
1108 2646 1280 2709 aquorum
1297 2625 1527 2694 observatione

279 2730 411 2796 socialis
440 2733 531 2800 vitae
562 2732 769 2798 conservatio
801 2737 835 2799 et
865 2732 944 2798 ordo
974 2731 1123 2816 proxime
1146 2733 1277 2817 pendet,
1307 2755 1441 2799 necesse
1465 2739 1525 2814 est,

278 2843 317 2904 ut
328 2838 492 2905 hominurn
505 2839 727 2906 inconstantia
743 2846 777 2906 et
793 2838 991 2923 cupiditates
1007 2842 1226 2926 imperalium
1242 2843 1335 2906 elium
1348 2862 1526 2926 poenarum

279 2947 442 3011 counione
465 2949 681 3012 coerceantur
690 2948 712 3015 ¹.

368 3051 536 3116 Eiusmodi
560 3057 671 3119 sutem
695 3051 871 3134 exigentiis
894 3051 1055 3118 succurrit
1078 3051 1132 3117 lex
1156 3051 1308 3136 positiva,
1336 3053 1443 3136 legem
1468 3076 1525 3120 na·

278 3157 418 3222 toralem
449 3159 545 3224 modo
578 3157 782 3242 explicando,
815 3159 911 3224 modo
942 3157 1189 3232 determinando
1220 3164 1254 3224 et
1284 3159 1444 3225 concretis
1468 3160 1526 3226 ad·

280 3263 401 3329 iunctis
423 3264 628 3349 applicando,
652 3265 748 3330 modo
771 3285 859 3330 nova
882 3264 1051 3336 sanctione
1075 3264 1222 3346 urgendo
1231 3266 1254 3331 2.

280 3400 349 3473 290.
439 3405 563 3471 Verum
586 3405 649 3473 etsi
665 3405 849 3489 generatim
865 3409 975 3491 aliqua
990 3403 1156 3488 legislatio
1171 3404 1314 3488 positiva
1329 3406 1526 3490 naturaliter
1595 3390 1598 3394 ⁵

280 3511 465 3577 necessaria
495 3520 529 3577 et
553 3511 585 3576 vi
608 3511 710 3596 ipsius
732 3511 816 3594 legis
838 3510 1001 3577 naturalis
1023 3510 1182 3593 requisita
1206 3531 1278 3576 esse
1301 3531 1321 3576 a
1343 3511 1445 3595 priori
1470 3535 1525 3578 co-

280 3617 457 3697 gnoscitur,
489 3617 522 3682 id
551 3621 662 3684 tamen
687 3639 793 3701 neque
816 3617 857 3682 de
880 3615 1018 3700 singulis
1040 3617 1168 3699 legibus
1191 3617 1341 3701 positivis
1364 3617 1398 3683 in
1421 3620 1525 3703 parti·

279 3722 391 3800 culari,
422 3744 527 3805 nsque
558 3724 598 3790 ds
622 3723 708 3789 omni
739 3723 848 3808 specie
878 3722 1098 3806 legislationis
1131 3723 1293 3806 positivae
1325 3724 1396 3808 pari
1428 3725 1524 3792 modo

278 3847 427 3893 asserere
449 3829 536 3897 licet.
583 3830 628 3896 lit
650 3851 729 3895 vero
753 3831 839 3913 quod
861 3829 895 3894 in
918 3830 1027 3914 specie
1050 3830 1156 3912 legem
1180 3829 1355 3914 positivam
1380 3834 1523 3898 divinam

279 3932 408 4013 attinet,
433 3956 531 4016 qnam
554 3936 670 4019 religio
693 3935 873 4002 christiana
895 3939 1050 4023 testatur,
1075 3936 1157 4001 satis
1180 3957 1239 4020 per
1262 3957 1298 4002 se
1313 3937 1426 4020 liquet,
1451 3958 1522 4003 eam

279 4043 415 4106 eatenus
438 4046 537 4120 corte,
562 4047 724 4126 quatenus
740 4042 845 4108 ordini
863 4063 972 4108 rerum
989 4042 1233 4127 supernaturali
1248 4045 1522 4122 accommodatur,

277 4145 311 4210 in
341 4151 480 4213 naturae
509 4147 709 4214 necessitate
738 4148 870 4214 fundari
898 4170 964 4215 non
994 4169 1101 4233 posse.
1147 4147 1218 4214 Nec
1247 4170 1311 4216 non
1341 4149 1414 4232 ipsa
1440 4150 1524 4232 legis

278 4253 438 4319 naturalis
460 4253 604 4337 positiva
626 4253 856 4337 promulgatio,
885 4253 918 4319 in
945 4257 1057 4320 monte
1085 4255 1175 4320 Sinai
1198 4255 1400 4322 sollemniter
1422 4254 1522 4332 facts,

368 4490 377 4522 ¹
394 4489 427 4542 In
445 4487 497 4542 hac
515 4489 620 4543 ratione
638 4489 758 4543 maxime
776 4488 904 4543 insistere
923 4489 1032 4542 videtur
1051 4489 1185 4557 Isidorus,
1205 4488 1295 4558 Etym.
1314 4487 1331 4542 l.
1346 4489 1371 4554 5,
1391 4506 1413 4543 c.
1428 4489 1469 4554 20,
1489 4490 1523 4544 iis

277 4577 382 4643 verbis,
401 4593 473 4646 qnae
491 4581 519 4631 ot
537 4577 563 4632 S.
582 4577 684 4632 Doctor
704 4579 741 4645 (1,
761 4577 785 4642 2,
805 4595 831 4646 q.
851 4579 893 4643 95,
913 4595 937 4631 a
959 4578 986 4645 1)
1006 4580 1132 4632 invocat:
1161 4577 1276 4644 ,Factae
1295 4580 1360 4631 sunt
1378 4577 1468 4645 leges,
1492 4583 1523 4633 ut
1591 4643 1593 4649 Ι

277 4682 369 4720 aarum
388 4667 463 4719 metu
482 4664 601 4719 bumana
619 4668 778 4719 coerceatur
796 4664 919 4728 audacia,
938 4666 1052 4733 tutaque
1071 4664 1107 4718 sit
1126 4665 1197 4718 inter
1215 4663 1351 4733 improbos
1370 4665 1522 4720 innocentia

277 4753 350 4807 etin
368 4751 585 4822 ipsis'improbis
603 4751 749 4807 formidato
768 4752 901 4823 supplicio
920 4754 1074 4808 refrenetur
1092 4752 1205 4806 nocendi
1219 4750 1361 4806 facultas*
1390 4751 1430 4806 cf.
1445 4753 1521 4807 Grai.

277 4841 385 4895 Deerat.
403 4841 416 4894 I
434 4839 497 4894 dist.
517 4840 542 4893 4.

365 4929 437 4983 ‘ct
458 4931 485 4984 S.
509 4925 617 4999 tuom,
637 4930 663 4983 S.
682 4929 766 4984 theol.
788 4931 811 4994 l,
830 4931 861 4994 2,
881 4948 907 5000 q.
927 4931 976 4995 95,
997 4948 1020 4984 a.
1043 4933 1073 4992 1;
1094 4932 1214 4998 Saurea,
1233 4929 1272 4982 De
1292 4929 1345 4999 leg.
1366 4930 1383 4984 l.
1406 4931 1433 4996 1,
1453 4947 1475 4985 c.
1498 4931 1522 4998 3,

278 5019 295 5087 θ
316 5019 347 5073 18
369 5019 409 5072 19.

328 5113 435 5166 noyer,
450 5114 489 5155 lus
503 5113 616 5155 naturale.
639 5114 657 5156 1.
682 5113 756 5157 EM
1281 5111 1312 5162 Π
