3909 5842
866 658 1035 729 Conspectus
1053 676 1152 713 rerum.

770 836 867 905 Caput
885 836 940 891 III.
977 834 1018 890 De
1037 835 1099 905 lege
1117 836 1245 907 positiva.

526 945 657 1012 Prolopao
693 984 1506 996 ...........

455 1049 647 1103 Articulus
668 1049 691 1103 l.
728 1049 811 1117 Legis
829 1048 965 1118 positivae
984 1048 1058 1103 notio
1077 1054 1105 1103 et
1122 1048 1275 1103 necessitas
1340 1092 1345 1102 .
1420 1090 1426 1101 .
1500 1090 1506 1103 .

491 1136 551 1203 51.
582 1136 763 1200 varietatis,
783 1136 902 1205 qualox
922 1137 976 1191 dici
995 1137 1082 1207 possit
1101 1136 1220 1207 positiva
1258 1178 1264 1190 .
1340 1178 1345 1189 .
1419 1178 1426 1188 .
1501 1178 1506 1189 .

490 1224 552 1293 §2
583 1224 723 1279 Naturalis
742 1225 882 1293 exigentia
900 1224 1082 1294 legislationis
1101 1225 1236 1296 positivae
1259 1268 1265 1279 .
1340 1267 1346 1279 .
1420 1268 1426 1279 .
1500 1268 1506 1279 .

456 1332 694 1387 Articulus2.
731 1331 771 1385 Dc
790 1331 956 1401 obligatione
975 1332 1045 1401 logis
1064 1332 1199 1403 positivae
1258 1348 1287 1386 .·
1338 1374 1344 1385 .
1419 1374 1424 1383 .
1500 1376 1506 1385 .

490 1422 507 1489 9
528 1424 553 1476 1.
582 1422 662 1476 Unde
680 1421 784 1476 oriatur

419 1529 522 1584 Thasia
540 1528 686 1585 XXXIII.
723 1529 780 1583 Lex
799 1530 918 1599 posttiva
937 1529 1012 1584 nulla
1031 1546 1092 1584 esse
1115 1532 1221 1599 potest,
1248 1547 1318 1599 quas
1337 1547 1390 1583 non
1409 1528 1507 1583 saltem

491 1617 643 1673 formaliter
662 1623 690 1672 et
707 1619 856 1684 reductive,
875 1637 924 1673 sen
943 1619 1032 1689 quoad
1045 1620 1101 1673 vim
1120 1618 1259 1687 obligandi
1278 1619 1306 1673 iu
1324 1618 1386 1687 lege
1399 1618 1507 1673 demum

446 1768 447 1771 Ἴ
490 1708 609 1762 naturali
628 1707 757 1762 tundetur
794 1748 1506 1763 ..........
1619 1704 1635 1719 ’

491 1806 508 1873 ᾗ
527 1806 553 1859 2.
584 1805 761 1860 Condiciones
779 1805 941 1859 essentiales
966 1806 1000 1859 ad
1020 1804 1184 1859 obiectivum
1210 1804 1282 1873 legis
1306 1804 1442 1875 positIvae
1460 1822 1507 1859 va·

581 1894 666 1948 lorem
685 1894 835 1965 requisitae
854 1934 1505 1949 .........

492 1984 509 2050 ξ
528 1985 554 2039 3.
585 1984 706 2053 Rogulae
724 1984 798 2039 circa
817 1985 926 2038 easdem
945 1984 1117 2039 condiciones
1136 1985 1256 2055 prsetIce
1274 1985 1425 2039 tenendae.
1501 2026 1507 2037 .

493 2074 554 2142 §4-
585 2073 626 2127 De
645 2073 804 2127 extensione
822 2072 997 2141 obligationIs
1017 2114 1506 2127 .......

456 2178 650 2233 Articulus
668 2180 693 2233 3.
730 2178 771 2232 De
789 2180 942 2234 cessatione
961 2183 988 2233 et
1007 2180 1157 2233 mutatione
1176 2180 1247 2248 legIs
1265 2178 1400 2249 positivae
1420 2222 1425 2233 .
1500 2219 1506 2230 .

529 2270 681 2323 Sabellum:
700 2268 739 2323 De
759 2270 892 2339 epieikeia
936 2310 1507 2323 ........

575 2408 649 2464 liter
667 2409 781 2481 quartus
817 2411 852 2465 Ila
870 2410 1012 2467 mbisctiva
1030 2410 1134 2466 bominis
1152 2410 1327 2467 miornatione
1345 2409 1441 2467 morali

529 2518 660 2585 Prolopus
694 2557 1505 2573 ...........

518 2657 613 2729 (laput
631 2659 657 2714 1.
693 2658 734 2713 De
753 2661 918 2715 conscientia
936 2678 987 2715 sen
1005 2662 1038 2715 de
1057 2659 1210 2715 subiectiva
1229 2659 1299 2727 legis
1317 2658 1507 2731 applicatione.

457 2765 652 2819 Articulus
672 2768 695 2819 1.
728 2766 877 2821 Generales
895 2768 928 2821 de
947 2768 1114 2823 conscientia
1132 2768 1257 2822 notiones
1339 2808 1345 2820 .
1418 2808 1425 2819 .
1499 2807 1505 2818 .

493 2854 554 2920 §L
585 2853 713 2908 Definitio
776 2896 1504 2911 ..........

492 2943 554 3010 52.
585 2941 802 3012 Distinguendae
821 2946 1004 2999 conscientiae
1022 2947 1119 3000 modus
1178 2988 1184 2998 .
1258 2986 1264 2997 .
1338 2986 1344 2997 .
1419 2986 1439 3026 ¹.
1499 2984 1505 2996 .

458 3048 652 3103 Articulus
671 3050 696 3104 2.
733 3048 808 3115 Quae
826 3051 865 3105 sit
882 3051 1012 3119 obligatio
1031 3051 1161 3121 sequendi
1181 3051 1374 3105 conscientiam
1419 3092 1424 3103 .
1498 3092 1504 3103 .

492 3137 509 3204 ἕ
530 3140 553 3192 l.
585 3138 615 3191 ln
634 3138 780 3209 hypothesi
800 3141 982 3195 conscientiae
1001 3144 1092 3195 certae

420 3241 523 3297 Thesls
541 3243 682 3299 XXXII.
707 3243 851 3297 Dictamen
869 3244 1051 3299 conscientiae
1070 3248 1162 3300 certae
1181 3245 1282 3315 aliquid
1298 3250 1327 3299 ut
1339 3245 1505 3315 prohibitum

492 3331 537 3384 vel
563 3335 738 3402 praeceptum
764 3333 941 3399 denuntians,
967 3334 1045 3403 sequi
1070 3334 1257 3403 uuusquIsque
1276 3336 1397 3397 tenetur;
1423 3333 1505 3403 idque

492 3437 607 3489 semper,
626 3420 735 3474 etiamsi
753 3439 786 3476 ea
804 3422 876 3476 forte
894 3422 1088 3477 invincibiliter
1107 3440 1219 3477 erronea
1238 3423 1275 3477 sit
1339 3464 1345 3475 .
1419 3465 1424 3475 .
1498 3464 1504 3476 .

530 3510 684 3563 Corollaria
698 3551 1505 3565 ...........

528 3600 657 3653 Notundc
676 3601 714 3651 cd
730 3602 870 3653 soluendus
887 3602 1061 3667 difficultates
1099 3641 1504 3654 ......

492 3698 553 3765 §2
584 3698 614 3751 Iu
633 3697 778 3767 hypothesi
798 3699 981 3752 conscientiae
1000 3698 1097 3753 dubiae
1116 3698 1160 3753 vel
1180 3698 1344 3769 probabilis.
1419 3742 1424 3751 .
1498 3740 1504 3751 .

420 3804 523 3859 'Ibesis
540 3804 667 3859 XXXV.
691 3804 733 3858 Ad
752 3804 865 3858 honeste
884 3822 899 3857 e
918 3805 1084 3859 conscientia
1098 3806 1233 3873 agendum
1249 3804 1397 3873 requirItur
1410 3808 1438 3859 et
1450 3804 1505 3859 sui-

491 3894 550 3947 ficit
568 3893 749 3947 conscientiae
768 3894 902 3949 dictamen
922 3894 1061 3949 moraliter
1079 3898 1183 3949 eertum
1258 3935 1264 3947 .
1338 3936 1343 3946 .
1419 3936 1424 3947 .
1498 3936 1504 3947 .

531 3982 685 4035 Corollmsh
696 4023 1504 4037 ...........

529 4071 682 4124 scholiam:
700 4070 780 4125 Ratio
798 4070 924 4125 habenda
942 4072 1124 4126 conscientias
1142 4072 1318 4141 scrupulosae
1337 4114 1342 4125 .
1418 4112 1424 4125 .
1499 4114 1504 4123 .

493 4169 554 4237 §3-
585 4168 626 4222 De
644 4168 724 4222 modo
743 4170 875 4223 indirecto
894 4170 1046 4239 deponendi
1065 4170 1174 4225 dubium
1194 4170 1343 4240 practicam
1418 4212 1423 4223 .
1499 4212 1504 4223 .

545 4260 578 4310 Α.
598 4257 726 4327 Systema
744 4258 928 4328 probabilismi
947 4259 1092 4330 exponitur

545 4345 576 4400 B.
595 4346 747 4413 Isegitimus
765 4346 952 4416 probabilismi
970 4364 1037 4401 usus
1056 4346 1184 4401 definitur
1257 4388 1263 4400 .
1337 4388 1342 4399 .
1418 4388 1423 4397 .
1497 4388 1503 4400 .

580 4434 601 4487 I.
621 4434 755 4501 Negative
775 4476 1503 4489 ..........

420 4540 523 4596 Thcsls
547 4541 689 4597 XXXVI.
726 4540 888 4595 Posthabito
914 4542 988 4595 omni
1016 4542 1140 4611 opinione
1168 4542 1251 4595 etiam
1279 4559 1344 4595 vere
1372 4541 1505 4612 probabili

427 4656 434 4669 ·
490 4628 611 4699 practice
636 4646 700 4699 pars
725 4630 809 4684 tutior
833 4629 898 4696 eligi
917 4630 1011 4696 debet,
1038 4630 1144 4700 quoties
1170 4630 1280 4683 dubium
1303 4630 1503 4699 speculativum

493 4722 618 4773 versatur
643 4718 715 4772 circa
739 4719 858 4773 medium
883 4721 1068 4773 neceesarium
1094 4719 1127 4773 ad
1153 4719 1235 4773 linem
1253 4718 1298 4773 vel
1324 4720 1450 4773 effectum
1469 4738 1504 4773 ex

491 4812 567 4860 certa
585 4807 751 4875 obligatione
770 4808 891 4863 debitum
934 4848 1503 4863 ........

529 4906 711 4959 Corollurlum
1257 4920 1263 4932 ·
1338 4948 1344 4959 .
1417 4948 1423 4959 .

579 4994 613 5047 ΙΙ.
634 4994 756 5047 Positive
776 5036 1504 5049 ..........

1576 4810 1629 4865 286

1498 4946 1504 4960 .
1577 4892 1629 4962 asu

1577 4994 1628 5049 288
