3909 5842
457 703 522 768 398
684 697 773 752 Sectis
792 697 826 752 H.
863 696 943 752 Liber
962 698 996 752 11.
1034 697 1125 768 Caput
1141 698 1163 751 1.
1201 696 1343 752 Articulus
1361 697 1389 751 8.
1429 696 1509 764 53.

456 872 631 940 historica‘
668 875 842 957 profitetur
853 875 874 940 ¹.
898 911 943 922 ·-
966 871 1093 958 Quippe
1122 872 1292 939 siveram
1316 875 1408 937 esset
1439 870 1506 936 ius
1541 892 1709 937 arrideas-1v

457 985 668 1050 essentialiter
698 981 891 1065 positivum,
923 984 1189 1063 consequeretur,
1218 978 1318 1045 nullis
1346 979 1453 1061 plane
1482 977 1625 1043 iuribus
1645 999 1713 1062 prae

456 1089 544 1156 ditos
566 1087 668 1154 fuisse
692 1087 840 1152 homines
862 1087 950 1154 forte
967 1085 1074 1152 adhue
1088 1087 1178 1151 omni
1200 1085 1289 1152 civili
1311 1105 1401 1150 nexu
1416 1085 1565 1151 liberos
1580 1087 1714 1150 viventes

456 1199 635 1277 antequem
657 1194 690 1258 in
722 1214 761 1260 ea
792 1193 927 1276 regione
951 1193 1019 1258 ulla
1041 1193 1173 1278 publiea
1195 1193 1337 1258 societas
1360 1191 1525 1274 legifera
1550 1191 1711 1257 exsistere

458 1322 543 1384 quae
573 1301 624 1366 ius
653 1299 829 1384 positivum
863 1298 1003 1365 condere
1033 1303 1158 1384 posset.
1204 1298 1281 1376 Quis
1305 1301 1417 1364 autem
1441 1299 1487 1363 in
1517 1299 1661 1364 dubium
1680 1320 1717 1360 re

460 1408 587 1476 caverit
610 1406 757 1489 singulos
778 1405 936 1472 eiusmodi
952 1405 1100 1472 homines
1116 1407 1257 1473 fidenter
1271 1425 1331 1470 sua
1346 1405 1410 1470 sibi
1426 1404 1518 1471 iura
1532 1405 1717 1472 attribuisse.

459 1513 654 1598 praesertim
677 1513 863 1597 personalia
886 1518 921 1580 et
945 1533 995 1589 ea,
1020 1534 1105 1594 quae
1128 1515 1271 1579 connata
1293 1511 1358 1576 dici
1379 1511 1518 1590 solent,
1548 1518 1590 1580 et
1614 1513 1716 1596 quida

458 1623 628 1703 tamquam
662 1623 800 1686 coactiva
833 1620 1075 1686 inviolabilitatc
1101 1621 1277 1705 praedam
1307 1618 1395 1683 unde
1426 1619 1567 1685 eadem
1602 1619 1638 1684 in
1664 1639 1718 1684 m<

460 1725 670 1792 necessitatis
686 1730 803 1792 contra
817 1724 973 1791 iniustam
990 1725 1201 1808 negationem
1225 1725 1325 1791 armis
1348 1724 1452 1791 etiam
1483 1725 1717 1791 defenderas

461 1832 667 1898 dubitabant.
698 1832 744 1896 Et
766 1852 846 1897 vero
870 1832 952 1896 haec
974 1831 1047 1896 iura
1069 1831 1206 1896 illinon
1229 1834 1398 1913 tamquam
1422 1831 1665 1915 hypothetica
1677 1833 1716 1895 ar

461 1937 688 2015 vindicabant,
728 1941 811 2022 puta
849 1941 1098 2021 praesumentes
1137 1936 1282 2002 futuram
1315 1956 1430 2002 eorum
1463 1940 1716 2007 mirificatione:

461 2065 520 2129 per
552 2045 643 2129 leges
673 2044 821 2128 publicas
851 2043 1024 2128 positivae,
1054 2043 1113 2108 sed
1142 2049 1312 2126 tamquam
1341 2043 1506 2111 absoluta
1544 2051 1586 2112 et
1618 2067 1675 2130 par
1695 2067 1715 2106 s

462 2151 582 2229 valida,
614 2151 690 2233 quia
713 2151 788 2232 lege
811 2153 951 2216 naturae
974 2151 1157 2216 constituta
1180 2154 1215 2216 et
1237 2149 1359 2216 lumine
1380 2150 1537 2218 rationis
1565 2173 1638 2234 qua
1658 2150 1714 2218 talia

463 2262 552 2326 certo
577 2258 720 2340 cognita.
753 2257 843 2340 Ergo
867 2261 946 2324 ante
968 2259 1077 2340 legem
1100 2256 1277 2323 humanam
1301 2259 1335 2322 et
1357 2255 1409 2321 ius
1433 2259 1636 2340 positivum
1659 2279 1713 2322 rae

463 2369 498 2431 et
521 2364 669 2448 perfecta
692 2365 828 2430 exstant
849 2363 922 2430 iura
945 2363 1122 2432 naturalia.

762 2551 910 2626 Notauds
934 2552 975 2625 ad
998 2553 1171 2626 solvendas
1193 2551 1418 2624 difficultates.

464 2675 535 2746 495.
629 2679 656 2743 1.
674 2679 729 2746 Vis
745 2679 828 2743 iuris
844 2677 977 2762 propria
990 2675 1245 2760 (Rechtskraft)‚
1263 2697 1346 2759 quae
1362 2697 1422 2759 per
1438 2697 1478 2742 se
1498 2682 1584 2745 tota
1603 2677 1710 2742 moral

465 2785 517 2848 est
539 2785 574 2847 et
596 2781 629 2848 in
653 2783 798 2850 evidenti
820 2784 969 2869 practica
993 2783 1136 2849 veritate
1158 2781 1325 2859 fundatur,
1356 2782 1460 2865 probe
1485 2781 1711 2866 distinguent

466 2891 517 2954 est
547 2888 588 2954 ab
620 2889 763 2974 efficacia
795 2893 878 2956 iaris
908 2899 1048 2972 estana,
1080 2910 1165 2972 quae
1188 2909 1209 2955 a
1231 2887 1375 2974 physicis
1398 2887 1535 2955 viribus
1561 2895 1603 2958 et
1632 2887 1710 2954 variis

465 2993 628 3060 adiunctis
652 2995 814 3079 dependet
835 3001 869 3062 et
884 2997 958 3062 hinc
979 3019 1045 3063 nors
1065 3003 1165 3081 petest
1188 3017 1254 3061 esse
1270 2997 1447 3062 essentialis
1463 3001 1625 3081 qualitas
1639 2999 1708 3060 ianr.

556 3103 586 3167 2.
610 3101 666 3166 Nil
689 3105 854 3186 repugnat
877 3101 956 3167 iuris
980 3122 1040 3185 per
1062 3121 1099 3166 se
1121 3100 1223 3166 validi
1245 3105 1280 3167 et
1302 3100 1476 3166 moraliter
1501 3103 1659 3171 efficacis
1675 3123 1709 3165 er·

466 3215 590 3274 terame
613 3207 792 3274 efficaciam
818 3207 994 3290 aliquando
1018 3207 1166 3286 delicere,
1190 3207 1239 3272 ita
1261 3209 1300 3272 ut
1322 3227 1395 3272 eum
1418 3207 1535 3286 finem,
1563 3211 1611 3276 ad
1633 3227 1707 3291 quen

462 3314 610 3398 proxime
634 3313 787 3393 refertur,
812 3335 876 3380 non
901 3317 1112 3396 assequatur;
1137 3311 1219 3378 haec
1235 3313 1322 3378 euim
1337 3311 1586 3381 defectibilitas
1602 3311 1708 3381 eunom

463 3422 561 3486 rebus
584 3421 735 3488 humanis
760 3420 939 3486 communis
962 3423 1024 3497 est,
1048 3420 1089 3484 iis
1112 3439 1192 3484 vero
1208 3418 1425 3502 potissimum,
1449 3439 1544 3501 quae
1562 3423 1706 3488 humane

463 3527 627 3592 libertatis
650 3527 787 3592 influxui
810 3527 991 3594 subiacent.
1023 3526 1088 3591 Sed
1111 3547 1152 3592 nc
1173 3528 1347 3592 universim
1369 3528 1532 3610 loquendo
1560 3540 1592 3596 el
1606 3529 1704 3595 intuite

460 3635 536 3718 fiale
561 3637 746 3718 rescellulis,
771 3635 825 3716 qui
848 3635 1012 3710 humanae
1034 3631 1204 3698 societatis
1221 3632 1356 3698 vitalem
1375 3637 1588 3701 structuram
1606 3641 1704 3702 etsta

462 3739 623 3805 bilitatem
656 3740 799 3824 respicit,
835 3741 886 3806 ius
919 3761 978 3806 suo
1011 3741 1131 3806 ellectu
1163 3743 1293 3816 careat,
1328 3739 1418 3805 Deus
1450 3740 1703 3824 sapientissime

462 3866 571 3910 rerum
601 3846 803 3928 gubernator
832 3847 902 3932 ipse
932 3867 992 3912 suo
1023 3846 1114 3930 operi
1144 3845 1243 3912 etiam
1274 3845 1387 3912 invitis
1409 3846 1606 3914 hominibus
1629 3867 1703 3914 uum

462 3973 559 4034 quam
583 3951 697 4019 deerit.

551 4061 581 4125 3.
606 4060 728 4126 Verum
754 4059 882 4141 quidem
907 4063 959 4124 est
983 4057 1174 4125 auctoritati
1196 4057 1311 4123 sociali
1330 4077 1373 4122 ex
1389 4057 1498 4124 officio
1514 4059 1702 4126 incumbere.

461 4171 498 4234 ut
522 4187 560 4232 ee
584 4166 684 4232 etiem
706 4166 788 4244 iura,
813 4187 897 4248 quae
913 4164 1078 4231 naturalia
1093 4164 1255 4242 dicuntur,
1280 4163 1408 4247 publice
1421 4167 1563 4230 tueatur
1578 4170 1615 4232 et
1631 4163 1701 4250 pm·

460 4273 531 4340 tiva
555 4273 724 4340 sanctione
748 4271 957 4340 communiat.
991 4272 1060 4349 Quo
1083 4271 1116 4335 iu
1139 4291 1274 4336 munere
1297 4269 1464 4336 subeundo
1487 4270 1519 4336 si
1541 4271 1604 4338 illa
1620 4267 1700 4337 simul

460 4379 493 4444 in
517 4383 724 4446 antecessum
745 4379 854 4446 divino
870 4379 1059 4445 testimonio
1074 4377 1257 4444 infallibilis
1273 4380 1307 4442 et
1321 4375 1545 4459 impeccabilis
1562 4376 1701 4445 habenda
1756 4418 1757 4457 ss

460 4491 558 4564 esset,
590 4486 750 4569 simulque
779 4485 904 4552 viribus
933 4486 974 4552 ad
999 4485 1050 4550 ius
1076 4483 1291 4550 evincendum
1314 4481 1508 4548 necessariis
1531 4505 1699 4568 numquam
1755 4520 1757 4599 p

461 4593 615 4672 caritura,
649 4593 796 4677 practica
825 4593 911 4658 ratio
941 4591 1046 4658 thesis
1075 4594 1211 4656 nostrae
1234 4609 1314 4656 sane
1336 4589 1395 4654 vix
1418 4595 1620 4673 superesset
1667 4595 1698 4656 At
1756 4602 1757 4685 p

461 4720 547 4766 vana
571 4703 622 4766 est
645 4699 710 4765 ista
734 4699 932 4784 suppositio;
964 4702 999 4763 et
1027 4697 1100 4763 ideo
1129 4717 1235 4779 neque
1257 4715 1317 4780 pro
1339 4694 1421 4760 iuris
1443 4695 1585 4762 scientia
1606 4719 1698 4779 neque

462 4857 772 4866 —0-...0-——a

554 4943 561 4973 ¹
581 4943 614 4994 F.
633 4943 661 4995 J.
682 4943 760 4995 srael
778 4941 796 4994 l.
816 4959 839 4996 c.
859 4942 875 5009 ᾗ
896 4941 943 4994 12:
973 4937 1077 5006 ‚Racbt
1101 4939 1156 4992 und
1182 4937 1315 5008 positivae
1333 4933 1422 4988 Racht
1439 4935 1500 5001 sind
1519 4933 1695 5004 glsicbbedee·

461 5029 541 5082 tende
560 5027 687 5096 Begrilie.
724 5029 762 5083 Es
781 5029 840 5096 gibt
858 5029 922 5083 lrsin
941 5027 1057 5082 anderes
1075 5026 1165 5080 Recbt
1182 5027 1225 5080 als
1243 5027 1292 5079 das
1311 5024 1454 5094 positiva·
