3909 5842
605 636 742 731 Ktntiana
761 676 828 731 iuris
846 677 908 732 idea
926 678 1021 732 critice
1041 675 1203 731 excluditur.
1466 682 1530 745 427

285 854 354 920 ficit
369 854 402 919 in
418 853 527 937 specie
552 857 694 931 notasse,
720 854 840 937 dogma
855 854 1034 921 modernae
1050 852 1266 920 revolutionis
1282 854 1472 937 primarium
1496 876 1535 921 ac

286 960 569 1038 fecundissimum,
602 960 737 1043 dogma,
769 960 919 1043 iuquam,
945 961 985 1026 de
1010 963 1171 1027 essentiali
1190 962 1303 1045 papali
1325 963 1534 1045 mprernmia,

286 1089 483 1151 quamquam
507 1066 637 1132 aliunde
660 1089 681 1133 a
704 1066 906 1133 Rousseavio
931 1068 1168 1151 excogitatum,
1198 1087 1264 1131 non
1294 1066 1401 1131 minus
1424 1070 1536 1131 tamen

285 1180 452 1256 tamquam
485 1173 667 1255 legitimum
700 1173 908 1239 corollarium
940 1194 982 1239 ex
1012 1173 1093 1239 iuris
1122 1171 1281 1256 principio
1304 1171 1471 1237 Kantiauo
1502 1176 1537 1237 et

286 1280 464 1346 Fichteano
489 1279 642 1345 derivari.
688 1278 840 1363 Namque
863 1280 897 1345 in
921 1282 1065 1345 libertate
1087 1280 1297 1363 individuali,
1329 1276 1479 1342 absolute
1502 1281 1537 1343 et

286 1386 413 1453 ratione
444 1386 493 1451 sui
525 1387 741 1464 considerata,
773 1392 810 1452 ut
839 1387 901 1471 ipsi
932 1390 1086 1453 auctores
1115 1386 1274 1465 fatentur,
1304 1385 1430 1450 nullum
1459 1406 1536 1469 pro-

286 1494 374 1559 fecto
397 1494 448 1558 ius
470 1496 631 1579 pullicum
655 1493 786 1559 fundari
807 1497 928 1577 potest,
953 1494 1017 1559 nisi
1033 1514 1092 1577 per
1107 1493 1295 1559 libertatem
1313 1495 1348 1558 et
1362 1512 1422 1575 pro
1438 1491 1537 1556 liber·

286 1603 366 1678 tate,
391 1599 411 1665 i.
437 1620 464 1667 e.
489 1594 863 1683 mediantc',eonlraeln
887 1604 1000 1667 sociali
1005 1624 1020 1683 ,·
1049 1621 1151 1683 quare
1175 1604 1210 1665 et
1232 1601 1382 1683 potestas
1404 1598 1536 1681 publica

286 1706 361 1771 inde
391 1706 573 1773 constituta
604 1709 677 1773 tota
705 1710 829 1790 quanta
856 1708 1046 1792 prodactam
1066 1710 1235 1793 paetitiam
1260 1707 1420 1771 humanae
1443 1706 1535 1771 liber-

287 1814 362 1877 tctis
393 1833 465 1877 esse
495 1812 714 1896 intellegitur,
746 1813 833 1879 aliud
864 1835 928 1879 non
958 1814 1108 1879 referens
1137 1812 1200 1878 nisi
1231 1810 1373 1877 omnium
1405 1812 1536 1875 contra-

286 1918 432 1985 hentium
456 1918 596 2003 (populi)
620 1919 826 1985 collectivam
851 1920 1068 1997 volunlatem,
1094 1923 1285 1985 cunctorum
1308 1916 1435 2000 pariter
1457 1914 1537 1979 viri-

286 2024 346 2087 bus
378 2024 547 2092 muuitam.
597 2024 706 2108 Atque
737 2027 795 2103 ita,
829 2026 906 2091 dum
938 2026 1014 2091 idea
1043 2026 1207 2092 libertatis
1236 2024 1446 2089 individualis
1476 2023 1534 2088 ab·

286 2133 412 2196 straota
436 2136 669 2215 exaggeratur,
694 2132 830 2199 libertas
852 2136 952 2199 realis
975 2152 1073 2197 caeco
1098 2132 1316 2197 democratico
1335 2128 1536 2212 despotismo

285 2234 475 2302 immolatur
487 2240 508 2305 ¹.

286 2373 357 2447 528.
448 2375 636 2449 Corollaria:
670 2380 694 2445 1.
726 2378 837 2445 Kantii
869 2378 1063 2462 principium
1096 2380 1189 2459 inuris,
1222 2377 1250 2442 si
1283 2398 1357 2441 cnm
1389 2375 1533 2439 eiusdem

286 2482 443 2567 principio
473 2488 665 2550 moralitatis
698 2484 901 2567 (autonomia
933 2484 1084 2568 rationis)
1108 2487 1328 2568 comparatur,
1358 2486 1534 2563 utcumque

286 2610 346 2671 per
361 2610 397 2654 se
413 2590 588 2668 diversum,
613 2613 711 2657 unam
733 2597 843 2658 tamen
861 2594 896 2657 et
911 2610 1115 2656 communem
1133 2610 1205 2655 cum
1223 2610 1262 2653 eo
1277 2587 1534 2671 philosophicam

287 2695 489 2762 tendentiam
520 2702 634 2781 aperte
664 2719 744 2782 prae
775 2718 810 2763 se
833 2698 909 2765 fert.
956 2697 1141 2779 Utrumque
1165 2695 1251 2761 enim
1274 2699 1392 2778 suapte
1414 2697 1536 2759 natura

288 2821 327 2865 eo
356 2802 531 2869 manifeste
562 2804 722 2886 dirigitur,
754 2812 788 2869 nl
816 2806 905 2869 nono
930 2826 949 2869 a
973 2807 1037 2889 leae
1061 2806 1173 2868 diuina
1195 2802 1377 2885 formaliter
1399 2802 1534 2865 emanci-

284 2914 381 2992 patas
404 2913 455 2975 sni
478 2914 581 2995 ipsias
605 2913 766 2977 alaolnlna
789 2914 949 2995 legislator
964 2913 1186 2988 conatinatnr,
1210 2908 1274 2973 etsi
1289 2928 1354 2971 nou
1370 2906 1534 2987 utrimque

287 3014 347 3078 sub
371 3016 485 3080 eodem
508 3020 669 3101 respectu.
703 3016 834 3083 Scilicet
858 3037 917 3100 per
939 3016 1134 3100 principium
1157 3012 1355 3079 moralitatis
1377 3011 1474 3076 homo
1498 3014 1535 3076 ut

287 3140 346 3185 ons
370 3124 536 3205 rationale,
568 3143 628 3205 per
654 3122 849 3207 principium
872 3121 952 3187 iuris
975 3122 1062 3187 idem
1085 3126 1122 3186 ut
1146 3142 1205 3186 eus
1227 3122 1342 3185 sociale
1364 3118 1398 3199 (i.
1423 3139 1451 3183 e.
1475 3118 1534 3183 ho·

381 3332 386 3363 ¹
408 3332 504 3400 ltaque
523 3332 621 3385 mirum
641 3348 694 3384 non
713 3334 764 3395 est,
784 3334 812 3383 et
830 3328 961 3383 Kantium
981 3331 1009 3379 et
1027 3326 1169 3381 lichteum
1188 3325 1388 3379 revolutionem
1406 3324 1534 3392 gallicam

288 3417 374 3470 veluti
393 3436 424 3471 os
443 3418 476 3471 de
495 3418 602 3473 ossibus
620 3418 678 3473 suis
697 3416 869 3487 sympathice
888 3415 1090 3480 consalutaase,
1116 3417 1247 3483 quantum
1273 3412 1380 3467 scilicet
1398 3413 1448 3466 sub
1467 3412 1536 3480 regi-

287 3506 361 3558 mine
379 3507 551 3561 monarchioo
570 3508 639 3561 citra
657 3506 809 3577 periculum
834 3505 920 3559 licuit.
958 3503 1004 3557 Sic
1023 3520 1045 3556 e.
1066 3520 1092 3569 g.
1112 3504 1234 3555 Kantiua
1255 3501 1348 3569 (1798)
1370 3501 1485 3570 loquens
1504 3501 1537 3553 de

287 3610 435 3663 progressu
453 3594 548 3648 morali
567 3594 675 3662 generis
693 3594 820 3657 humani,
846 3594 905 3646 eius
930 3592 1100 3662 praeclaram
1126 3590 1374 3643 manifestationem
1400 3590 1429 3642 in
1448 3607 1479 3642 eo
1498 3606 1538 3642 re·

215 3688 221 3699 “
288 3684 373 3754 perit,
405 3684 476 3753 quod
500 3684 548 3737 illa
576 3682 725 3751 ,revolutio
757 3682 850 3753 populi
877 3680 1026 3749 ingeniosi,
1054 3696 1219 3748 quamquam
1245 3678 1404 3746 ceteroquin
1428 3677 1539 3730 miseria

288 3776 371 3842 atque
390 3773 514 3827 nefandis
532 3772 682 3827 sceleribus
701 3771 821 3841 repleta,
847 3772 874 3823 in
894 3770 992 3824 animis
1017 3774 1110 3823 tamen
1129 3768 1248 3822 omnium
1267 3770 1453 3837 spectalorum
1471 3766 1539 3819 adeo

288 3862 490 3932 sympathioum
521 3861 648 3915 affectum
679 3878 712 3914 ac
737 3878 821 3930 prope
848 3858 1065 3913 enthusiaamnm
1092 3857 1287 3919 excitaverit“;
1318 3855 1416 3923 quibus
1447 3854 1539 3907 verbis

288 3956 380 4003 tamen
405 3948 479 4003 illico
504 3950 531 4002 in
554 3950 647 4018 aliqua
671 3952 736 4003 nota
762 3948 833 4001 hano
859 3947 995 4001 cautelam
1020 3946 1175 4012 subiungit:
1206 3945 1257 4008 ,Es
1284 3946 1320 3998 ist
1347 3943 1412 3997 aber
1429 3942 1540 3996 hiermit

287 4036 364 4089 nicht
382 4036 509 4104 gemeint,
529 4038 593 4091 dass
612 4037 654 4090 ein
668 4036 748 4099 Volk,
768 4035 887 4089 welches
906 4034 966 4089 eine
979 4032 1186 4087 monarchiscbe
1199 4032 1389 4085 Konstitution
1401 4031 1458 4093 hat,
1477 4030 1537 4084 sich

289 4124 374 4178 demit
392 4125 441 4179 das
460 4124 548 4179 Recht
566 4142 707 4189 anmasse,
728 4128 761 4192 ja
787 4126 857 4178 anelr
876 4142 931 4177 nar
948 4126 979 4175 in
997 4124 1054 4176 aicle
1071 4123 1172 4191 yelneim
1191 4124 1242 4174 den
1262 4122 1378 4173 Wnneclt
1396 4121 1472 4187 heae,
1498 4120 1539 4173 aie

289 4213 456 4281 abgellndert
481 4232 514 4267 zu
538 4215 662 4269 wiaaen.“
704 4214 804 4282 (Karta
822 4212 926 4267 Werlre
945 4213 972 4277 I,
999 4212 1128 4278 Ausgabe
1149 4210 1229 4269 1838,
1256 4210 1309 4263 287
1323 4208 1377 4278 sq.)
1406 4240 1439 4249 —
1464 4209 1539 4262 Idem

289 4300 353 4355 alibi
373 4301 409 4369 (V
425 4303 474 4355 177
489 4306 517 4355 et
528 4302 593 4370 422)
616 4304 825 4373 „rempublicam
845 4303 924 4356 unice
943 4300 1094 4368 legitimam
1113 4300 1340 4353 constitutionem
1361 4300 1437 4351 esse‘
1453 4298 1539 4361 docet,

288 4388 395 4443 seilicet
406 4390 554 4443 secundum
571 4391 674 4456 ,ideam
688 4392 761 4461 pacti
774 4389 943 4457 originarii‘;
964 4388 1008 4442 oui
1020 4389 1120 4441 iterum
1133 4386 1306 4440 moderamen
1322 4384 1429 4438 accedit
1447 4383 1540 4437 delini-

288 4478 361 4531 tione
380 4479 560 4549 reipublioae:
590 4478 666 4545 ,Alle
684 4478 776 4533 vabre
795 4476 932 4547 Republik
950 4476 988 4529 ist
1006 4476 1061 4528 und
1079 4474 1154 4528 kann
1173 4473 1265 4528 nichts
1286 4472 1401 4527 anderes
1420 4473 1479 4526 sein
1499 4470 1541 4525 als

290 4568 333 4619 ein
351 4572 572 4635 reprulaentatinea
591 4570 694 4636 Spalem
712 4568 757 4620 elea
780 4567 886 4619 Valles*
911 4564 947 4632 (V
968 4565 1041 4633 178).
1079 4562 1115 4617 Et
1140 4564 1180 4617 ita
1207 4562 1316 4632 quidem
1335 4561 1426 4614 nullus
1445 4560 1540 4629 despo-

291 4655 389 4709 tismus
407 4656 490 4709 etiam
509 4656 662 4726 principum
681 4654 844 4717 excluditur,
864 4652 1008 4707 dummodo
1027 4656 1190 4706 exerceatur
1209 4654 1316 4703 nomine
1330 4650 1436 4718 populi,
1455 4648 1541 4702 fontis

290 4744 408 4797 omnium
434 4745 534 4798 iurium
562 4744 609 4811 (ci.
628 4743 654 4797 V
675 4744 725 4797 146
738 4742 820 4811 sqq).
847 4771 881 4779 -
908 4740 1013 4794 Similia
1032 4742 1125 4793 Fielte
1144 4739 1303 4809 profitetur,
1331 4737 1377 4805 qui
1395 4737 1450 4789 iam
1471 4737 1540 4791 1793

290 4830 387 4885 librum
414 4832 500 4887 edidit
522 4833 648 4901 ,Beitrag
674 4850 722 4885 zur
742 4829 939 4897 Berichtiguug
966 4829 1014 4882 der
1032 4828 1137 4882 llrteile
1163 4828 1211 4881 dee
1230 4825 1392 4879 Publikums
1410 4825 1478 4879 tiber
1496 4826 1540 4878 die

289 4920 474 4975 iranzdsisclre
493 4920 670 4975 Revolution⁴⁴
695 4948 727 4957 -
748 4922 775 4971 et
794 4918 902 4987 quidem
921 4934 1069 4987 suppresso
1087 4916 1203 4977 nomine,
1222 4932 1256 4967 ne
1274 4914 1353 4977 torte,
1372 4917 1405 4966 ut
1422 4911 1450 4965 in
1463 4929 1540 4981 prae·

290 5008 393 5062 satione
413 5008 522 5071 latetur,
542 5010 576 5063 ab
596 5008 686 5077 aliquo
704 5006 839 5061 malevolo
858 5005 1016 5059 adversario
1035 5002 1227 5075 perduellionis
1245 5003 1430 5055 accusaretur.
