3909 5842
702 681 743 736 De
766 683 912 753 ,principio
930 681 1119 738 moralitatis‘.
1474 683 1537 747 149

283 881 307 926 a
323 860 467 944 Spinoza
489 881 592 944 usque
615 860 657 926 ad
673 860 789 942 Hegel,
813 881 873 925 sua
896 860 1033 942 quisque
1055 857 1339 943 philosophemata
1354 857 1536 941 signarunt.

289 966 517 1050 ,Formoloe“,
546 966 697 1048 inquam;
729 966 801 1048 quis
831 964 917 1032 enim
944 965 1016 1030 veri
1038 964 1178 1030 nominis
1205 963 1384 1049 ,principia
1406 963 1537 1029 morali-

284 1073 387 1140 tatis*
417 1075 458 1141 ab
481 1072 521 1140 iis
545 1078 725 1157 exspectet,
750 1073 804 1155 qui
828 1072 933 1156 ipsam
957 1071 1179 1138 condicionem
1203 1071 1307 1137 omnis
1330 1069 1537 1145 moralitatis,

286 1201 404 1246 veram
442 1179 566 1247 scilicet
604 1179 743 1245 hominis
781 1179 939 1246 individui
978 1180 1182 1258 libertatem,
1221 1176 1438 1263 pantheistico
1478 1195 1537 1240 suo

285 1285 457 1353 fatalismo
487 1286 715 1365 immolarunt,
747 1290 781 1352 et
809 1285 926 1369 quibus
953 1286 1046 1372 proin
1074 1286 1179 1370 ipsum
1208 1306 1325 1351 nornen
1358 1284 1539 1362 ,humanae

286 1392 507 1460 moralitatis‘¹
544 1393 630 1458 omni
666 1391 806 1476 genuino
841 1413 939 1458 sensu
975 1395 1089 1458 careat
1122 1411 1257 1457 necesse
1292 1394 1366 1456 est?
1399 1427 1444 1437 -
1478 1388 1538 1453 Ce-

285 1504 397 1565 terum
429 1519 469 1565 ea
500 1499 617 1578 etiam,
649 1519 733 1582 quae
767 1499 810 1565 ab
842 1499 915 1566 istis
948 1503 1118 1582 tamquam
1150 1497 1309 1584 principia
1340 1494 1538 1562 moralitatis

286 1609 530 1690 proponuntur,
563 1627 622 1691 per
654 1627 690 1672 se
722 1627 787 1671 non
819 1610 888 1672 tam
921 1627 1009 1672 nova
1041 1627 1080 1672 ac
1112 1605 1247 1689 propria
1278 1608 1369 1681 sunt,
1402 1606 1441 1668 ut
1471 1622 1536 1666 non

286 1713 331 1778 ad
356 1712 488 1794 aliquod
518 1733 561 1778 ex
589 1711 646 1790 iis,
678 1733 762 1795 quae
786 1733 886 1797 supra
910 1717 1102 1779 enumerata
1125 1717 1219 1790 sunt,
1251 1711 1392 1794 quadam
1416 1727 1537 1790 cogna-

285 1818 380 1884 tione
410 1822 468 1884 aut
498 1817 651 1901 analogia
679 1818 845 1884 accedant.
901 1819 1090 1885 Generatim
1123 1818 1253 1901 quidem
1285 1839 1345 1902 pro
1377 1837 1437 1882 sua
1467 1815 1537 1897 for·

285 1927 368 1990 moli
390 1924 518 1992 ratione
534 1925 674 1990 indolem
697 1946 760 1991 non
785 1929 852 1992 tarn
870 1925 1180 1992 eudaemonisticam
1197 1946 1294 2008 quam
1312 1924 1537 2007 deootolopico·

287 2033 479 2096 rationalem
505 2029 664 2104 referunt,
690 2051 791 2113 quare
815 2035 849 2097 et
872 2030 946 2096 huic
970 2031 1068 2098 classi
1093 2031 1318 2113 subiungenda
1343 2028 1536 2095 censuimus.

286 2135 326 2201 ld
348 2157 428 2201 vero
452 2137 639 2202 nullatenus
661 2137 813 2222 impedit,
845 2137 1016 2221 quominus
1040 2138 1170 2214 eadem,
1201 2159 1244 2203 ex
1267 2136 1364 2202 obvia
1387 2133 1538 2200 monismi

287 2242 540 2325 consequentia,
579 2243 700 2327 partim
735 2244 776 2309 ad
811 2243 986 2310 corollaria
1020 2244 1200 2321 deducant,
1235 2243 1352 2325 quibus
1386 2242 1440 2307 vel
1473 2240 1537 2325 ipsi

285 2348 524 2415 materialismo
548 2350 695 2433 practico
721 2349 887 2416 conciliari
910 2355 1043 2432 queant,
1067 2354 1105 2416 ut
1127 2350 1319 2416 nominatim
1342 2347 1537 2432 spinonismo

285 2453 461 2538 contingit.

379 2561 511 2627 Bor-och
528 2561 752 2646 (Benedictus)
778 2564 815 2628 de
831 2565 996 2648 Spinozo1
1010 2561 1261 2645 (1632-1677)
1284 2562 1444 2628 duaiismo
1459 2563 1537 2627 Gar·

286 2666 375 2744 tesii,
400 2688 494 2749 quem
521 2669 635 2734 ducem
659 2669 858 2751 aliquamdiu
875 2669 1085 2752 sequebatur,
1109 2690 1187 2734 mox
1203 2673 1354 2753 apertum
1370 2668 1537 2753 pontheis·

286 2793 377 2837 mum
408 2773 588 2850 substituit,
619 2773 748 2840 unicam
779 2795 961 2857 agnoscens
987 2776 1251 2860 ,aobctontiom“,
1281 2797 1399 2860 nempe
1421 2776 1537 2852 Deum,

287 2878 384 2962 eique
414 2883 565 2945 naturam
597 2879 791 2946 identificari
824 2881 952 2946 docens.
1001 2881 1093 2947 Sicut
1121 2886 1194 2948 tota
1224 2881 1293 2948 eius
1323 2881 1537 2966 philosophia,

287 3005 387 3068 quam
412 2987 565 3052 methodo
589 2985 825 3053 mathematica
848 2987 982 3066 evolvit,
1006 2987 1055 3053 ita
1079 2991 1113 3052 et
1136 2987 1245 3053 ethica
1268 2989 1309 3053 ab
1332 2989 1395 3054 hac
1409 2988 1537 3054 unitate

287 3092 497 3159 substantiae
526 3097 696 3175 tamquam
720 3093 883 3158 communi
906 3093 1120 3160 fundamento
1142 3094 1322 3178 procedit2.
1370 3095 1536 3161 Summam

286 3200 523 3285 perfectionem
555 3202 712 3267 moralem
744 3202 791 3268 uti
823 3205 857 3267 et
880 3201 1056 3268 humanam
1079 3202 1316 3268 beatitudinem
1340 3200 1480 3284 Spinoza
1502 3200 1536 3263 in

289 3329 417 3386 ,amore
442 3309 504 3372 Dei
526 3307 746 3373 intellectuat
775 3307 929 3391 compleri
953 3309 1057 3383 docet,
1082 3307 1167 3373 hunc
1190 3314 1301 3374 autem
1324 3329 1396 3373 esse
1411 3305 1535 3390 ipsissi-

286 3433 376 3478 mum
401 3412 462 3478 Dei
493 3434 637 3478 amorem
669 3413 718 3478 sui
749 3413 860 3498 ipsius.
908 3413 991 3491 Quid
1020 3413 1082 3479 hoc
1106 3414 1148 3479 ad
1171 3415 1349 3498 puritatem
1372 3412 1535 3478 humanae

286 3517 486 3584 moralitatis
516 3518 624 3596 iuvet,
655 3539 714 3602 per
743 3539 779 3584 se
809 3519 921 3602 liquet.
969 3519 1015 3585 Et
1044 3519 1204 3602 siquidem
1234 3521 1323 3586 Deus
1353 3520 1386 3585 in
1415 3521 1537 3583 natura

286 3623 422 3706 eiusque
452 3621 576 3690 viribus
605 3624 694 3691 solus
724 3626 855 3711 proprie
879 3631 916 3692 ut
939 3646 1040 3691 causa
1062 3626 1244 3692 immanens
1267 3630 1432 3711 operatur,
1463 3625 1535 3708 quis

285 3749 351 3795 non
383 3729 556 3797 concludat
585 3731 661 3796 boni
691 3735 725 3798 et
755 3732 843 3808 mali,
873 3731 950 3798 iusti
982 3736 1017 3799 et
1047 3732 1168 3811 iniusti,
1199 3733 1279 3799 liciti
1308 3737 1408 3816 atque
1430 3732 1535 3799 illiciti

285 3835 409 3902 limites
432 3836 577 3920 practice
601 3858 643 3902 ex
662 3839 797 3924 physico
817 3843 960 3924 potentio
985 3838 1173 3905 dimetiri?8

382 4043 391 4075 ¹
409 4041 449 4095 De
468 4043 553 4096 variis
571 4043 683 4113 scriptis
702 4044 833 4114 Spinozae
851 4047 880 4098 et
898 4045 930 4099 de
950 4045 1121 4112 litterature,
1145 4063 1215 4115 quae
1234 4047 1267 4101 de
1286 4048 1382 4102 iisdem
1401 4049 1473 4118 agit,
1500 4050 1535 4102 ci.

286 4135 351 4185 Ant.
375 4149 428 4184 ooo
453 4133 502 4184 der
520 4133 623 4200 Linde,
643 4132 806 4186 Benedictus
825 4131 955 4203 Spinoza,
982 4135 1185 4205 Bibliograpbie
1205 4135 1391 4204 (hollandice),
1414 4136 1535 4190 Graven·

285 4220 359 4289 hage
380 4219 455 4275 1871.
494 4219 653 4290 Complures
672 4220 740 4275 alios
759 4221 844 4276 refert
864 4224 961 4284 Stookz,
981 4221 1080 4277 Goseh.
1100 4223 1125 4277 d.
1144 4223 1246 4278 Philos.
1267 4223 1362 4293 (1875)
1382 4226 1445 4279 666.

378 4309 553 4364 ’Tractatns
579 4310 612 4364 de
639 4310 729 4365 ethica
752 4311 824 4366 inter
850 4330 931 4383 opera
957 4314 1103 4383 posthuma
1127 4314 1243 4384 primurn
1268 4313 1369 4384 prodiit
1390 4313 1458 4368 1677
1484 4313 1534 4367 sub

285 4397 477 4468 inscriptione:
503 4397 615 4463 Ethioa,
641 4399 733 4453 ordine
753 4402 919 4468 geometrico
938 4401 1126 4456 demonstrata
1151 4407 1179 4457 et
1201 4405 1228 4456 in
1247 4404 1365 4472 quinque
1384 4406 1477 4472 partes
1496 4402 1533 4455 di·

285 4487 397 4548 stinete,
416 4485 444 4538 in
463 4487 561 4555 quibua
580 4487 686 4556 agitur:
709 4491 731 4542 i.
752 4489 785 4542 de
804 4487 868 4554 Deo,
888 4490 913 4543 2.
927 4489 960 4544 de
979 4495 1078 4545 natura
1097 4495 1125 4545 et
1143 4492 1247 4560 origine
1259 4493 1368 4556 mentis,
1387 4491 1412 4545 6.
1431 4491 1464 4545 de
1483 4491 1534 4544 ori·

286 4577 349 4642 gine
369 4580 397 4628 et
415 4577 514 4628 nutura
532 4577 693 4641 affectuum,
719 4579 745 4632 4.
765 4578 798 4632 de
817 4577 951 4632 servitute
977 4579 1097 4634 humana
1121 4598 1170 4634 seu
1196 4582 1229 4634 de
1254 4582 1402 4635 affectuum
1421 4579 1534 4644 viribus,

286 4661 310 4718 5.
330 4664 364 4717 de
383 4664 504 4733 potentia
523 4663 678 4720 intellectus
698 4683 746 4720 seu
766 4667 798 4720 de
817 4666 944 4721 libertate
963 4667 1107 4722 humana*

377 4753 545 4807 ⁸Einsmodi
571 4757 740 4808 consectaria
766 4759 860 4825 aperte
886 4757 1093 4811 materialistica
1119 4759 1177 4828 ipse
1196 4757 1312 4828 Spinoza
1331 4758 1462 4812 deducere
1480 4775 1533 4811 non

287 4841 627 4912 veretur,praesertimubi
638 4844 671 4896 de
680 4843 737 4896 iure
748 4843 864 4897 disserit.
888 4843 926 4897 Eo
937 4845 1070 4914 imprimis
1078 4847 1216 4916 pertinent
1228 4849 1372 4901 Tractatua
1381 4849 1533 4916 theolopico

282 4933 412 5000 politicus
432 4928 526 4998 (1670)
548 4935 575 4986 et
602 4933 745 4985 Troctolus
766 4933 895 5001 politicus
914 4933 1019 5002 (1677).
1057 4935 1099 4988 lta
1118 4936 1189 4989 inter
1207 4935 1261 4989 alia
1286 4936 1319 4990 de
1344 4937 1402 4990 iure
1419 4939 1534 4989 naturae

285 5019 395 5074 scribit:
424 5019 485 5084 ,lus
509 5021 624 5074 naturae
650 5039 681 5074 eo
707 5039 793 5090 usque
818 5039 848 5076 se
874 5023 1013 5088 extendit,
1039 5040 1180 5093 quousque
1206 5025 1265 5079 eius
1290 5023 1412 5095 potentia
1436 5041 1467 5078 se
1486 5041 1532 5077 ex·
