3909 5842
624 1535 989 1711 Conspectus
1034 1578 1258 1671 rorum.

1508 1885 1562 1938 Pag.
1600 1896 1601 1899 ¹

309 1939 547 1992 Prooemium.

377 2028 398 2081 l.
416 2027 498 2082 Notio
516 2028 584 2081 iuria
602 2028 738 2083 naturalia
755 2028 812 2083 late
831 2027 897 2082 dieti
915 2044 964 2082 seu
982 2027 1169 2098 philosophiae
1188 2028 1300 2083 moralis
1311 2030 1457 2085 universae
1505 2045 1563 2083 xxv

362 2116 398 2171 11.
418 2115 458 2170 Ile
476 2120 537 2170 ortu
556 2120 585 2169 et
601 2134 750 2187 progressu
767 2116 900 2172 scientiae
918 2118 986 2171 iuris
1003 2116 1138 2170 naturalis
1209 2159 1215 2171 .
1289 2159 1295 2173 .
1369 2160 1375 2171 .
1449 2160 1455 2171 .
1504 2134 1563 2171 xxx

348 2205 398 2259 Ill.
417 2204 458 2259 De
475 2204 621 2259 universae
638 2204 827 2275 philosophiae
844 2204 984 2275 practicae
1002 2206 1149 2275 partitione
1209 2247 1214 2259 .
1290 2247 1295 2258 .
1371 2248 1376 2258 .
1451 2248 1456 2259 .
1496 2223 1563 2260 xnrv

596 2388 693 2480 Pars
720 2388 750 2475 Ι.
801 2389 869 2475 Ius
895 2392 1061 2475 naturao
1087 2390 1276 2499 generale.

635 2548 743 2615 Sentio
766 2549 886 2636 prino.
931 2548 1049 2617 llthiea
1071 2548 1251 2636 generalis.

410 2686 485 2743 liter
502 2688 604 2758 painna
640 2687 676 2743 lla
693 2688 823 2744 alsmantia
841 2688 868 2744 ot
886 2686 1069 2745 natisionihaa
1086 2686 1249 2743 naturulihua
1267 2687 1341 2743 setus
1359 2688 1468 2745 humani

458 2790 591 2858 Prolopua
644 2831 1454 2847 ...........
1548 2796 1560 2848 1

310 2949 412 3019 Caput
429 2949 455 3004 1.
492 2948 638 3020 Synthesis
656 2950 867 3021 propaedeutioa
891 2952 925 3005 de
947 2952 1091 3006 nativitate
1113 2969 1271 3019 ,sensarum
1298 2954 1492 3008 seonnlarnm‘
1514 2970 1563 3008 seu

728 3039 762 3093 (le
780 3044 844 3094 actu
862 3041 983 3095 naturali
1001 3040 1028 3093 in
1047 3058 1155 3109 genere.

387 3162 584 3217 Artioulus
598 3164 621 3217 1.
646 3163 789 3219 Generalis
800 3165 874 3219 notio
887 3167 998 3219 aotnnrn
1012 3164 1187 3219 naturalium.
1201 3194 1234 3201 —
1248 3164 1386 3235 Principia
1400 3184 1457 3219 oos-

458 3250 592 3319 mologioa
609 3252 637 3305 in
656 3252 708 3307 hoo
726 3256 848 3307 necleta
866 3254 1042 3322 supponenda

386 3366 581 3421 Articulus
600 3368 625 3421 2.
662 3367 703 3421 De
720 3369 873 3422 subiectivo
891 3367 1024 3438 principio
1043 3369 1160 3423 sotionis
1180 3367 1314 3421 naturalis
1370 3411 1375 3422 .
1449 3410 1455 3423 .

423 3455 484 3522 §L
521 3455 562 3509 De
580 3460 679 3509 natura
725 3496 1456 3511 ..........

423 3542 484 3612 52.
520 3544 562 3598 De
579 3544 758 3599 faonltatihns
776 3551 808 3599 ut
826 3548 891 3599 sunt
908 3546 1091 3599 instrumenta
1109 3548 1224 3599 naturae
1289 3588 1294 3598 .
1370 3588 1376 3599 .
1450 3588 1456 3599 .

387 3660 582 3715 Articulus
600 3662 625 3715 3.
662 3660 703 3715 De
722 3662 837 3716 sotionis
850 3661 990 3719 ,naturalis
1015 3660 1131 3715 termino
1149 3677 1198 3713 seu
1217 3660 1250 3713 do
1270 3660 1338 3715 hono
1358 3664 1386 3715 et
1404 3660 1457 3713 fine

458 3766 608 3803 universim
646 3790 1455 3803 ...........

390 3868 583 3922 Articulus
601 3869 628 3922 4.
664 3868 704 3921 De
723 3868 830 3921 actione
848 3869 909 3938 ipsa
927 3872 959 3921 ut
977 3872 1021 3921 est
1038 3872 1129 3921 motus
1148 3866 1182 3919 ad
1202 3866 1346 3920 terminum
1372 3909 1376 3919 .
1452 3909 1457 3919 .

460 3958 590 4025 Epilopua
608 3956 643 4011 ad
661 3956 805 4027 synthesin
824 3956 1062 4027 propaedeutioarn
1129 3996 1456 4010 .....

464 4118 560 4186 Caput
577 4118 619 4172 ll.
655 4115 695 4170 De
714 4118 767 4170 fine
785 4116 904 4170 naturali
924 4120 1034 4171 actuum
1054 4116 1232 4170 humanorum
1251 4120 1280 4169 et
1298 4114 1422 4169 hominis.

461 4241 591 4308 Prolopua
647 4280 1458 4293 ...........

391 4344 584 4399 Artioulus
605 4346 629 4398 1.
665 4344 707 4399 De
732 4346 808 4399 fonte
834 4344 1016 4412 cognoscendi
1042 4344 1104 4397 fluis
1124 4344 1332 4414 psychologico,
1358 4362 1407 4397 seu
1427 4344 1460 4398 de

461 4434 537 4487 finali
555 4439 682 4505 respectu
700 4438 816 4488 naturae
833 4434 970 4487 humanae

426 4522 486 4589 fil.
522 4522 564 4576 De
582 4526 697 4577 naturae
714 4523 849 4577 hnmanae
868 4522 1034 4592 expansione
1053 4522 1080 4574 in
1099 4538 1129 4574 so
1148 4523 1298 4590 spectato.
1373 4562 1378 4572 .
1453 4562 1459 4573 .

351 4636 456 4693 'l'hasis
474 4638 499 4693 1.
525 4638 667 4709 Propriam
685 4642 799 4692 naturae
813 4636 949 4691 humanae
962 4637 1155 4706 expansionem
1169 4636 1306 4707 appetitus
1319 4635 1460 4689 rationalis

425 4746 474 4782 sau
493 4728 621 4783 voluntas
640 4728 752 4782 exhibet

464 4818 619 4871 Corollaria
650 4855 1458 4871 ...........

426 4904 487 4971 52.
523 4905 563 4959 De
582 4906 702 4960 eiusdem
722 4906 897 4976 expansionis
916 4906 1021 4959 obiecto
1040 4904 1147 4959 formali
1212 4946 1217 4957 .
1292 4946 1297 4955 .
1373 4944 1379 4956 .
1454 4943 1460 4955 .

480 4995 512 5048 h.
532 4994 742 5064 Comprehensio
760 4998 789 5047 et
806 4994 925 5049 ambitus
944 4994 1043 5049 obiecti
1060 4992 1217 5049 formalis,
1290 5034 1295 5045 .
1370 5034 1377 5047 .
1451 5034 1457 5045 .
