3909 5842
681 680 786 735 Recens
807 679 889 747 ,iuris
907 679 1045 735 historici*
1066 678 1180 735 theoria.
1489 682 1555 745 455

309 849 379 915 fere
402 848 564 930 quendam
586 847 667 913 iuris
690 848 969 915 subiectivismum
987 871 1026 916 ac
1040 849 1191 933 spiritum
1207 849 1423 916 revolutionis
1437 850 1557 935 sapiat,

309 954 517 1039 praecipuam
540 953 650 1038 potius
674 975 786 1020 curam
809 957 878 1020 iuri
900 958 1184 1021 consuendinorio
1202 954 1558 1038 (Gewohnheitsrecht)

309 1060 535 1138 adhibendam,
571 1060 705 1144 eiusque
740 1062 958 1144 cognoscendi
990 1062 1102 1144 gratia
1132 1062 1167 1127 in
1198 1062 1370 1129 historiam
1403 1063 1558 1146 cuiusque
1645 1086 1648 1093 ·

309 1167 421 1253 populi
443 1188 614 1250 moresque
638 1167 872 1234 consuetudine
894 1173 1047 1253 receptos
1070 1167 1292 1251 indagandum
1315 1190 1398 1235 esse.

400 1273 489 1351 Quae
512 1274 592 1339 iuris
615 1272 830 1358 philosophia,
859 1274 893 1339 in
916 1274 988 1339 sinu
1013 1274 1186 1341 orthodoxi
1209 1275 1471 1359 protestantismi
1494 1274 1560 1360 pri·

309 1402 397 1447 mum
420 1384 509 1458 nata,
520 1399 522 1403 ·
534 1400 611 1445 mox
634 1380 667 1445 in
684 1400 887 1445 communem
904 1381 999 1463 quasi
1013 1384 1175 1447 tesseram
1191 1382 1412 1465 amplissimae
1427 1381 1560 1447 scholae

310 1491 422 1553 erecta
445 1490 506 1565 est,
531 1508 615 1569 quae
642 1485 792 1565 ,scholae
816 1485 1011 1553 historicael
1038 1487 1169 1553 nomine
1187 1488 1373 1554 celebratur
1389 1490 1424 1553 et
1439 1488 1491 1553 cni
1507 1508 1560 1553 re·

311 1593 466 1661 centioris
496 1592 617 1659 aetatis
647 1591 717 1658 fere
740 1592 888 1677 plerique
911 1592 992 1659 iuris
1015 1593 1167 1659 doctores
1190 1594 1329 1659 alicuius
1351 1593 1561 1661 auctoritatis

311 1703 345 1766 et
381 1698 655 1777 ,conservativis
691 1698 725 1763 in
757 1720 794 1763 re
825 1699 960 1784 politica
992 1699 1110 1765 studiis
1141 1698 1262 1766 addicti
1292 1699 1559 1765 adnumerantur.

310 1805 382 1871 Neo
405 1805 523 1870 mirum
546 1826 636 1871 sane.
676 1804 808 1871 Etenim
831 1810 1007 1889 postquam
1032 1826 1052 1871 a
1074 1806 1216 1884 saeculo,
1241 1826 1464 1889 quaecumque
1486 1804 1560 1870 suh

311 1912 443 1977 versiva
465 1910 600 1995 politica
622 1910 782 1995 principia
804 1910 837 1975 in
862 1910 981 1992 vulgus
996 1932 1113 1995 spuma
1128 1911 1292 1995 publicum
1309 1911 1454 1977 ordinem
1471 1911 1562 1977 labe·

311 2019 490 2097 lactarunt,
515 2038 580 2083 non
604 2016 669 2083 alio
692 2016 799 2099 magis
822 2038 920 2100 quam
944 2016 1025 2083 iuris
1052 2018 1251 2096 ,naturalis“
1271 2039 1329 2083 seu
1350 2016 1556 2097 ,rationalis“

312 2122 599 2207 (Vernunftrecht)
613 2132 777 2210 praetextu
796 2122 999 2190 circumferri
1010 2124 1138 2207 iurique
1150 2124 1305 2190 historico
1318 2125 1431 2192 critice
1443 2124 1562 2210 opponi

312 2232 386 2298 visa
408 2236 494 2310 sunt,
523 2230 621 2297 facile
644 2230 847 2313 intellegitur
869 2250 939 2295 rem
963 2230 1069 2296 obiter
1092 2230 1312 2297 consideranti
1333 2252 1454 2297 novam
1476 2231 1562 2296 eius·

312 2338 398 2404 modi
422 2337 604 2403 doctrinam
628 2359 666 2403 eo
690 2338 795 2421 magis
814 2341 984 2420 tamquam
999 2358 1156 2421 praesens
1171 2338 1250 2403 mali
1265 2338 1444 2403 remedium
1459 2356 1562 2420 appa-

313 2444 434 2522 ruisse,
466 2465 530 2526 qno
560 2442 667 2527 magis
695 2464 735 2509 ea
765 2442 815 2509 ius
845 2448 986 2510 naturae
1015 2434 1054 2508 iu'
1079 2443 1225 2509 favorem
1256 2443 1336 2509 iuris
1366 2442 1500 2528 positim'
1529 2445 1563 2507 et

312 2549 459 2617 historici
481 2549 614 2633 propria
637 2548 775 2614 iuridiea
798 2548 1000 2615 auctoritate
1022 2548 1190 2633 spoliaret.

311 2664 382 2735 560.
472 2665 589 2747 Itaque
615 2666 741 2747 ,schola
764 2662 935 2731 historico“
954 2685 1014 2747 pro
1029 2664 1179 2747 generali
1193 2684 1254 2729 sua
1269 2664 1378 2729 indole
1392 2663 1433 2728 iis
1449 2683 1562 2728 recen-

312 2771 405 2837 tioris
427 2770 652 2855 philosophiae
670 2770 836 2855 practicae
853 2770 1026 2837 conatibus
1041 2771 1159 2837 merito
1176 2774 1379 2848 accensetur,
1403 2768 1459 2852 qui
1475 2790 1563 2835 com·

312 2877 402 2943 muni
425 2877 556 2942 nomine
583 2880 770 2961 ,remotionis
795 2886 905 2943 contra
929 2878 1067 2943 scholam
1082 2875 1307 2943 Kantionom“
1334 2876 1564 2960 comprehendi

313 2986 431 3053 solent.
471 2985 548 3051 Cum
573 2984 685 3050 schola
709 2986 947 3071 Schetlinpiono
970 3006 1031 3049 nec
1054 3006 1119 3050 non
1135 2985 1315 3068 Heqeliuno
1337 3004 1411 3048 eam
1434 2982 1563 3065 quidem

312 3114 514 3159 communem
528 3092 732 3158 tendentium
744 3092 928 3175 profitetur,
946 3090 1032 3173 quod
1044 3091 1215 3156 abstracto
1226 3089 1307 3155 iuris
1319 3088 1563 3155 subiectivismo

312 3203 430 3267 realem
454 3200 698 3264 obiret-iviamum
721 3198 920 3263 substituere
944 3196 1121 3274 contendit,
1145 3196 1187 3261 ab
1211 3200 1351 3277 utraque
1367 3198 1477 3260 autem
1492 3194 1564 3259 lau-

315 3305 469 3373 dabiliter
499 3303 721 3387 distinguitur,
753 3304 839 3387 quod
862 3302 1034 3386 repudiato
1057 3306 1096 3368 ut
1118 3300 1293 3385 plurimum
1315 3298 1521 3383 pantheismo
1545 3318 1566 3364 a

313 3412 469 3480 theistica
498 3411 617 3496 potius,
648 3410 747 3475 immo
778 3413 812 3476 et
836 3409 1017 3475 christiana
1039 3406 1245 3493 philosophia
1268 3427 1328 3472 sua
1350 3406 1565 3471 fundamenta

314 3520 506 3603 depromere
536 3518 658 3585 studet.
682 3552 726 3561 -
753 3516 870 3599 Itaque
900 3536 973 3581 cum
1004 3536 1044 3580 ea
1074 3534 1203 3597 quoque
1232 3512 1428 3597 scriptorum
1459 3512 1565 3576 classe

314 3630 476 3691 remotam
499 3625 643 3707 aliquam
667 3622 894 3705 cognationem
919 3642 1000 3705 prae
1023 3641 1059 3687 se
1081 3620 1158 3699 fert,
1190 3639 1275 3701 quae
1298 3639 1319 3684 a
1341 3618 1442 3696 lucta,
1466 3637 1565 3699 quam

314 3737 431 3798 contra
447 3752 576 3797 errores
592 3730 732 3811 gallicae
747 3728 962 3795 revolutionis
978 3726 1092 3809 gessit,
1110 3727 1383 3792 antireoolutionie
1399 3722 1565 3805 (,contre·

313 3838 534 3919 revolutioffl)
565 3836 695 3902 nomine
719 3836 876 3901 decorata
899 3840 960 3913 est,
994 3839 1028 3902 et
1051 3834 1142 3899 cuius
1165 3832 1332 3917 praecipui
1356 3832 1455 3897 duces
1478 3830 1565 3914 apud

314 3946 428 4012 Gallos
446 3948 484 4011 de
500 3946 646 4027 Molstre,
671 3945 710 4009 de
726 3944 865 4025 Bonold,
890 3941 977 4025 apud
993 3941 1120 4023 Anglos
1136 3940 1256 4022 Burhe,
1282 3938 1369 4023 apud
1386 3938 1566 4004 Germanos

313 4054 401 4119 [aad.
427 4054 466 4117 de
492 4052 613 4135 Heller,
638 4051 747 4115 Adam
771 4050 890 4115 Mltller
912 4047 1030 4113 merito
1054 4050 1239 4113 censentur.

314 4154 381 4227 551.
472 4157 518 4222 At
533 4177 623 4235 vero,
641 4176 724 4237 quae
740 4154 902 4220 humanae
918 4150 1166 4235 intellegentiae
1180 4151 1326 4217 labilitas
1342 4152 1403 4227 est,
1420 4148 1567 4213 sinceras

314 4262 415 4330 etiam
445 4264 574 4326 mentes
603 4263 703 4342 atque
733 4258 857 4343 optima
887 4278 1036 4340 quaeque
1066 4256 1252 4341 aspirantes
1282 4274 1360 4319 suus
1390 4252 1566 4335 aliquando

314 4368 448 4435 errandi
470 4368 623 4451 scopulus
646 4369 768 4441 manet,
793 4368 862 4431 tum
886 4363 1040 4441 maxime,
1064 4384 1137 4429 cum
1161 4362 1243 4429 trita
1258 4364 1408 4427 veterum
1424 4358 1566 4441 vestigia

314 4476 386 4560 ipso
417 4496 477 4540 usu
507 4474 573 4539 iam
603 4476 677 4539 tuta
708 4472 839 4537 incaute
869 4470 1074 4535 deseruntur.
1121 4470 1231 4551 Atque
1258 4466 1307 4533 ita
1329 4486 1410 4531 sane
1432 4464 1566 4530 scholae

314 4580 492 4648 historicae
516 4580 556 4645 de
579 4578 658 4643 iuris
681 4576 819 4642 scientia
842 4580 877 4641 et
893 4575 933 4639 de
949 4596 985 4640 re
1001 4573 1131 4659 publica
1155 4577 1301 4640 ceterum
1324 4572 1407 4636 bene
1430 4569 1566 4635 meritae

315 4688 446 4767 accidit,
466 4690 512 4766 ut,
539 4706 612 4751 oum
628 4690 761 4767 sumptu
776 4682 856 4747 iuris
872 4685 1012 4747 naturae
1029 4684 1205 4746 dominium
1222 4682 1306 4743 iaris
1317 4680 1448 4763 positivi
1464 4696 1566 4759 exag-

314 4798 459 4878 geraret,
490 4793 597 4877 ipsum
627 4790 803 4874 genuinum
833 4792 917 4854 ioris
941 4796 1119 4873 conceptum
1143 4788 1341 4851 mutilatione
1363 4786 1499 4866 vitiaret,
1532 4786 1567 4849 et

315 4901 389 4966 ideo
419 4920 460 4965 ne
489 4899 579 4982 ipsas
609 4897 737 4979 quidem
770 4894 1022 4978 consequentias
1045 4892 1219 4977 Hegeliani
1250 4890 1442 4975 systematis
1469 4890 1566 4973 plane

315 5008 486 5089 effugeret,
511 5004 627 5087 quihus
649 5002 700 5068 ius
720 5022 793 5067 cum
808 5001 938 5086 publico
954 4999 1126 5082 legalismo
1142 4996 1338 5063 identificari
1354 5016 1488 5061 necesse
1504 5000 1565 5061 est.
