3909 5842
406 679 471 744 500
616 674 705 728 Soolio
724 673 758 727 ll.
796 672 876 726 Liber
896 672 929 725 ll.
969 670 1058 741 Caput
1076 670 1122 725 111.
1160 668 1300 724 Articulus
1318 670 1342 723 4.
1380 669 1440 732 ,Μ

404 856 542 923 iuridica
566 876 630 939 qua
653 855 735 921 talia
758 876 799 920 ex
823 853 946 919 iuribus
969 851 1031 917 sibi
1054 850 1236 929 correlatis,
1265 871 1332 915 non
1354 848 1426 915 vice
1448 868 1547 914 versa
1569 848 1655 914 haec

406 984 448 1029 ex
477 964 542 1030 illis
573 964 886 1040 commensurantur,
917 958 1036 1025 iurium
1067 978 1194 1041 quoque
1224 956 1348 1023 collisio
1374 954 1550 1040 specialem
1574 976 1654 1021 con-

405 1070 637 1136 siderationem
661 1068 817 1153 deposcit.

495 1176 721 1242 Diversimode
745 1180 855 1242 autem
879 1176 952 1241 iura
975 1175 1061 1241 inter
1081 1195 1118 1240 se
1133 1173 1287 1239 collidere
1302 1177 1449 1258 possunt.
1481 1171 1550 1239 Aut
1565 1171 1653 1237 enim

405 1305 505 1349 unum
535 1283 685 1365 idemque
716 1283 897 1349 subiectum
921 1281 984 1348 sibi
1006 1282 1079 1348 iura
1103 1281 1265 1359 attribuit,
1296 1302 1380 1364 quae
1409 1278 1571 1346 obiectiue
1601 1277 1653 1341 in-

406 1387 628 1471 compatibilia
651 1389 814 1469 videntur,
846 1394 905 1455 aut
934 1389 1007 1455 iura
1037 1387 1225 1454 collidentia
1254 1386 1389 1453 totidem
1413 1384 1552 1451 diversis
1573 1383 1653 1448 sub·

404 1494 499 1559 iestis
532 1498 730 1579 competunt.
777 1496 815 1561 ln
848 1496 956 1579 priore
986 1494 1161 1581 hypothesi
1192 1493 1362 1560 conflictus
1391 1513 1480 1559 mere
1502 1491 1654 1557 internus

405 1603 457 1667 est
481 1604 515 1666 et
537 1599 625 1666 intra
648 1602 743 1668 unius
767 1602 906 1667 hominis
931 1601 1173 1680 conscientiam,
1202 1622 1267 1666 non
1289 1621 1385 1665 secus
1408 1620 1447 1665 ac
1470 1597 1653 1663 officiorum

404 1726 494 1771 mero
518 1706 698 1772 ethicorum
722 1708 857 1788 collisio,
881 1729 960 1792 prae
984 1708 1047 1773 hao
1068 1713 1180 1774 tomen
1201 1707 1299 1788 longe
1314 1704 1443 1771 facilius
1459 1704 1653 1770 absolvitur.

404 1813 492 1879 Nam
517 1834 589 1877 oum
614 1834 691 1878 usus
714 1814 793 1880 iuris
816 1836 876 1898 per
899 1836 935 1879 se
957 1818 1155 1898 praeceptus
1178 1835 1244 1878 non
1267 1813 1320 1892 sit,
1345 1813 1450 1877 omnis
1474 1810 1656 1877 difficultas

404 1920 566 1985 alterutro
589 1920 659 1985 iure
683 1942 747 1986 non
771 1922 892 1987 utendo
916 1920 1096 1987 evanescit.
1142 1921 1180 1984 In
1204 1920 1310 1985 altera
1334 1924 1443 1985 autem
1464 1917 1654 2002 hypothesi,

405 2016 489 2108 quae
514 2026 714 2091 communior
738 2031 798 2106 est,
823 2048 876 2093 res
899 2026 986 2093 inter
1009 2026 1103 2092 varia
1124 2026 1242 2091 iurium
1258 2025 1406 2092 subiecta
1422 2024 1656 2109 disceptationi

406 2132 548 2198 obnoxia
578 2136 645 2209 est;
678 2138 878 2219 quapropter
907 2154 972 2199 non
998 2136 1068 2198 tarn
1092 2131 1217 2197 collisio
1240 2131 1330 2211 iuris,
1361 2152 1459 2214 quam
1481 2130 1563 2196 iuris
1585 2130 1655 2196 dis·

405 2239 548 2323 ceptatio
574 2240 625 2304 vel
651 2239 852 2306 concertatio
876 2239 975 2322 vulgo
999 2241 1216 2322 nuncupatur.

494 2346 539 2411 Et
561 2366 678 2411 revera
700 2368 765 2411 non
789 2366 901 2412 omues
925 2346 1177 2429 qualescumque
1199 2345 1365 2411 hominum
1388 2344 1429 2411 de
1451 2344 1557 2410 mutui
1572 2343 1655 2408 iuris

405 2450 529 2517 ambitu
550 2451 763 2535 litigationes
788 2474 871 2535 quae
894 2454 926 2519 in
951 2452 1048 2518 dubio
1072 2454 1126 2518 vel
1149 2474 1227 2518 vero
1251 2453 1305 2518 vel
1328 2454 1405 2519 ficto
1421 2451 1509 2517 circa
1524 2450 1577 2515 ius
1591 2450 1654 2516 ali·

406 2556 491 2639 quod
521 2558 721 2641 particulare
747 2560 924 2643 positivum
947 2558 1078 2624 fundari
1103 2559 1220 2639 solent,
1252 2563 1286 2625 et
1316 2558 1432 2641 quibus
1462 2557 1654 2623 dirimendis

405 2664 585 2729 tribunalia
608 2664 717 2730 civilia
740 2663 894 2732 instituta
916 2670 1003 2743 sunt,
1027 2664 1249 2749 philosophice
1272 2664 1314 2731 ad
1338 2684 1451 2729 veram
1471 2667 1507 2728 et
1522 2662 1654 2747 proprie

406 2770 527 2837 dictam
557 2770 675 2836 iurium
705 2771 905 2837 collisionem
935 2772 1085 2837 revocari
1113 2777 1261 2856 possunt.
1308 2770 1415 2847 Quare
1444 2770 1477 2835 in
1507 2770 1560 2835 his
1589 2791 1653 2835 non

404 2880 474 2943 tam
491 2876 714 2961 philosophiae
731 2878 853 2960 regulis
870 2899 966 2961 quam
983 2880 1127 2963 positiva
1139 2878 1364 2961 disquisitione
1376 2878 1654 2963 iurisprudeulioe

406 3003 487 3065 opus
511 2986 571 3049 est.

407 3094 477 3165 596.
569 3098 700 3163 Collisio
723 3099 842 3164 iunium
864 3104 995 3187 proprie
1018 3105 1052 3167 et
1071 3103 1285 3187 philosophice
1308 3100 1396 3166 dicta
1419 3121 1459 3165 ea
1476 3100 1589 3183 potius
1604 3098 1654 3164 in·

407 3202 584 3285 tellegitur,
610 3206 750 3287 quaein
773 3206 979 3289 speculativa
1004 3206 1196 3274 deductione
1220 3211 1254 3272 et
1275 3206 1520 3290 computatione
1535 3204 1653 3270 iurium

405 3313 607 3375 uolrlralium
637 3311 812 3393 aliquando
844 3314 996 3380 occurrit.
1041 3312 1173 3380 Accidit
1202 3313 1299 3393 enim,
1329 3315 1367 3379 ut
1396 3313 1468 3377 iuro
1491 3311 1654 3393 quaedam

406 3436 448 3479 ox
472 3414 612 3481 diversis
636 3416 758 3482 ordinis
781 3417 912 3483 socialis
935 3418 1149 3485 relationibus
1172 3418 1343 3485 manantia
1364 3418 1413 3483 ita
1435 3418 1488 3483 vel
1512 3418 1602 3483 inter
1619 3440 1655 3483 se

406 3522 459 3585 vel
491 3543 563 3587 cum
593 3522 674 3607 iure·
693 3522 835 3607 positivo
858 3544 1007 3608 pugnare
1030 3525 1213 3604 videantur,
1244 3528 1283 3591 ut
1312 3526 1509 3591 alterutrum
1539 3524 1574 3588 in
1605 3524 1655 3589 fa-

407 3648 518 3692 vorem
543 3629 680 3696 alterius
704 3630 801 3697 cedat
824 3652 961 3697 necesse
984 3631 1038 3699 sit.
1083 3631 1121 3695 In
1144 3631 1207 3697 tali
1228 3631 1331 3715 igitur
1353 3652 1431 3697 casu
1454 3651 1520 3696 uon
1546 3630 1656 3695 minus

407 3753 504 3814 quam
534 3734 567 3799 in
598 3736 765 3801 collisione
797 3736 977 3803 officiorum
1007 3736 1231 3821 philosophica
1260 3738 1345 3804 ratio
1370 3737 1569 3803 consulenda
1594 3740 1655 3815 est,

407 3838 498 3905 cuius
522 3840 583 3906 hoe
604 3846 767 3927 penerales
790 3848 918 3931 rapotae
940 3844 1078 3929 proponi
1101 3848 1256 3929 possunt:

500 3950 527 4013 1.
558 3948 689 4014 Collisio
719 3950 836 4016 iurium
867 3951 1051 4035 generatim
1082 3951 1245 4034 loquendo
1276 3972 1341 4017 non
1372 3954 1442 4017 tam
1470 3952 1559 4017 iuter
1582 3953 1655 4036 ipsa

406 4054 479 4119 iura
498 4077 558 4140 per
581 4078 613 4121 se
636 4066 784 4142 speciale,
809 4078 906 4139 quam
930 4057 1017 4123 inter
1041 4077 1154 4123 eorum
1176 4056 1409 4123 simultaneum
1430 4078 1527 4123 usum
1550 4061 1587 4123 et
1601 4081 1655 4123 or·

406 4164 523 4225 luulem
547 4160 727 4228 efficaciam
751 4166 913 4229 versetur.
946 4164 1054 4241 Quare
1077 4164 1119 4230 ad
1142 4164 1328 4229 conflictum
1353 4164 1546 4229 solvendum
1558 4169 1656 4231 recta

407 4267 493 4333 ratio
524 4268 714 4352 plerumque
744 4290 807 4334 non
836 4270 950 4353 exigit,
983 4273 1020 4336 ut
1042 4272 1093 4339 ius
1115 4270 1262 4350 inferius,
1294 4270 1484 4353 ceteroquin
1507 4272 1656 4353 generali

405 4372 504 4439 titulo
528 4375 610 4439 bene
633 4374 817 4455 fundatum,
840 4374 874 4440 in
893 4375 1042 4441 favorem
1057 4376 1282 4460 praevalentis
1297 4376 1492 4460 simpliciter
1504 4374 1656 4454 tollatur,

407 4478 467 4543 sed
496 4482 635 4559 tantum,
668 4484 704 4545 ut
733 4480 803 4547 eius
826 4484 963 4547 actualis
987 4482 1131 4566 efficacia
1156 4481 1312 4563 quamdiu
1334 4504 1395 4567 per
1418 4482 1574 4549 adiuncta
1597 4504 1657 4549 ne·

408 4584 585 4650 cessarium
610 4586 723 4666 fuerit,
752 4590 980 4672 suspendatur.
1026 4586 1117 4652 Nihil
1147 4586 1233 4653 enim
1263 4588 1368 4666 obest,
1402 4588 1574 4671 quominus
1606 4590 1657 4655 ius

408 4712 473 4773 qua
496 4692 628 4757 moralis
651 4696 812 4776 potestate,
843 4716 901 4779 per
930 4716 962 4759 se
988 4694 1150 4760 intactum
1173 4694 1344 4774 subsistat,
1375 4696 1506 4762 etiamsi
1534 4700 1657 4763 odedi
1758 4730 1766 4745 ·

408 4819 469 4862 usu
492 4820 550 4881 per
573 4798 707 4865 altiores
729 4804 899 4884 respectus
921 4801 1052 4867 interim
1076 4801 1286 4870 destituatur.

497 4907 527 4969 2.
558 4904 613 4969 Iua
642 4907 849 4973 inalienabile
879 4928 943 4989 qna
973 4908 1042 4973 tale
1075 4930 1147 4973 curn
1179 4910 1244 4973 alio
1274 4909 1373 4975 simili
1402 4930 1507 4993 aeque
1537 4932 1654 4995 parum

408 5010 585 5094 confligere
614 5014 733 5095 potest,
765 5034 804 5079 ac
834 5014 942 5080 officia
966 5014 1131 5081 naturalia
1154 5016 1314 5099 negativa
1336 5018 1424 5084 inter
1445 5040 1493 5085 se.
1540 5016 1654 5083 Omnis
