3909 5842
481 586 523 641 De
540 586 694 642 subiectivo
712 587 844 658 principio
862 587 979 643 actionis
997 585 1139 645 naturalia.
1158 614 1194 647 -,
1212 586 1252 641 De
1271 590 1377 642 natura.
1537 592 1554 655 7

285 783 391 847 quae
411 786 471 850 per
491 785 526 829 oo
544 766 676 849 proprie
700 764 822 830 dieitm
843 772 975 846 natura,
1006 771 1049 830 eet
1071 765 1253 831 mhetantia
1276 786 1393 844 eorum,
1418 785 1497 849 quae
1520 766 1556 831 in

288 889 342 935 ee
362 872 454 956 ipsiu,
478 878 513 935 at
534 873 608 955 ipae
631 877 716 951 auat,
739 878 843 937 motae
862 872 1062 956 principium
1086 869 1257 937 haheat.“1

397 976 545 1042 Eandem
568 975 766 1043 sententiam
790 976 937 1043 illustrat
960 976 1130 1061 exemplis,
1155 998 1186 1043 v.
1204 998 1235 1059 g.
1253 979 1395 1055 statuae,
1420 997 1503 1059 quae
1519 981 1556 1045 ut

288 1084 383 1147 talis
405 1085 560 1149 naturam
581 1102 647 1147 non
671 1081 781 1159 hahet,
804 1083 863 1147 esd
879 1086 931 1148 est
946 1103 1028 1167 opus
1044 1081 1136 1161 artis,
1160 1082 1261 1149 habet
1277 1085 1387 1147 autem
1403 1086 1555 1149 naturam

290 1191 344 1255 ut
372 1192 426 1255 est
454 1188 579 1271 lignum
608 1189 662 1255 vel
692 1190 787 1274 lapis,
818 1190 895 1271 quia
924 1190 1030 1255 solum
1060 1188 1188 1256 ratione
1211 1189 1307 1255 huius
1337 1192 1372 1255 in
1400 1211 1432 1255 ec
1455 1189 1556 1263 hahet

288 1293 500 1377 principium
524 1298 634 1361 motus
656 1316 715 1361 seu
737 1294 930 1361 mutationis
954 1294 1062 1377 (einen
1086 1292 1338 1363 substantiellen
1362 1294 1475 1361 Grund
1497 1296 1556 1361 der

293 1398 507 1483 Bewegumg,
539 1399 570 1467 d.
593 1400 616 1469 i.
638 1398 902 1483 Veranderung).
949 1398 1109 1479 Quoniam
1132 1402 1243 1467 autern
1267 1399 1424 1465 eiusmodi
1446 1405 1556 1468 motus

289 1504 338 1569 in
362 1525 474 1569 rerum
496 1504 685 1571 substantia
706 1504 864 1572 fundatus
887 1526 951 1570 non
974 1509 1086 1589 potest
1109 1526 1182 1571 esse
1205 1504 1376 1585 fortuitus,
1407 1506 1466 1572 sed
1495 1507 1555 1573 sub

291 1610 429 1677 lumine
445 1610 620 1677 creationis
635 1612 821 1677 necessario
837 1611 901 1677 diei
917 1611 1015 1679 dehet
1030 1612 1147 1691 finalis,
1170 1633 1313 1697 congrue
1329 1614 1555 1697 supputandus

293 1716 486 1783 universali
515 1718 605 1785 finali
634 1717 756 1796 ordini,
787 1718 861 1785 idea
884 1718 1088 1785 aristotelica
1116 1739 1176 1802 per
1205 1716 1443 1805 philosophiam
1471 1718 1555 1785 chri-

294 1822 450 1888 stianam
473 1823 508 1887 in
530 1824 615 1889 hano
637 1824 756 1891 merito
779 1832 919 1891 acturae
942 1824 1154 1909 definitionem
1180 1824 1378 1908 completur:

441 1939 643 2024 Principium
663 1948 765 2006 motae
788 1941 1000 2007 substantiale
1015 1941 1110 2007 redae
1126 1944 1241 2007 creatio
1258 1944 1400 2024 insitum,
1426 1964 1485 2027 quo
1510 1942 1554 2007 ud

395 2046 492 2128 finem
513 2047 579 2111 eibi
598 2050 767 2133 proprium
791 2049 937 2133 einpulae
961 2050 1149 2133 diripaotur
1172 2070 1210 2113 ac
1232 2051 1449 2116 sollicitentur.

395 2158 650 2244 Explicatio.
696 2161 826 2229 Dicitur
856 2162 1068 2248 ,principium
1096 2161 1230 2247 motue“,
1261 2162 1281 2231 i.
1306 2184 1333 2229 e.
1359 2162 1498 2230 actionis
1521 2162 1555 2229 in

297 2286 406 2331 sensu
428 2266 605 2345 latissim03
638 2269 899 2353 ,subdenticte“,
927 2270 949 2337 i.
973 2291 1001 2337 e.
1027 2292 1100 2335 oum
1129 2269 1202 2353 ipsa
1231 2290 1339 2335 rerum
1369 2268 1555 2335 substantia

296 2370 494 2440 identicum.
529 2372 646 2457 Itaque
662 2374 794 2453 entitas,
819 2376 1016 2455 substantia,
1039 2379 1160 2442 natura
1183 2396 1291 2441 rerum
1312 2359 1398 2444 idem
1420 2374 1555 2441 realiter

298 2478 484 2557 denotant3
519 2480 674 2548 differunt
708 2485 820 2548 autem
850 2482 1049 2561 formaliter,
1084 2485 1245 2565 quatenus
1278 2485 1393 2548 entitas
1425 2480 1554 2564 quidem

298 2584 413 2667 ipsum
436 2606 510 2652 esee
532 2608 641 2653 rerum
664 2588 827 2671 significat
850 2589 1075 2655 indifferenter
1097 2588 1139 2654 ad
1160 2609 1394 2673 quemcumque
1410 2587 1478 2653 eius
1501 2608 1554 2653 re·

298 2696 465 2775 spectum,
481 2696 662 2759 substantio
678 2706 756 2760 vero
773 2716 846 2760 cum
861 2698 1014 2780 respectu
1031 2696 1072 2761 ad
1088 2694 1248 2775 accidens,
1268 2704 1389 2763 acturo
1405 2694 1553 2777 denique,

299 2800 469 2879 quatenus
491 2798 577 2864 idem
601 2821 675 2865 esse
698 2822 807 2867 rerum
830 2803 882 2866 est
904 2800 1097 2886 principium
1122 2806 1231 2869 motus
1254 2801 1361 2867 finalis
1384 2800 1463 2887 ipsis
1478 2822 1554 2885 pro-

300 2902 379 2987 prii.
396 2943 441 2952 -
460 2904 547 2982 ,Quo
570 2906 613 2971 ad
636 2908 734 2972 finem
752 2905 813 2972 sihi
828 2905 1028 2993 proprium‘,
1052 2906 1073 2973 i.
1090 2928 1118 2973 e.
1135 2908 1309 2986 internum,
1334 2908 1430 2972 finem
1447 2906 1554 2991 operis

299 3030 326 3075 a
360 3014 509 3077 creatore
541 3014 724 3095 praefixum
753 3048 798 3057 —
828 3013 997 3096 ,singulae
1029 3012 1213 3096 dirigantur
1245 3035 1284 3079 ac
1316 3012 1552 3097 sollicitentur“,

299 3114 324 3181 i.
360 3135 388 3181 e.
418 3138 482 3182 nou
513 3138 606 3184 mera
635 3118 863 3203 qualicumque
893 3119 1077 3205 aptitudine
1106 3142 1165 3205 per
1194 3142 1230 3186 se
1259 3120 1458 3187 indifferenti
1488 3120 1553 3185 dis·

299 3226 481 3307 ponantur,
511 3225 570 3289 sed
593 3246 666 3289 cum
690 3225 801 3309 aliqua
824 3226 1020 3292 causalitate
1044 3230 1153 3292 motus
1176 3230 1210 3293 et
1232 3226 1443 3293 inclinatione
1466 3224 1553 3309 posi·

298 3328 378 3393 tiva
399 3330 490 3395 finali
513 3331 554 3396 ab
578 3333 651 3415 ipsa
673 3333 859 3399 substantia
881 3332 1109 3417 proficiscente
1133 3333 1346 3416 dirigantur2.

396 3435 546 3503 Ceterum
581 3436 739 3505 eiusmodi
773 3438 966 3524 principium
1002 3443 1110 3505 motus
1144 3441 1213 3503 tum
1249 3438 1447 3505 Aristoteles
1481 3442 1553 3504 tum

299 3540 493 3609 scholastici
520 3544 553 3608 in
577 3544 674 3610 rebus
697 3549 869 3611 assumunt
891 3546 945 3610 vel
968 3548 1103 3611 activum
1128 3546 1182 3610 vel
1202 3548 1376 3631 poeticum,
1400 3544 1421 3611 i.
1446 3565 1474 3609 e.
1499 3544 1551 3611 vel
1651 3576 1653 3582 ⁴

300 3646 499 3732 principium
522 3650 674 3717 movendi
697 3652 750 3717 vel
773 3657 882 3719 motus
905 3651 1064 3718 subeundi
1083 3672 1122 3717 ac
1138 3650 1324 3735 reeipiendi.
1361 3650 1398 3715 ln
1414 3655 1552 3733 utroque

300 3772 385 3817 casu
414 3759 523 3821 motus
553 3777 656 3823 aeuo
679 3756 838 3841 principio
861 3756 969 3833 hahet,
1001 3761 1039 3824 ut
1068 3756 1113 3823 eit
1139 3756 1188 3823 rei
1211 3756 1372 3822 naturalis
1381 3758 1402 3823 Β.
1450 3756 1552 3823 Porro

299 3860 412 3943 ipsum
441 3862 635 3947 principium
665 3864 820 3942 activum,
852 3864 954 3943 aiunt,
985 3864 1038 3930 vel
1068 3862 1226 3930 eiusmodi
1256 3868 1317 3941 est,
1349 3884 1412 3946 quo
1440 3884 1493 3928 res
1520 3886 1553 3929 so

307 4019 368 4026 —..

397 4113 405 4144 ¹
424 4112 580 4183 Metaphya.
598 4112 617 4168 l.
636 4115 667 4180 4,
687 4133 709 4169 a
728 4115 760 4178 4,
786 4115 828 4168 ed.
847 4116 953 4168 Becker
972 4113 1056 4177 1015,
1076 4130 1106 4179 a,
1127 4114 1175 4168 15:
1199 4111 1225 4166 'H
1242 4114 1333 4184 πρώτη
1352 4114 1431 4181 φύσις
1447 4114 1490 4165 καὶ
1508 4132 1551 4166 κυ-

298 4202 372 4268 ρίως
388 4201 517 4271 λεγομένη
543 4203 611 4255 ἐστὶν
635 4204 652 4273 ἡ
672 4204 750 4255 οὐσία
774 4204 862 4273 ἡτῶν
887 4202 1002 4273 ἐχόντων
1027 4202 1113 4272 ἀρχὴν
1130 4202 1256 4271 κινήσεως
1281 4204 1308 4254 ἐν
1327 4202 1418 4261 αὐτοῖς
1436 4196 1454 4275 ᾖ
1474 4202 1551 4255 αὐτά.

303 4288 345 4343 De
371 4292 503 4359 conceptu
528 4297 644 4343 naturae
668 4289 731 4344 vide
756 4290 839 4345 etiam
864 4292 1011 4358 Kleutpen,
1038 4288 1211 4359 Philosophia
1237 4289 1285 4342 der
1306 4287 1433 4342 Vorzeit²
1454 4288 1549 4357 (1878)

304 4376 367 4441 152,
386 4394 412 4430 n.
433 4378 476 4432 94.

396 4466 407 4499 ²
427 4464 493 4531 ,Est
510 4464 562 4520 hoo
580 4483 721 4520 commune
739 4468 812 4521 omni
824 4470 946 4531 naturae,
964 4470 997 4521 ut
1008 4465 1108 4519 haheat
1120 4464 1240 4534 aliquam
1252 4462 1462 4527 inclinationem,
1482 4480 1551 4531 quae

301 4557 348 4609 eet
365 4553 504 4624 appetitus
522 4554 680 4609 naturalia‘
702 4557 730 4609 S.
753 4556 854 4625 iham,
873 4554 900 4609 S.
919 4554 1002 4609 theol.
1023 4556 1046 4618 1,
1066 4571 1092 4623 q.
1113 4554 1155 4615 60,
1174 4570 1199 4607 a.
1221 4554 1243 4607 l.

395 4642 407 4675 ⁸
424 4642 463 4696 lb.
478 4643 501 4707 1,
520 4642 545 4707 2,
564 4661 590 4712 q.
603 4644 628 4709 6,
647 4646 701 4697 ad
720 4644 755 4697 ad
768 4644 800 4697 2:
822 4643 943 4710 ,Dicitur
960 4642 1064 4712 ahquid
1082 4642 1206 4696 naturale
1220 4640 1378 4711 dupliciter:
1398 4658 1451 4694 uno
1463 4641 1550 4707 modo,

302 4731 369 4800 quia
394 4732 439 4784 eet
456 4746 473 4784 a
491 4735 589 4784 natura
613 4730 685 4784 sicut
709 4748 727 4784 a
745 4731 876 4801 principio
894 4731 1000 4793 activo,
1027 4730 1079 4784 alio
1098 4730 1191 4795 modo,
1216 4728 1363 4784 secundum
1389 4728 1550 4799 principium

301 4819 460 4889 passivum,
486 4819 551 4889 quia
572 4818 679 4873 scilieet
696 4823 740 4874 est
758 4820 852 4873 innata
877 4819 1018 4873 inclinatio
1038 4820 1072 4873 ad
1090 4818 1272 4889 recipiendum
1292 4818 1425 4873 actionem
1445 4834 1461 4871 a
1479 4817 1550 4887 priu-

302 4906 375 4978 cipio
393 4907 572 4961 extrinseco.“
