3909 5842
466 659 508 722 64
686 654 775 709 Sectio
794 656 815 709 l.
852 654 933 709 Liber
950 655 972 709 Ι.
1011 655 1100 726 Caput
1117 655 1166 709 Ill.
1204 656 1343 711 Articulns
1363 658 1386 711 1.
1424 657 1485 725 51.

932 839 1178 909 Articulua
1203 841 1235 908 1.

506 968 557 1032 De
577 969 735 1033 uoluntate
756 968 908 1051 influente
930 969 966 1032 iu
990 975 1094 1032 ectum
1117 989 1172 1033 seu
1197 970 1236 1033 de
1258 970 1436 1034 uoluntario
1457 970 1653 1054 penuariae

651 1132 669 1215 ἕ
695 1136 723 1201 1.
771 1132 875 1211 Quid
899 1136 940 1201 et
963 1134 1199 1218 quotuplex
1221 1134 1520 1201 voluntarium.

462 1272 511 1343 82.
601 1277 824 1340 Voluuturium
852 1274 887 1339 iu
916 1295 1016 1339 sensu
1045 1276 1200 1340 tutissimo
1227 1273 1349 1355 aliquid
1372 1273 1493 1340 dicitur
1515 1275 1572 1339 vel
1595 1294 1632 1337 ex
1652 1295 1689 1344 eo..

463 1382 548 1463 quod
572 1381 726 1447 voluutas
749 1384 784 1445 iu
807 1380 892 1445 illud
911 1380 1021 1464 fertur
1043 1380 1096 1445 vel
1120 1380 1205 1462 qnod
1224 1383 1371 1465 procedit
1394 1402 1415 1445 ο
1437 1382 1606 1463 uoluntate,
1634 1379 1690 1447 ie

464 1488 574 1569 aliquo
597 1486 694 1551 modo
717 1506 738 1550 a
761 1486 933 1551 voluntate
956 1489 1122 1555 causatur.
1158 1487 1307 1553 Pressius
1331 1491 1440 1554 autem
1464 1491 1604 1571 occepta
1624 1486 1693 1551 ratio

462 1592 640 1659 voluntarii
662 1592 798 1658 attribui
821 1592 907 1657 solet
927 1596 1057 1657 tautum
1083 1592 1204 1659 actioni
1227 1594 1281 1658 vel
1304 1593 1403 1671 facto,
1435 1598 1600 1676 quatenus
1627 1592 1692 1657 liaeo

463 1699 627 1765 causalem
650 1698 808 1764 influxum
833 1719 854 1763 a
875 1698 1050 1765 voluntate
1072 1700 1282 1783 participant.
1314 1700 1359 1766 ut
1381 1700 1428 1765 sic
1451 1698 1694 1766 voluntariuma

462 1809 553 1873 colito
577 1806 791 1887 distinguunt,
816 1805 935 1890 quippe
958 1804 1044 1887 quod
1068 1806 1201 1872 desolo
1225 1806 1352 1873 obiecto
1368 1808 1574 1873 intentiouati
1596 1804 1694 1869 uoluu-

462 1912 543 1979 tatis
574 1932 638 1993 qua
666 1910 728 1978 tali
759 1911 978 1995 praedicatur,
1010 1932 1067 1977 seu
1097 1912 1138 1977 de
1168 1933 1217 1991 eo,
1248 1912 1282 1977 in
1305 1912 1391 1995 quod
1414 1913 1572 1979 voluutas
1595 1912 1694 1983 temo.

462 2017 597 2084 temetsi
619 2017 706 2083 idem
729 2018 770 2082 ab
795 2039 835 2083 ea
858 2017 1009 2084 effective
1033 2039 1097 2082 uon
1121 2016 1287 2102 procedat.

552 2124 630 2190 Cum
655 2128 785 2190 constet
808 2124 1012 2190 voluntatem
1037 2144 1109 2189 esso
1132 2124 1299 2207 proprium
1323 2128 1357 2189 et
1376 2125 1528 2191 naturale
1544 2124 1694 2191 actionum

462 2231 677 2296 humanarum
699 2229 903 2315 principium,
928 2232 1046 2313 sponte
1069 2230 1278 2313 consequitur
1300 2231 1423 2296 nullam
1446 2230 1612 2296 actionem
1631 2248 1695 2292 vere

462 2338 637 2403 humanam
660 2336 724 2402 dici
746 2357 852 2419 posse,
877 2356 962 2419 quae
986 2357 1051 2401 uon
1071 2336 1115 2402 sit
1130 2340 1323 2421 uoluntaria,
1347 2337 1367 2403 i.
1385 2358 1413 2404 e.
1431 2357 1515 2420 quae
1531 2357 1598 2401 uon
1614 2355 1634 2400 a
1649 2354 1694 2399 vo·

462 2444 590 2510 luntate
613 2444 780 2527 procedat.
829 2444 874 2508 At
897 2444 1049 2510 voluutas
1072 2442 1106 2507 in
1129 2442 1259 2508 homine
1282 2464 1346 2509 non
1370 2443 1506 2527 quilibet
1529 2440 1694 2527 appetitu,

462 2550 519 2615 sed
543 2549 708 2633 appetitus
732 2552 901 2615 rotiouctia
924 2552 976 2614 est
999 2570 1056 2613 sou
1080 2546 1250 2616 tendentia
1272 2549 1306 2614 in
1322 2550 1440 2615 bonum
1456 2548 1696 2614 intellectualiter

461 2658 616 2743 repetitum
647 2654 734 2738 (43);
765 2655 851 2720 uude
880 2655 922 2720 ad
952 2656 1062 2720 aetum
1092 2655 1313 2721 voluntarium
1344 2677 1386 2721 ex
1413 2659 1510 2741 parts
1533 2656 1694 2721 intellectus

463 2762 720 2844 praerequiritur
742 2762 951 2847 apprehensio
974 2762 1155 2829 rationulis.
1196 2761 1377 2845 Propterea
1400 2783 1420 2827 a
1443 2761 1558 2827 schola
1582 2757 1695 2825 deliniri

462 2869 548 2936 solet
571 2872 652 2934 ectio
674 2871 875 2934 uoluntaria:

598 2994 709 3075 „Actio
732 2994 772 3057 ab
796 2994 921 3057 iuteruo
937 2994 1101 3078 principio
1113 2992 1286 3077 procedens
1302 3014 1372 3057 cum
1388 2994 1564 3077 eope-itione
1580 2988 1695 3075 finisse

551 3117 603 3182 Ad
632 3116 895 3184 constituendum
923 3115 1024 3199 igitur
1055 3120 1162 3181 ectum
1195 3114 1415 3181 voluntarium
1442 3116 1525 3181 haec
1548 3115 1629 3181 duo:
1657 3135 1695 3177 co

460 3227 559 3311 puitio
581 3225 753 3289 intellectus
776 3226 811 3287 et
833 3225 881 3287 eis
905 3226 1077 3309 appetitiva
1100 3243 1158 3287 seu
1175 3220 1347 3288 tendentia
1362 3222 1544 3289 voluntatis
1560 3222 1596 3287 in
1610 3222 1696 3287 finem

461 3329 625 3414 cognitum
655 3329 703 3396 ita
733 3329 954 3394 essentialiter
984 3330 1191 3405 concurrunt,
1222 3332 1259 3393 ut
1289 3328 1449 3393 alterutro
1478 3326 1696 3395 deficientem

460 3440 537 3505 actu
559 3435 815 3501 involuntarium
838 3436 1003 3519 gignatur.

460 3573 508 3645 83.
599 3577 821 3662 Distiupuitur
842 3578 1059 3641 uoluntarium

552 3686 579 3746 1.
604 3684 787 3747 Secundum
811 3682 937 3747 modum
961 3683 1132 3765 diversum,
1157 3704 1216 3769 quo
1240 3704 1261 3746 u
1284 3684 1441 3748 ootuutute
1462 3684 1625 3766 procedit:
1747 3764 1748 3769 ἵ

549 3785 582 3869 ο)
605 3788 756 3853 Ettritum
779 3793 814 3854 et
836 3792 1036 3873 imperatum.
1074 3787 1228 3853 Elicitum
1252 3786 1380 3867 dicitur,
1405 3788 1490 3869 quod
1513 3786 1695 3871 procedite

459 3892 631 3958 voluntate
658 3898 827 3975 tamquam
859 3915 958 3959 ccuau
990 3895 1142 3979 eliciente
1168 3896 1305 3979 propriu
1329 3902 1358 3959 et
1380 3895 1577 3961 immediate.
1624 3891 1694 3958 Tale

458 3999 611 4065 convenit
633 4000 769 4078 actibus,
795 4000 850 4082 qui
867 4000 916 4065 ita
931 4021 952 4065 a
967 4000 1140 4065 voluntate
1156 4000 1351 4077 efficiuntur,
1376 4002 1412 4064 ut
1427 3999 1524 4063 simul
1539 3999 1573 4064 in
1590 3998 1693 4065 sedem

459 4105 659 4189 recipientur
690 4110 724 4172 et
756 4110 1030 4172 consummentur.
1078 4106 1121 4171 Hi
1152 4127 1264 4171 omnes
1294 4126 1373 4171 vero
1404 4110 1462 4172 aut
1492 4105 1534 4170 ad
1565 4126 1691 4171 cruorem

549 4280 617 4333 ι(11.
638 4281 666 4334 S.
690 4282 780 4334 Tuom.
802 4281 825 4342 1,
843 4281 868 4345 2,
889 4298 914 4349 q.
934 4280 1036 4343 6—17;
1066 4280 1094 4343 1,
1114 4297 1139 4348 q.
1159 4280 1202 4335 82.
1241 4280 1359 4347 Sucree,
1385 4278 1425 4333 Do
1444 4279 1599 4334 voluntario
1618 4282 1644 4334 et
1660 4280 1691 4331 iu·
1747 4284 1748 4291 ’

457 4365 610 4421 voluntario
630 4368 697 4437 disp.
720 4369 742 4431 l,
761 4372 828 4421 sect.
849 4370 926 4421 1-4.

546 4456 617 4510 ι(11.
638 4460 666 4511 S.
689 4458 780 4510 item.
802 4458 829 4520 1,
853 4457 885 4519 2,
904 4475 931 4525 q.
950 4457 982 4520 6,
1002 4472 1026 4511 a.
1047 4458 1076 4510 1:
1105 4456 1157 4521 „tt
1174 4456 1235 4509 ideo
1254 4474 1314 4510 cum
1334 4458 1479 4525 utrumque
1498 4457 1537 4511 sit
1554 4457 1589 4511 sb
1607 4455 1689 4510 intrin-

456 4562 519 4598 seco
538 4544 678 4615 principio,
697 4545 804 4599 scilicet
822 4544 893 4614 quod
911 4546 999 4613 mut
1017 4546 1044 4597 et
1063 4546 1134 4612 quod
1152 4547 1264 4615 propter
1282 4544 1363 4599 finem
1382 4549 1476 4612 agunt,
1498 4544 1593 4599 horum
1612 4548 1691 4598 motus

458 4638 485 4685 et
510 4635 589 4686 actus
614 4632 740 4687 dicuntur
765 4632 936 4687 voluntarii.‘
965 4662 999 4670 —
1025 4632 1154 4687 Similiter
1173 4630 1335 4687 Aristoteles
1361 4632 1550 4701 disquisitione
1575 4633 1689 4687 institute
1747 4652 1748 4683 t

458 4718 558 4785 (uthis.
578 4720 680 4774 Nicom.
701 4721 731 4787 3,
751 4722 768 4776 6
787 4722 801 4775 7
822 4721 888 4775 illud
909 4738 1007 4789 ‚agere
1025 4724 1135 4791 propter
1159 4720 1256 4775 finem*
1285 4720 1325 4774 uti
1344 4720 1531 4775 distinctivum
1550 4718 1688 4775 voluntatis

456 4808 589 4875 agnoscit.
621 4804 707 4869 Ὀντος
730 4812 763 4879 δὴ
782 4810 916 4879 βουλητοῡ
932 4812 982 4874 μὲν
1001 4807 1049 4862 τοῦ
1068 4810 1167 4874 τέλους,
1185 4809 1336 4875 βουλευτῶν
1355 4810 1385 4862 δὲ
1403 4809 1446 4861 καὶ
1464 4815 1629 4879 προαφετῶν
1646 4813 1688 4859 τῶν

458 4898 524 4964 πρὸς
548 4899 578 4949 τὸ
603 4898 692 4961 τέλος,
719 4900 746 4950 αἱ
774 4900 833 4967 περὶ
860 4896 946 4951 ταῦτα
972 4898 1082 4967 πράξεις
1108 4898 1176 4951 κατὰ
1204 4900 1356 4967 προαίρεσιν
1384 4896 1415 4950 ἂν
1437 4898 1488 4951 εἷεν
1512 4899 1556 4951 καὶ
1578 4898 1686 4953 ἑκούσιοι.

456 4984 498 5039 ed.
516 4988 621 5039 Belclcer
641 4988 717 5050 1113,
737 4988 763 5049 b,
781 4986 820 5055 3).
