3909 5842
434 653 499 718 376
707 646 796 702 Sentio
815 647 848 701 II.
886 645 966 701 Liber
985 646 1019 700 11.
1056 645 1146 716 Caput
1164 645 1184 699 1.
1223 643 1364 698 articulus
1383 643 1410 697 3.

433 855 635 918 consequens
658 838 693 900 et
715 832 790 898 hinc
814 833 992 898 secundum
1015 834 1141 898 rectam
1165 831 1325 898 rationem
1341 852 1363 896 a
1378 829 1493 914 priori
1514 830 1711 896 necessaris

434 963 507 1010 esse
531 941 750 1024 cognoscitur.
797 940 850 1006 Ex
880 939 976 1006 dictis
1004 959 1084 1004 vero
1107 943 1202 1024 patet
1224 939 1258 1003 in
1281 938 1353 1023 ipso
1376 940 1479 1003 recto
1505 937 1639 1002 sociali
1662 959 1711 1001 or·
1755 922 1762 937 ¹

434 1049 508 1114 dine
532 1046 689 1112 divinitus
712 1045 839 1112 intento
864 1049 898 1110 et
920 1043 1073 1110 instituto
1098 1043 1295 1110 obiectivam
1319 1041 1493 1108 rationem
1529 1041 1711 1108 contiuen.

435 1154 476 1220 ob
506 1174 603 1236 quam
633 1151 713 1216 iuris
741 1171 868 1234 quoque
891 1149 1056 1217 institutio
1086 1149 1243 1215 divinitus
1272 1148 1403 1213 intenta
1425 1151 1468 1212 et
1493 1148 1618 1214 volita
1642 1169 1712 1213 eaee

435 1265 526 1327 certo
550 1262 776 1340 cognoscatur.

434 1405 505 1478 446.
597 1406 653 1472 III.
679 1405 764 1472 Hinc
786 1426 885 1490 porro
909 1407 1120 1489 consequitur
1142 1405 1176 1470 in
1198 1405 1311 1471 eodem
1332 1408 1425 1469 recto
1443 1404 1580 1470 sociali
1596 1405 1710 1470 ordine

436 1513 592 1580 divinitus
624 1513 790 1596 postulato
824 1515 1005 1578 abiectivam
1033 1514 1225 1578 rationalem
1253 1532 1439 1576 mensura-m
1474 1510 1598 1576 omnis
1632 1510 1708 1574 iura

436 1619 613 1696 contineri3
637 1624 675 1686 ut
698 1620 778 1685 adeo
805 1619 960 1702 quidquid
983 1619 1037 1684 vel
1062 1639 1133 1684 cum
1156 1617 1213 1683 illo
1237 1615 1351 1683 ordine
1366 1616 1562 1683 manifeste
1580 1622 1706 1701 pugnat

436 1729 491 1793 vel
506 1727 594 1793 omni
614 1725 704 1792 finali
727 1725 887 1792 relatione
911 1725 952 1791 ad
975 1724 1068 1790 iilum
1085 1728 1187 1802 caret,
1212 1724 1387 1789 secuudum
1412 1727 1538 1789 rectae
1563 1721 1706 1788 rationis

437 1833 700 1900 aestimationem
723 1831 883 1898 obiective
906 1851 1022 1896 verum
1045 1830 1096 1896 ius
1119 1850 1279 1896 essenon
1302 1828 1417 1913 possit.
1468 1827 1592 1894 Omne
1622 1829 1702 1892 enim

436 1941 496 2016 ius,
529 1943 566 2005 ut
596 1959 675 2004 vere
704 1938 773 2006 tale
803 1937 855 2015 sit,
886 1937 1053 2022 proprium
1084 1939 1243 2003 rationale
1270 1936 1528 2018 fundamentum
1558 1937 1704 1999 anivers·

437 2049 521 2112 iaris
545 2046 654 2127 aliquo
677 2043 774 2110 modo
797 2043 973 2128 participet
996 2063 1131 2108 neeesse
1154 2047 1216 2109 est.

437 2191 505 2262 447.
596 2193 653 2260 IV.
678 2193 740 2259 Est
764 2191 903 2274 denique
926 2191 1076 2258 doctrina
1098 2190 1132 2256 iu
1150 2190 1236 2256 thesi
1259 2187 1493 2275 praestabilita
1516 2209 1566 2254 ea
1590 2191 1701 2254 fecum

438 2299 552 2378 ditate,
578 2303 615 2365 ut
629 2299 736 2365 instar
751 2295 875 2365 criterii
891 2296 1008 2362 merito
1024 2296 1137 2363 haberi
1152 2296 1266 2380 possit,
1291 2316 1354 2378 quo
1370 2293 1577 2374 christiana,
1604 2295 1702 2359 immo

438 2426 520 2472 sana
533 2425 756 2488 quaecumque
771 2403 850 2469 iuris
866 2403 1026 2488 principia
1041 2404 1082 2470 ab
1099 2402 1248 2469 adversis
1264 2401 1434 2467 verissime
1446 2400 1700 2467 discernantur.

439 2512 485 2577 Et
506 2532 585 2576 vero
609 2511 666 2576 illa
689 2510 901 2595 praelucente
924 2509 1156 2593 praeiudicium
1172 2508 1330 2575 falsitatis
1346 2530 1366 2572 a
1382 2506 1573 2574 nativitate
1590 2529 1700 2574 secum

439 2617 527 2683 ferre
557 2617 695 2682 dicenda
724 2620 802 2682 suut
831 2637 871 2682 ea
894 2615 1004 2682 omnia
1026 2615 1250 2700 philosophiae
1273 2613 1352 2678 iuris
1375 2617 1586 2696 systemata,
1620 2635 1702 2697 quae

440 2727 487 2789 val
509 2723 634 2788 nullum
657 2722 755 2806 plane
777 2721 939 2788 rationale
961 2721 1211 2787 fundamentum
1233 2720 1314 2786 iuris
1332 2718 1518 2802 requirunt,
1544 2720 1701 2803 atqueiu

441 2829 511 2894 solo
534 2828 696 2894 humanae
719 2828 896 2912 potestatis
919 2827 1057 2895 arbitrio
1080 2828 1300 2910 adaequatum
1324 2825 1394 2891 eius
1423 2824 1559 2891 fontem
1598 2847 1702 2909 agua·

440 2938 545 3014 scunt,
570 2937 616 3000 ael
638 2933 672 3000 in
695 2935 765 3000 iure
789 2934 1009 3019 philosophice
1033 2933 1251 3000 construendo
1274 2934 1399 2999 anuda
1412 2931 1622 2999 individuali
1646 2933 1701 2998 hc·

441 3040 537 3107 minis
568 3042 709 3107 libertate
737 3043 905 3124 tamquam
929 3041 1061 3125 proprio
1084 3040 1164 3106 iuris
1187 3039 1399 3105 fundamento
1426 3039 1701 3123 proficiscuntur.

441 3151 487 3214 uei
510 3145 649 3230 denique
672 3147 704 3212 in
730 3167 829 3214 caeca
852 3147 963 3230 aliqua
986 3146 1207 3230 pantheistica
1221 3145 1430 3223 necessitate,
1453 3165 1525 3228 qua
1542 3145 1701 3213 absoluta

441 3253 526 3320 ratio
549 3254 583 3319 in
607 3254 726 3319 mundo
751 3253 843 3336 quasi
866 3251 1039 3318 dialectice
1062 3273 1098 3317 se
1121 3252 1266 3330 evolvat,
1296 3254 1402 3317 totum
1432 3250 1516 3315 iuris
1547 3252 1699 3318 ordinem

441 3357 571 3424 fundari
595 3359 720 3426 volunt.

914 3487 1156 3555 Articulus
1180 3486 1212 3555 3.

668 3637 796 3704 Natura
820 3641 902 3705 iuria
926 3661 946 3704 a
970 3641 1039 3704 suis
1062 3641 1220 3705 clementie
1243 3640 1461 3721 c'aaastipatar¹

443 3787 513 3859 448.
604 3787 706 3854 ideali
728 3787 808 3853 iuris
832 3787 887 3853 fini
910 3809 950 3854 ac
973 3787 1185 3854 destinationi
1208 3787 1241 3852 in
1264 3786 1384 3851 mundo
1407 3787 1528 3853 morali
1553 3788 1628 3853 eius
1650 3790 1695 3854 iu-

443 3895 525 3961 tima
548 3899 668 3961 natura
691 3900 852 3978 congruet
875 3915 1010 3961 necesse
1034 3899 1094 3961 est.
1131 3893 1241 3976 Atque
1263 3893 1296 3958 id
1320 3894 1427 3977 ipsum
1450 3915 1533 3959 sane
1550 3916 1614 3979 per
1629 3917 1696 3961 om·

444 4001 501 4069 uia
528 4005 754 4068 confirmatum
785 4001 974 4085 reperimus,
1006 4001 1032 4065 si
1057 4001 1120 4065 ium
1146 3999 1188 4065 ad
1210 4000 1284 4084 ipsa
1305 4000 1386 4065 iuris
1409 3999 1607 4066 essentialia
1631 4003 1694 4068 elr-

444 4113 556 4176 meute
580 4107 673 4191 quasi
697 4109 852 4193 empirice
876 4107 1113 4174 consideranda
1136 4106 1370 4173 descendimus.

533 4225 590 4290 Ias
622 4223 794 4290 collective
827 4228 991 4308 sumptum
1025 4243 1083 4288 seu
1113 4222 1193 4287 ordo
1222 4221 1378 4287 iuridicus
1407 4221 1441 4286 in
1475 4243 1513 4287 se
1546 4225 1692 4290 confluet

444 4331 565 4416 partim
589 4331 697 4415 officia
719 4331 840 4414 partim
863 4334 939 4396 tara
964 4329 1132 4410 (iuridicas
1155 4329 1364 4410 facultates);
1395 4328 1453 4394 illa
1482 4350 1557 4394 cum
1582 4331 1691 4396 ordine

445 4439 558 4505 morali
583 4438 736 4503 universo
761 4436 953 4516 communia,
977 4437 1060 4502 haec
1085 4439 1195 4502 autem
1217 4435 1279 4502 sibi
1294 4434 1428 4519 propria
1442 4433 1554 4503 habet.
1590 4437 1690 4502 Homo

445 4543 564 4627 quippe
586 4543 619 4608 in
643 4542 704 4608 hac
727 4541 818 4609 vitae
842 4542 1011 4625 palaestra
1034 4541 1243 4618 constitutus,
1267 4545 1430 4623 quatenus
1453 4541 1635 4606 universim
1656 4547 1690 4606 ut

445 4671 503 4715 eus
527 4649 651 4714 morale
674 4669 733 4714 seu
756 4649 911 4714 libertate
935 4647 1119 4731 praeditum
1144 4645 1381 4724 consideratur,
1405 4647 1447 4711 ad
1464 4647 1686 4730 complendum

447 4755 602 4820 moralem
635 4753 780 4820 ordinem
812 4753 928 4820 morali
960 4754 1149 4840 oblipationa
1181 4753 1355 4822 inducitur.
1402 4753 1587 4818 Secundum
1620 4775 1684 4819 eam

445 4882 524 4927 vero
548 4865 686 4928 naturae
709 4861 880 4936 rationem,
905 4881 970 4942 qua
993 4861 1077 4926 idem
1101 4881 1166 4925 non
1189 4861 1293 4925 solum
1318 4881 1376 4925 ens
1392 4859 1685 4941 quomodocumque

447 4967 579 5046 morale,
608 4967 664 5032 sed
688 4966 821 5052 insuper
844 4969 958 5034 sociate
984 4975 1011 5033 et
1034 4970 1064 5032 ui
1087 4970 1250 5033 nataralia
1274 4967 1496 5034 destinationis
1519 4967 1681 5032 membrum
