3909 5842
388 688 464 726 xvnr
870 668 1038 739 Conspectus
1055 686 1154 724 rerum.

496 849 513 915 ἓ
532 848 557 902 2.
589 846 629 901 De
648 846 792 901 activitata
809 845 904 901 sociali
922 846 1030 917 propria
1049 846 1123 900 diota
1184 887 1512 899 .....

550 938 583 989 A.
602 935 770 1007 Principium
788 938 868 990 actus
885 935 996 989 socialis
1023 974 1427 988 ......
1506 978 1511 987 .

535 1026 691 1079 Corollaria
701 1064 1513 1080 ...........

549 1123 581 1177 B.
600 1124 675 1177 Finis
694 1125 772 1177 aetus
790 1122 900 1175 socialis
944 1162 1514 1175 ........

535 1214 690 1267 Corollaria
701 1252 1512 1265 ...........

552 1309 581 1364 C.
601 1309 702 1363 Norma
720 1308 893 1363 rectitudinis
911 1308 985 1362 actui
1004 1306 1098 1362 sociali
1117 1307 1282 1362 conveniens
1346 1350 1352 1361 .
1425 1350 1431 1361 .
1507 1350 1513 1361 .

535 1398 691 1452 Corollaria
701 1436 1513 1451 ...........

533 1488 687 1541 Sclaolium:
705 1485 849 1539 Rectituda
868 1484 1021 1538 subiectiva
1040 1488 1118 1539 actus
1136 1485 1272 1539 socialis.
1347 1526 1352 1537 .
1427 1526 1432 1537 .
1507 1524 1514 1538 .

465 1591 653 1646 Atticulae
672 1591 697 1645 3.
734 1590 879 1645 Societatis
897 1590 1008 1660 partitio
1028 1592 1056 1643 et
1073 1589 1151 1643 varia
1168 1588 1273 1644 indoles
1346 1632 1352 1643 .
1425 1632 1431 1644 .
1507 1630 1516 1647 .

688 1740 783 1810 Caput
801 1740 841 1795 11.
878 1738 919 1794 Da
937 1740 1056 1794 natarali
1075 1740 1214 1794 societatis
1233 1740 1345 1809 origine.

464 1846 657 1901 Articulas
677 1847 700 1900 1.
726 1845 767 1899 De
779 1845 909 1913 figmento
922 1844 1062 1913 originarii
1079 1848 1182 1911 „status
1194 1846 1324 1899 naturae*
1339 1863 1392 1899 nan
1405 1844 1516 1899 socialis

534 1938 606 1990 Nola
622 1974 1514 1990 ............

464 2042 658 2096 Atticulae
676 2041 701 2095 2.
737 2039 778 2095 De
795 2041 915 2095 naturali
933 2040 1050 2094 hominis
1069 2040 1222 2095 socialitate
1240 2042 1268 2094 iu
1287 2058 1386 2107 genera
1426 2081 1433 2096 .
1508 2082 1515 2095 .

428 2158 531 2214 Thasia
548 2157 696 2213 xxxlx.
727 2156 770 2210 Ad
788 2155 927 2210 socialiter
945 2156 1092 2209 vivendum
1112 2156 1192 2210 homo
1204 2156 1233 2209 vi
1252 2159 1366 2211 naturae
1379 2156 1517 2211 inducitur

538 2248 693 2300 Corollaria
704 2285 1514 2299 ...........

464 2361 657 2415 Articulus
676 2362 700 2414 3.
738 2360 778 2413 Da
796 2359 959 2414 naturaliter
976 2359 1104 2413 instituta
1121 2360 1253 2413 societate
1271 2360 1434 2414 domestica.
1508 2401 1515 2415 .

427 2468 530 2524 Tussis
548 2468 613 2522 XL.
650 2466 778 2529 Familia,
804 2483 856 2519 uon
875 2465 964 2519 selam
983 2465 1170 2531 elementaris,
1189 2482 1260 2534 quaa
1278 2464 1371 2519 stabili
1390 2464 1516 2533 coniugio

500 2556 633 2619 consistit,
659 2572 720 2610 cum
738 2554 894 2608 immediato
913 2570 962 2608 suc
982 2555 1155 2618 incrementa,
1181 2572 1233 2623 quo
1253 2572 1302 2625 per
1319 2572 1350 2608 sa
1368 2555 1401 2609 ad
1421 2572 1515 2624 paren·

499 2644 582 2698 talem
601 2644 759 2697 societatem
778 2643 923 2709 dilatetur,
948 2642 1098 2697 sedetiam
1124 2648 1258 2712 quatenus
1284 2660 1333 2713 per
1357 2642 1516 2696 relationem

499 2732 613 2786 herilem
631 2734 658 2786 ia
677 2733 782 2786 ratione
800 2733 925 2799 integrae
943 2732 1039 2787 domas
1058 2750 1106 2786 seu
1125 2732 1265 2785 sacietatis
1284 2732 1449 2785 domesticae
1467 2750 1515 2785 ex·

500 2822 636 2876 trinsecus
655 2820 813 2892 completur,
832 2822 966 2875 institutio
986 2838 1051 2875 vare
1069 2820 1203 2875 naturalis
1222 2820 1335 2875 dicenda
1354 2826 1397 2875 est
1425 2862 1431 2874 .
1506 2862 1512 2873 .

538 2912 691 2965 Corollaria
706 2950 1514 2965 ...........

468 3026 659 3080 Articulus
678 3028 703 3081 4.
741 3025 781 3080 Da
799 3026 931 3079 societate
950 3025 1024 3079 civili
1044 3026 1071 3078 in
1090 3028 1188 3079 natura
1206 3026 1333 3080 similiter
1350 3024 1464 3079 lundata
1508 3066 1514 3078 .

501 3116 518 3183 ξ
539 3119 562 3169 l.
593 3114 774 3169 Elementaris
792 3115 866 3169 notio
884 3116 1025 3169 societatis
1044 3114 1132 3168 civilis
1188 3155 1513 3169 .....

501 3204 562 3273 52.
594 3204 739 3259 Societatia
758 3203 846 3257 civilis
865 3204 940 3271 origo
958 3202 1092 3257 naturalis
1111 3202 1262 3257 ostenditur
1347 3246 1353 3257 .
1428 3245 1433 3255 .
1508 3243 1513 3254 .

430 3320 533 3375 Tiresia
550 3320 630 3375 xm.
656 3318 752 3373 civilis
771 3336 878 3388 quoque
896 3319 1021 3384 societas,
1041 3319 1150 3372 tametsi
1163 3318 1190 3371 in
1210 3318 1367 3388 particulari
1386 3336 1438 3373 nou
1457 3317 1516 3371 sine

501 3406 644 3476 multiplici
656 3406 794 3461 hominum
807 3408 996 3476 cooperatione
1010 3408 1183 3475 contingente
1196 3405 1323 3461 salibara
1333 3405 1515 3469 constituitur,

500 3499 528 3550 in
546 3514 597 3550 sua
615 3497 706 3566 specie
719 3500 809 3550 tamea
823 3496 994 3549 considerata
1007 3512 1173 3549 communem
1188 3496 1296 3563 generis
1309 3494 1419 3549 humani
1432 3494 1514 3549 socia-

500 3585 553 3637 lem
572 3587 696 3637 naturam
716 3584 819 3637 invicte
836 3585 1000 3638 necessitate
1019 3584 1194 3652 consequitur
1267 3626 1273 3637 .
1331 3626 1353 3637 ..
1427 3623 1433 3636 .
1507 3624 1513 3635 .

539 3674 692 3727 Corollaria
703 3712 1513 3727 ...........

537 3762 666 3815 Nolendo
684 3762 721 3813 od
737 3763 876 3815 soluendae
893 3764 1064 3828 difficultates
1108 3801 1513 3815 ......

537 3850 692 3905 Scholiam:
709 3849 858 3916 Fastigium
879 3850 966 3904 ideale
986 3850 1068 3903 totius
1086 3848 1196 3904 socialis
1212 3850 1335 3913 aedificii,
1354 3849 1515 3905 naturaliter

573 3941 721 4002 intentam,
747 3939 795 3992 sed
814 3956 863 4008 per
881 3938 967 3992 solum
995 3956 1109 4005 regnum
1129 3937 1230 3992 Christi
1249 3939 1360 3993 realiter
1378 3940 1515 4010 possibile,

574 4028 602 4081 in
619 4031 742 4081 societate
760 4029 966 4081 internaliaaali
984 4029 1133 4081 arlioersali
1149 4029 1232 4081 situm
1251 4031 1294 4081 est
1349 4070 1355 4083 .
1428 4070 1435 4083 .
1509 4070 1515 4082 .

509 4176 583 4233 litor
601 4176 729 4233 acutas
765 4176 801 4233 lle
819 4176 950 4233 martiali
968 4177 1105 4249 organisni
1123 4175 1222 4233 sodalis
1240 4176 1339 4233 ananie
1357 4193 1402 4233 seu
1420 4176 1449 4233 da
1466 4176 1528 4233 iura.

537 4285 668 4351 Prolooos
705 4324 1514 4339 ...........

614 4425 709 4495 Caput
727 4426 753 4481 Ι.
791 4424 916 4480 Genaina
934 4426 1001 4479 iaris
1019 4426 1094 4479 notio
1113 4425 1250 4495 analytice
1269 4425 1427 4479 adstruitur.

467 4530 705 4585 Articulasl.
742 4528 822 4584 Notio
841 4530 908 4583 iuris
926 4548 960 4583 ex
978 4531 1086 4583 nomine
1105 4530 1191 4600 petita
1268 4572 1274 4585 .
1349 4572 1354 4584 .
1428 4572 1434 4585 .
1508 4574 1514 4585 .

466 4620 659 4674 Articulus
678 4620 702 4674 2.
739 4619 958 4672 Notioiurissb
977 4618 1108 4671 eiusfiue
1127 4617 1207 4671 ideali
1226 4617 1381 4673 illustratur
1428 4660 1435 4673 .
1508 4662 1514 4674 .

431 4734 535 4790 'illesis
553 4734 646 4790 xull.
671 4734 718 4788 lus
737 4752 752 4788 e
770 4752 819 4788 suo
839 4734 892 4788 fine
910 4734 992 4788 ideali
1011 4734 1045 4787 ad
1065 4738 1167 4788 rectum
1188 4734 1314 4788 socialem
1334 4734 1453 4789 ordinem
1473 4734 1517 4789 ob·

501 4822 600 4877 iective
610 4822 776 4876 fundandum
786 4826 815 4876 et
824 4824 895 4877 intra
903 4822 1117 4876 vicissitudinem
1125 4823 1258 4877 humanas
1266 4823 1402 4877 libertatis
1411 4824 1516 4877 susten·

501 4913 613 4965 tandum
632 4911 786 4965 destinatur

539 5002 693 5054 Corollaria
706 5040 1514 5053 ...........
