3909 5842
441 657 506 720 352
667 652 756 707 Sentio
775 653 810 707 11.
847 652 927 708 Liber
947 654 967 709 Ι.
1005 653 1096 723 Caput
1113 653 1148 707 11.
1186 652 1327 708 Articulus
1344 655 1371 713 4.
1408 653 1476 720 51.

529 831 655 914 ltaque,
689 831 779 896 nulla
806 829 920 896 habita
943 831 1073 896 ratione
1094 830 1270 915 peculiaris
1293 829 1419 914 gradus
1442 831 1612 896 evolutae
1632 849 1690 914 per·

439 938 602 1016 fectionis,
626 937 768 1004 societas
792 935 897 1002 civilis
920 937 992 1002 fere
1015 937 1155 1003 describi
1170 941 1296 1022 potest:
1321 939 1434 1004 &aas
1447 937 1621 1024 perfectus
1633 939 1692 1020 plr-

440 1047 600 1108 rimarum
620 1042 825 1125 familiarum
846 1045 929 1108 iuria
942 1043 1079 1126 fruendi
1097 1053 1124 1108 et
1139 1047 1314 1108 ccinmanie
1330 1043 1405 1108 beni
1418 1047 1543 1130 qratia
1560 1046 1695 1128 oracula

441 1153 587 1216 sociatae.
633 1149 677 1216 Et
700 1149 761 1216 hoc
785 1170 883 1216 sensu
906 1170 1122 1232 unaquaeque
1144 1150 1222 1214 urbs
1245 1153 1304 1217 aut
1326 1150 1570 1228 communitas,
1594 1148 1695 1214 maiori

440 1255 550 1338 aliquo
574 1275 708 1321 numero
731 1253 928 1322 familiarum
946 1259 1111 1335 constans,
1137 1255 1309 1322 dummodo
1324 1255 1359 1322 in
1374 1277 1410 1321 se
1427 1257 1575 1339 aliquod
1592 1277 1697 1339 corpis

441 1363 562 1430 sociale
586 1383 695 1440 unum,
720 1361 918 1446 completum
935 1367 970 1428 et
985 1363 1061 1428 hinc
1075 1362 1297 1446 independens
1312 1362 1448 1441 efficiat,
1473 1364 1600 1445 aliquo
1615 1361 1697 1426 mode

440 1472 505 1537 iam
536 1469 678 1536 societas
708 1469 814 1536 civilis
844 1473 905 1547 est,
936 1470 968 1536 id
993 1471 1080 1553 quod
1103 1469 1311 1552 antiquorum
1335 1469 1575 1535 denominatio
1600 1473 1696 1534 cirita

440 1577 559 1660 (allec)
581 1576 664 1642 satis
678 1575 794 1642 innuit.
833 1575 935 1642 Immo
952 1575 1054 1641 etiam
1068 1575 1239 1642 instabiles
1254 1575 1332 1641 illae
1347 1576 1579 1640 harbarorum
1594 1575 1696 1640 tribua

440 1705 525 1767 quae
554 1702 713 1765 nusquam
738 1681 801 1746 nisi
822 1681 1015 1748 transitorie
1037 1682 1133 1748 sedes
1156 1683 1272 1764 figunt,
1303 1681 1361 1747 sed
1382 1684 1501 1748 tamen
1528 1683 1598 1747 snb
1622 1703 1697 1746 com·

440 1790 530 1856 muni
558 1788 667 1871 aliquo
690 1807 842 1872 supremo
867 1787 975 1872 capite
999 1787 1173 1870 (caziquio)
1196 1807 1400 1852 communem
1423 1789 1653 1854 securitatem
1671 1803 1697 1851 et

441 1915 612 1961 commune
649 1895 770 1960 bonum
807 1897 1071 1976 prosequuntur,
1111 1893 1297 1976 aliqatenus
1332 1892 1473 1974 (scilicet
1510 1894 1697 1960 inchoativa

442 2005 571 2069 tantum
601 2006 636 2068 et
668 1998 876 2084 imperfecte)
903 1999 963 2065 sub
988 1999 1095 2066 civilis
1117 2000 1286 2066 sacietatis
1308 1999 1439 2064 nemine
1464 2000 1696 2086 comprehendi

442 2113 590 2194 possunt.

442 2222 508 2294 416.
600 2223 721 2301 Quodsi
753 2227 864 2290 autern
897 2226 1054 2290 strictiore
1086 2245 1181 2290 seusu
1213 2223 1295 2290 haec
1327 2244 1395 2288 vox
1426 2223 1611 2307 accipitur,
1643 2245 1697 2287 ner

442 2332 546 2398 solum
577 2332 661 2397 fixas
690 2331 860 2396 habitandi
890 2331 986 2396 sedes
1016 2333 1051 2396 et
1080 2330 1210 2413 patriae
1238 2331 1330 2408 fines,
1361 2329 1420 2394 sed
1442 2331 1582 2395 certum
1607 2328 1697 2394 etiam

443 2438 579 2522 gradm
604 2436 710 2502 civilis
734 2437 930 2503 evolationis
954 2436 1109 2521 supponit
1132 2440 1232 2518 atque
1255 2457 1295 2501 ea
1309 2439 1439 2502 tantum
1456 2436 1659 2502 condicione
1672 2434 1697 2498 id

443 2546 591 2624 exhibet,
625 2544 711 2626 quod
741 2543 932 2627 plerumque
962 2542 1093 2608 nomine
1124 2544 1328 2628 Reipublicae
1359 2541 1415 2607 vel
1446 2543 1565 2608 Status
1600 2541 1696 2608 cives

443 2635 671 2732 (illlentliches
695 2651 953 2728 Gemeinwesen,
978 2649 1089 2732 Staat)
1113 2649 1262 2714 denotari
1286 2648 1380 2714 solet.

531 2757 637 2820 Huius
669 2756 800 2821 socialis
831 2756 1049 2822 institutionis
1079 2756 1228 2821 omnibus
1257 2755 1449 2822 notissimae
1480 2755 1694 2839 definitionem

444 2864 584 2948 aliquam
608 2871 754 2944 statuere,
780 2885 862 2948 quac
884 2885 991 2928 ceram
1014 2870 1172 2948 totamque
1191 2865 1280 2927 illius
1296 2863 1402 2928 ideam
1418 2861 1609 2947 adaequate
1625 2881 1694 2926 corr

439 2968 627 3053 prehendet,
652 2988 690 3034 eo
714 2968 821 3034 minus
844 2969 905 3034 hoe
923 2969 996 3034 loco
1012 2967 1266 3051 praetendimus,
1291 2967 1376 3050 quod
1393 2988 1412 3032 e
1428 2970 1521 3032 certo
1538 2965 1695 3032 scientiae

444 3074 658 3140 fundamento
681 3074 714 3140 id
738 3075 809 3140 fieri
832 3096 896 3140 non
920 3074 1035 3158 possit,
1060 3073 1123 3140 nisi
1145 3077 1320 3158 postquam
1344 3094 1403 3158 per
1425 3073 1637 3155 analyticam
1654 3071 1694 3134 in·

443 3180 698 3263 vestigationem
721 3181 755 3246 in
779 3180 924 3247 civitatis
948 3181 1117 3262 originem,
1142 3183 1295 3246 naturam
1315 3182 1350 3245 et
1369 3181 1466 3244 finem
1483 3202 1597 3244 ceram
1614 3182 1694 3244 illius

443 3291 550 3354 ideam
572 3289 785 3354 hauserimus.
824 3287 894 3354 Iam
918 3309 997 3352 vero
1019 3285 1102 3352 haec
1118 3286 1191 3370 ipsa
1203 3288 1363 3372 generalia
1378 3287 1453 3351 idea
1468 3286 1578 3352 civilis
1595 3285 1694 3352 socie

442 3395 533 3472 tatis,
562 3396 833 3478 quemadmodum
856 3415 916 3479 pro
939 3394 1073 3460 diversa
1095 3415 1204 3460 rerum
1227 3394 1442 3458 humanarum
1465 3392 1694 3458 aestimatione

444 3503 510 3569 alia
540 3506 614 3568 erat
637 3503 828 3586 plerumque
852 3522 952 3584 penes
975 3500 1186 3584 philosophos
1213 3499 1364 3582 gentiles,
1395 3498 1463 3563 alia
1484 3519 1588 3582 penes
1615 3497 1694 3564 clui-

444 3609 570 3674 stianos
593 3607 673 3672 iuris
696 3606 817 3690 publici
841 3607 1002 3685 doctores,
1031 3607 1080 3672 ita
1106 3606 1226 3671 iterum
1250 3605 1355 3683 hodie,
1385 3605 1604 3688 praevalente
1629 3605 1692 3669 fere

444 3713 599 3778 moderno
623 3711 815 3797 paganismo
838 3715 907 3777 tum
931 3711 965 3776 in
989 3711 1194 3796 philosophia
1216 3715 1287 3776 tum
1309 3711 1344 3775 iu
1365 3709 1437 3776 iure
1452 3711 1594 3794 publico,
1621 3731 1693 3794 gra·

444 3819 586 3885 vissimis
610 3819 842 3884 controversiis
865 3818 1046 3885 subiicitur.
1086 3819 1122 3884 ld
1145 3817 1296 3883 nimirum
1320 3817 1533 3902 paganismus
1548 3819 1624 3880 tum
1639 3837 1691 3880 au·

444 3925 555 4008 tiqnus
585 3927 656 3990 tum
679 3925 846 3990 redivivus
869 3925 940 3991 fere
964 3947 1133 3990 commune
1156 3925 1266 4002 habet,
1290 3927 1328 3989 ut
1350 3923 1521 3988 societatis
1543 3923 1692 4006 publicae

445 4033 603 4098 moralem
626 4031 895 4116 personalitatem
920 4052 977 4096 seu
998 4032 1201 4096 abstractam
1215 4029 1417 4095 totalitatem
1433 4029 1598 4093 mimtata
1615 4030 1693 4094 iura

443 4143 651 4226 plenitudiue,
665 4141 711 4204 cel
723 4141 818 4203 immo
830 4139 997 4203 diuinitate
1009 4145 1146 4218 exornet,
1161 4141 1194 4202 iu
1208 4137 1428 4200 detrimentum
1439 4135 1608 4220 dignitatis
1621 4158 1691 4221 per

445 4250 565 4313 socratis
580 4249 777 4333 singulorum
801 4249 914 4310 civium
931 4255 959 4310 ct
974 4246 1131 4310 libertatis
1154 4246 1405 4329 particularium
1423 4246 1690 4308 ceaimuuitatum.

445 4355 567 4420 Contra
590 4353 814 4437 philosophiae
838 4351 1037 4418 christianae
1061 4350 1227 4435 proprium
1251 4353 1312 4428 est,
1336 4349 1441 4434 ipsam
1463 4349 1571 4415 ideam
1591 4350 1691 4416 socie-

445 4461 525 4526 tatis
541 4459 690 4544 publicae
707 4463 822 4526 morali
838 4462 953 4525 civium
969 4460 1119 4545 dipuitati
1132 4467 1225 4544 atque
1235 4459 1391 4542 legitimae
1402 4457 1543 4522 libertati
1554 4461 1688 4522 emnium

445 4569 658 4632 irembrorum
689 4569 873 4632 barmoniae
903 4567 1150 4631 accommodare.
1175 4603 1219 4612 -
1243 4563 1320 4628 Ideo
1349 4563 1383 4627 in
1406 4561 1591 4628 definienda
1613 4563 1689 4628 ciri·

444 4675 516 4738 tate
541 4675 598 4738 alii
622 4671 764 4737 maxime
788 4693 865 4757 epus
889 4680 1026 4737 naturae
1049 4674 1263 4736 necessarium
1288 4679 1315 4734 et
1340 4669 1494 4734 diuinitus
1508 4672 1688 4734 ordimem
1760 4730 1761 4739 ,

445 4780 654 4846 considerant
684 4785 718 4846 et
748 4782 964 4862 exaggerant,
996 4777 1047 4843 cni
1077 4775 1246 4842 societatis
1275 4774 1361 4841 ratio
1385 4774 1479 4856 qnasi
1502 4775 1687 4841 secundario
1760 4760 1761 4771 ¹

444 4890 574 4952 tautum
605 4885 742 4964 accedit,
774 4888 833 4950 alii
863 4889 984 4964 autem,
1016 4883 1093 4948 dum
1124 4883 1254 4949 civilem
1285 4881 1508 4965 organismum
1538 4880 1687 4948 divinitus

446 4991 631 5057 ordinatum
661 4994 860 5073 agnoscunt,
892 4989 925 5055 in
955 5011 994 5056 eo
1024 4994 1136 5056 tamen
1167 4989 1339 5056 formalem
1368 4993 1469 5071 atque
1498 4989 1685 5054 essutialou
