3909 5842
434 681 475 745 28
666 675 757 731 Sectio
775 677 797 731 Ι.
833 676 914 730 Liber
933 676 954 732 Ι.
993 675 1082 747 Caput
1102 676 1136 731 ll.
1174 675 1314 731 Atticulae
1334 676 1358 731 1.
1397 676 1459 743 52.

432 856 642 940 cognoscitur
671 858 732 940 fini
763 859 941 922 autumali
971 859 1067 921 totius
1100 858 1279 922 creationis.
1330 854 1441 938 Atque
1475 854 1527 921 ita
1562 852 1684 937 quiden

433 962 648 1048 apprehensio
672 962 843 1029 rationalis
874 961 1027 1028 rationali
1053 960 1247 1047 expansioni
1271 960 1433 1027 obiective
1457 962 1609 1043 analoga
1631 966 1686 1038 ast,

432 1074 548 1155 utpote
571 1090 655 1152 quae
678 1069 720 1135 ad
748 1068 1062 1135 universalissimam
1091 1067 1217 1151 pariter
1239 1067 1317 1133 boni
1339 1067 1503 1133 rationem
1530 1070 1686 1153 appeten·

432 1177 507 1242 dam
538 1182 638 1259 atqua
668 1176 843 1241 amandam
874 1195 910 1239 se
941 1173 1124 1242 extendit1.
1172 1174 1295 1243 Verum
1327 1174 1499 1253 voluntas,
1535 1172 1688 1239 exhibitis

431 1282 509 1349 licet
537 1304 597 1367 per
625 1282 829 1349 intellectum
860 1280 999 1347 diversis
1023 1280 1181 1347 eiusmodi
1212 1280 1370 1347 bonitatis
1397 1279 1624 1364 respectibus,
1653 1278 1689 1344 ad

432 1389 556 1455 nullum
586 1392 699 1454 tamen
729 1388 892 1454 obiectum
923 1387 984 1451 sub
1015 1407 1079 1451 uno
1104 1386 1214 1471 potina
1238 1408 1335 1469 quam
1359 1388 1419 1451 snb
1444 1385 1510 1451 alio
1537 1388 1690 1469 respectu

431 1496 609 1562 actualiter
632 1493 893 1577 amplectendum
917 1492 1116 1559 necessitate
1140 1492 1366 1574 adstringitur,
1392 1492 1450 1557 sed
1474 1494 1606 1559 liberae
1628 1490 1691 1555 eius

433 1602 585 1669 electioni
609 1601 715 1667 omnis
737 1600 819 1666 haec
843 1598 1073 1665 determinatio
1097 1598 1267 1683 proposita
1290 1602 1358 1675 est;
1383 1598 1416 1663 id
1441 1598 1530 1681 quod
1548 1598 1634 1681 Cap.
1650 1597 1691 1661 [ll

434 1708 610 1795 specialius
633 1706 836 1791 probandum
861 1707 935 1774 erit.

433 1847 483 1919 44.
574 1842 767 1917 Corollaria:
789 1846 815 1913 I.
840 1846 957 1929 Itaque
973 1847 1050 1912 dum
1067 1848 1165 1913 bruta
1182 1845 1349 1924 animalia,
1373 1846 1575 1912 moderante
1592 1844 1694 1911 sensi-

434 1953 506 2021 tiva
535 1956 672 2030 natura,
703 1952 746 2018 ad
770 1952 889 2017 bonum
913 1952 974 2018 sibi
999 1974 1178 2036 congruum
1203 1973 1242 2017 ac
1266 1954 1362 2017 finem
1387 1974 1481 2017 snum
1506 1955 1694 2019 necessitate

436 2062 608 2143 domentur,
639 2058 707 2125 enti
735 2059 889 2125 rationali
913 2061 1116 2144 propositum
1141 2064 1201 2139 ast,
1233 2064 1271 2126 ut
1289 2080 1355 2143 ope
1378 2058 1556 2125 rationalis
1581 2056 1694 2140 cogni·

435 2166 535 2233 tionis
562 2166 724 2248 dirigente
751 2171 872 2233 natura
899 2189 936 2233 se
964 2169 1072 2252 ipsum
1102 2168 1144 2234 ad
1176 2169 1296 2234 bonum
1319 2188 1397 2233 vere
1421 2168 1483 2232 sibi
1508 2186 1692 2249 congruum

437 2277 472 2339 et
494 2273 537 2339 ad
559 2294 654 2339 suurn
674 2274 772 2339 finem
789 2274 960 2353 conducat,
985 2274 1079 2357 eique
1095 2274 1156 2339 soli
1172 2274 1336 2350 convenit,
1360 2294 1462 2357 egere
1476 2296 1546 2340 non
1561 2278 1692 2340 tantum

436 2380 614 2446 secundum
637 2382 744 2458 finem,
770 2380 828 2446 sed
851 2381 952 2446 etiam
974 2390 1106 2467 propter
1126 2384 1252 2467 finem2.

438 2521 488 2594 45.
577 2522 619 2588 Il.
645 2522 694 2587 Ee
718 2527 770 2587 est
791 2527 931 2589 naturae
946 2524 1118 2590 rationalis
1135 2544 1207 2589 cum
1224 2522 1297 2607 ipsa
1311 2527 1432 2589 natura
1448 2521 1562 2587 divina
1579 2518 1692 2586 simili-

438 2630 528 2706 tudo,
559 2633 597 2694 ut
619 2630 726 2707 homo,
757 2650 822 2709 qua
844 2630 1017 2695 rationalis
1041 2632 1101 2707 eet,
1133 2630 1256 2694 nullum
1281 2630 1399 2693 bonum
1423 2628 1486 2693 sibi
1509 2646 1593 2691 vere
1619 2646 1693 2689 oon-

439 2756 557 2817 grnum
580 2736 701 2800 habere
724 2736 837 2819 possit,
862 2736 924 2800 nisi
948 2736 1033 2819 quod
1058 2736 1167 2819 aliquo
1191 2736 1286 2800 modo
1310 2734 1354 2801 eit
1376 2736 1496 2801 bonum
1516 2734 1692 2800 secundum

439 2849 612 2926 respectum
629 2842 778 2907 bonilatis
793 2846 1004 2909 universalem
1018 2851 1046 2908 et
1059 2844 1235 2909 absolutum
1248 2864 1305 2907 sen
1319 2839 1558 2923 quodammodo
1572 2840 1692 2904 bonum

440 2948 511 3013 Dei.
528 2984 572 2993 —
592 2948 654 3014 Est
678 2953 787 3014 autem
811 2948 864 3013 hic
886 2954 1057 3032 respectus
1080 2948 1159 3013 nihil
1183 2946 1271 3013 aliud
1294 2968 1391 3030 quam
1416 2954 1577 3033 respectus
1600 2946 1692 3011 loire

441 3057 543 3137 stolis,
575 3076 637 3138 quo
661 3054 695 3119 in
719 3054 805 3119 omni
829 3076 889 3119 sua
912 3054 1016 3121 libera
1040 3054 1198 3121 electione
1222 3054 1376 3121 voluntas
1398 3053 1572 3119 rationalis
1597 3046 1692 3131 dirigi

442 3160 550 3228 debet.
585 3162 745 3228 Honeetos
762 3162 881 3245 qnippe
898 3182 940 3226 ex
956 3162 1053 3227 obvio
1069 3182 1128 3226 eno
1145 3165 1303 3245 conceptu
1323 3169 1439 3226 rectam
1455 3160 1691 3224 ordinationem

441 3276 569 3334 actum
592 3270 763 3334 liberorum
787 3291 850 3355 quo
878 3271 989 3334 talium
1015 3268 1183 3351 designat;
1214 3272 1305 3333 recta
1328 3270 1438 3333 autem
1463 3264 1620 3331 ordinata
1644 3268 1693 3328 est

440 3374 526 3441 actio
550 3375 663 3452 libera,
689 3396 773 3457 quae
790 3396 832 3440 ex
855 3374 960 3440 libera
974 3374 1157 3440 voluntatis
1174 3374 1333 3450 electione
1350 3373 1502 3455 dirigitur
1520 3370 1555 3436 in
1571 3372 1691 3436 bonnm

439 3489 578 3547 naturae
601 3484 755 3546 rationali
778 3504 841 3567 qua
862 3484 922 3548 tali
937 3485 1132 3565 conveniens,
1157 3482 1178 3548 i.
1195 3502 1223 3547 e.
1241 3482 1327 3563 quod
1344 3482 1462 3545 bonum
1479 3478 1524 3545 sit
1540 3478 1691 3544 absolute

439 3607 498 3651 seu
518 3606 577 3670 per
596 3590 782 3669 respectum
799 3586 953 3651 adfinem
970 3606 1079 3652 rerum
1096 3587 1326 3652 universalem.
1362 3584 1438 3651 Ideo
1455 3584 1615 3667 quidquid
1630 3584 1691 3649 hac

438 3690 568 3757 ratione
591 3692 711 3757 bonum
735 3712 808 3757 ease
830 3692 1045 3774 intellegitur,
1070 3692 1169 3775 vulgo
1194 3694 1309 3758 donum
1332 3694 1496 3758 toneat-nm
1518 3692 1689 3757 vocaturl.

439 3830 488 3901 46.
579 3832 636 3898 111.
668 3832 816 3898 Eatenus
846 3833 977 3915 aliquod
1004 3855 1111 3899 aarum
1135 3835 1249 3899 bonum
1272 3832 1412 3899 hominis
1436 3837 1497 3911 est,
1529 3837 1691 3915 quatenus

439 3941 474 4005 at
496 3937 686 4015 honestum;
711 3940 787 4021 quia
807 3940 912 4004 solum
929 3939 1102 4006 honestum
1119 3940 1281 4005 humanae
1297 3944 1437 4005 naturae
1453 3960 1519 4022 qua
1536 3937 1689 4005 rationali

440 4064 618 4125 congruum
643 4051 709 4121 est;
734 4045 846 4127 itaqua
870 4044 1026 4128 quidquid
1051 4048 1287 4112 catholicatum
1308 4068 1369 4131 per
1390 4068 1422 4111 ee
1444 4056 1470 4111 et
1489 4048 1688 4127 rationario,

439 4149 564 4233 pariter
584 4172 645 4236 par
663 4173 696 4216 ae
718 4158 747 4217 et
769 4154 892 4217 ratione
916 4154 967 4217 aui
988 4174 1094 4217 oerum
1118 4153 1233 4217 beurim
1253 4150 1392 4215 llominis
1408 4154 1471 4217 eet.
1505 4151 1556 4217 Ea
1578 4154 1688 4217 autam

440 4257 621 4325 voluntatis
652 4257 794 4335 obiecta,
826 4277 909 4339 quae
938 4277 999 4341 per
1028 4278 1064 4321 re
1088 4261 1241 4341 respectu
1263 4256 1448 4324 honestatis
1473 4258 1689 4341 indifferentia

440 4369 528 4442 aunt,
554 4362 706 4430 videlicet
729 4365 815 4429 bona
838 4366 931 4429 utilia
956 4370 990 4430 et
1016 4366 1224 4449 delectabilia,
1250 4364 1362 4430 eodem
1384 4363 1479 4429 modo
1496 4364 1688 4447 qualitatem

444 4506 567 4514 --—--

534 4580 541 4610 ¹
561 4578 602 4631 cf.
622 4579 651 4633 S.
674 4580 764 4632 mom.
786 4580 808 4643 l,
828 4578 853 4642 2,
873 4596 898 4648 q.
920 4580 961 4643 19,
981 4596 1006 4632 a.
1027 4580 1060 4633 10
1079 4578 1096 4633 i.
1117 4597 1139 4633 c.

531 4666 602 4721 ‘Gt
623 4668 652 4721 S.
675 4668 774 4735 Thom„
795 4666 895 4721 Contra
916 4668 1019 4721 Gentes
1038 4668 1063 4732 3,
1083 4686 1106 4723 o.
1126 4668 1142 4721 2
1162 4670 1190 4721 et
1209 4668 1233 4722 3.

532 4756 634 4810 'Soita
653 4758 680 4810 in
699 4756 769 4811 lianc
787 4774 844 4810 ram
863 4759 892 4812 S.
916 4758 1025 4825 raom„
1052 4758 1079 4812 S.
1098 4756 1181 4811 theol.
1203 4758 1233 4822 l,
1253 4776 1279 4826 q.
1299 4758 1324 4823 5,
1344 4774 1368 4812 a
1389 4758 1405 4812 6
1424 4758 1440 4811 i.
1461 4774 1484 4812 c.
1526 4758 1574 4826 ‚ld
1592 4762 1685 4823 antem

442 4846 514 4916 quod
532 4845 671 4917 appetitur
687 4850 720 4900 ut
736 4845 862 4900 ultimum
881 4847 1033 4900 terminans
1051 4844 1172 4900 totaliter
1191 4849 1294 4900 motum
1308 4846 1454 4917 appetitus,
1473 4846 1548 4902 sicut
1560 4848 1685 4918 quaedem

440 4952 493 4999 res,
512 4934 541 4987 in
558 4951 640 5003 quam
658 4951 707 5004 per
724 4952 755 4988 sa
773 4935 912 5005 appetitus
929 4934 1026 4997 tendit,
1046 4936 1160 4988 vocatur
1173 4932 1326 4999 honestum,
1346 4934 1412 5004 qnia
1427 4934 1572 4989 honestum
1586 4936 1684 4997 dicitnr,

443 5024 514 5093 quod
532 5040 582 5093 per
599 5040 630 5076 aa
648 5023 842 5076 desideratur.⁴
