3909 5842
430 667 492 730 142
659 661 748 717 Sectio
767 661 788 717 Ι.
826 659 906 716 hiber
925 661 959 716 II.
997 661 1086 732 Caput
1103 662 1124 714 I.
1162 660 1302 716 articulus
1322 664 1346 715 l.
1382 660 1443 728 §3-

426 841 635 908 honestatem
660 841 850 919 censtituat,
875 861 1082 923 nequaquam
1105 845 1217 907 tamen
1241 859 1282 905 eo
1299 839 1371 923 ipso
1387 838 1501 905 vitiari
1517 837 1679 904 censenda

426 949 480 1025 sit,
498 947 593 1031 quod.
611 946 882 1030 quemadmodum
898 946 1071 1026 abiectius,
1087 946 1187 1012 itaet
1202 944 1563 1012 subiectivehumanae
1579 943 1676 1010 etiam

426 1052 637 1139 perfectionis
667 1056 702 1118 et
731 1053 901 1120 felicitatis
930 1054 1093 1120 rationem
1123 1053 1217 1138 quasi
1245 1073 1306 1136 per
1332 1050 1622 1118 concomitantiam
1644 1053 1677 1114 et
1782 1050 1783 1065 ³

427 1181 469 1228 ex
497 1163 636 1226 naturae
658 1159 810 1226 institute
835 1159 1001 1226 admittat.
1048 1159 1134 1224 Hinc
1157 1163 1219 1236 est,
1250 1159 1336 1241 quod
1358 1156 1522 1243 principia
1545 1155 1675 1222 decute

427 1265 727 1350 logico-rationalia
757 1269 814 1332 aut
840 1289 926 1352 perc
950 1286 1009 1332 seu
1032 1268 1239 1348 exaggerata
1261 1268 1322 1330 aut
1343 1265 1511 1330 moderato
1534 1283 1608 1328 esse
1629 1261 1675 1326 di·

428 1376 555 1451 cuntur,
581 1375 678 1455 prout
701 1371 839 1455 primam
864 1371 916 1436 vel
941 1371 1081 1437 alteram
1097 1375 1226 1454 partem
1242 1369 1331 1436 illius
1346 1367 1575 1435 disiunctionis
1589 1368 1675 1434 affir-

428 1483 530 1545 mant.
578 1477 756 1544 Praeterea
786 1497 851 1544 non
881 1477 989 1542 minus
1020 1477 1241 1544 essentialiter
1270 1477 1337 1543 alia
1359 1477 1402 1543 ab
1424 1477 1502 1543 aliis
1526 1476 1675 1543 differunt

428 1583 536 1649 indole
560 1587 618 1650 aut
641 1603 730 1648 mere
754 1585 981 1650 naturalistica
1001 1588 1060 1650 aut
1072 1586 1286 1669 panthcieticc
1302 1587 1361 1650 aut
1375 1585 1557 1670 theotopicc,
1581 1589 1675 1667 prout

428 1689 676 1755 fundamentum
699 1689 870 1756 rationalis
894 1689 1064 1755 decentiae
1086 1695 1146 1757 aut
1167 1690 1201 1755 in
1224 1690 1379 1756 rationali
1401 1693 1523 1756 natura
1538 1689 1675 1754 humana

429 1795 579 1862 absolute
609 1798 770 1880 spectata,
801 1799 860 1862 aut
889 1794 923 1860 in
953 1795 1083 1862 ratione
1112 1795 1223 1878 aliqua
1246 1795 1425 1862 universali
1447 1794 1674 1880 pantheistica,

428 1905 487 1968 aut
510 1901 639 1966 demum
661 1901 694 1966 in
718 1901 790 1985 ipsa
813 1901 957 1968 essentia
975 1902 1037 1968 Dei
1060 1902 1259 1969 ordinatoris
1281 1902 1394 1968 mundi
1417 1903 1633 1969 constituunt.

428 2041 495 2112 169.
588 2049 618 2111 1.
650 2044 819 2130 Principio
852 2047 1252 2131 decoraeque-rationalia
1279 2067 1366 2131 pura
1396 2067 1452 2111 scu
1476 2052 1675 2132 &deperata

430 2169 513 2232 quae
537 2149 636 2233 vulgo
661 2149 761 2215 etiam
789 2151 985 2230 „stoicismi‘
1012 2151 1065 2217 vel
1093 2151 1247 2235 „purismi
1270 2151 1422 2217 moralis¹¹
1442 2150 1575 2216 nomine
1591 2173 1675 2216 com·

430 2255 692 2340 prehenduntur;
715 2278 833 2341 nempe

520 2363 554 2443 a)
578 2363 780 2449 Principium
803 2373 939 2430 cccrum
964 2367 1141 2432 stoicorum.
1189 2363 1307 2430 Schola
1329 2362 1565 2448 philosophica,
1596 2383 1676 2444 quse

432 2487 452 2532 a
476 2468 557 2545 loco,
582 2468 614 2533 in
639 2489 702 2552 quo
727 2469 876 2553 discipuli
899 2471 1075 2536 convenire
1098 2469 1258 2548 solebant,
1288 2469 1428 2546 ,stoica“
1448 2467 1550 2551 vulgo
1566 2467 1676 2552 appel·

432 2574 530 2650 latur,
555 2575 695 2642 Athenis
719 2577 836 2642 llorere
861 2577 969 2662 coepit
993 2577 1034 2642 ab
1058 2597 1144 2644 anno
1168 2576 1298 2642 circiter
1321 2577 1387 2642 308
1410 2573 1676 2642 antechristum.

432 2680 512 2746 Eius
535 2681 692 2749 fundator
714 2686 748 2748 et
765 2687 864 2767 caput
879 2682 942 2749 fuit
958 2684 1054 2764 Zeno,
1078 2703 1120 2747 ea
1135 2682 1242 2747 insula
1257 2681 1365 2766 Cypro
1381 2680 1547 2758 oriundus,
1573 2679 1677 2746 Gratis
1786 2748 1787 2779 ἦ

432 2785 616 2872 philosophi
640 2787 755 2872 cynici,
781 2788 856 2854 dein
880 2792 914 2854 et
936 2788 1132 2855 Xenocratis
1155 2791 1190 2853 et
1212 2787 1397 2852 Polemonis
1420 2785 1677 2852 academicorum

433 2891 619 2976 discipulus.
673 2895 787 2960 'Potius
817 2895 1041 2980 philosophiae
1079 2894 1173 2976 quasi
1205 2893 1375 2976 fastigium
1410 2893 1552 2958 ethicam
1586 2893 1677 2975 eique

433 3019 560 3065 omnem
584 2999 746 3066 theoriam
770 3001 1046 3068 subordinandam
1070 3020 1143 3066 esse
1166 2999 1352 3083 reputabat.
1397 2999 1516 3082 Itaque
1544 2999 1593 3064 illi
1621 3020 1677 3082 pc·

432 3105 594 3172 tissimum
625 3107 834 3186 excolendae,
867 3107 1045 3190 elementis¹
1069 3106 1193 3189 cynicis
1224 3105 1291 3171 alia
1320 3105 1454 3189 insuper
1483 3105 1606 3190 partim
1628 3125 1678 3170 so·

433 3211 557 3280 cretica
579 3213 700 3296 partini
727 3213 931 3280 aristotelica
955 3214 1165 3296 coniungens,
1196 3233 1330 3297 operam
1353 3212 1464 3280 dabat.
1504 3213 1677 3298 Supremas
1787 3240 1788 3259 2

431 3320 558 3387 ethicus
581 3321 655 3386 finis
679 3323 713 3386 et
736 3319 810 3386 hinc
834 3319 1027 3404 principium
1043 3319 1241 3385 moralitatis
1256 3319 1432 3384 seeundum
1448 3319 1613 3385 Zenonem
1629 3323 1678 3384 est

433 3430 468 3492 τὸ
497 3427 757 3514 ὁμολογουμένως
787 3430 823 3515 τῇ
854 3428 946 3514 φύσει
978 3427 1034 3512 ζῆν
1064 3448 1120 3494 sca
1148 3433 1287 3492 naturae
1316 3427 1522 3508 confomniter
1547 3427 1676 3491 vireat

431 3533 495 3600 Per
529 3535 719 3612 „neturem“
755 3537 865 3599 autem
895 3537 966 3600 tum
996 3533 1067 3618 ipse
1097 3535 1170 3598 tum
1198 3531 1268 3597 eius
1298 3531 1448 3615 discipuli
1477 3531 1678 3598 intellexisse

430 3641 583 3706 videntur
607 3661 671 3704 non
695 3640 800 3706 solum
819 3643 973 3706 naturam
989 3640 1129 3706 hominis
1144 3638 1378 3705 individualem
1393 3659 1484 3704 mere
1500 3638 1676 3721 anthropo

349 3801 351 3806 ,
430 3746 535 3828 logice
570 3749 771 3829 spectatam,
808 3747 866 3814 sed
901 3747 1011 3832 potius
1041 3747 1253 3812 universatem
1287 3745 1390 3810 totius
1422 3744 1552 3823 mundi,
1584 3763 1676 3826 quarn

430 3873 488 3918 suo
512 3851 607 3918 modo
631 3851 808 3937 participat
831 3853 937 3918 homo.
984 3851 1023 3917 In
1047 3851 1278 3918 conformitate
1301 3850 1403 3934 igitur
1426 3871 1500 3918 oum
1522 3849 1587 3917 hac
1609 3850 1679 3935 ipsa

430 3961 549 4024 natura
580 3957 755 4024 secundum
779 3963 904 4024 rectam
928 3959 997 4024 eius
1021 3961 1221 4024 theoreticam
1243 3957 1520 4042 appretiationem
1539 3960 1679 4042 practice

429 4064 656 4148 prosequenda
679 4065 774 4130 stoici
797 4069 944 4132 uirtutem
967 4064 1147 4131 consistere
1168 4065 1302 4139 docent;
1327 4063 1483 4128 virtutem
1500 4063 1555 4141 (τὸ
1571 4064 1679 4144 καλόν)

431 4173 551 4238 habere
581 4171 744 4237 rationem
772 4172 848 4255 finis
880 4173 914 4238 in
944 4193 987 4253 ec,
1018 4174 1053 4236 et
1081 4170 1176 4235 unice
1207 4173 1343 4253 propter
1371 4169 1586 4252 semetipsam
1608 4190 1678 4234 esse

430 4279 603 4344 emendem
621 4281 655 4344 et
671 4277 908 4360 quaerendam;
934 4277 1071 4342 eandem
1088 4297 1152 4341 non
1168 4276 1273 4341 solum
1290 4295 1486 4360 supremum,
1504 4275 1563 4340 sed
1580 4275 1677 4340 etiam

430 4389 559 4452 unicum
590 4405 662 4451 esse
691 4384 831 4450 hominis
863 4385 999 4464 honum;
1030 4383 1158 4466 reliqua
1185 4381 1304 4461 omnia,
1335 4401 1419 4464 quae
1441 4383 1578 4464 praeter
1599 4379 1676 4445 illud

429 4491 516 4560 bona
528 4491 687 4576 appellari
700 4491 881 4573 contingat,
899 4511 964 4554 non
976 4489 1163 4565 verobona,
1182 4487 1238 4553 sed
1251 4487 1471 4553 indifferentia
1483 4485 1677 4574 (ἀδιάφορα)

430 4597 566 4664 dicenda
590 4618 672 4664 esse.
705 4597 742 4662 In
766 4595 874 4681 specie
898 4597 1131 4686 delectationem
1154 4615 1213 4680 pro
1237 4593 1393 4671 rationali
1414 4596 1536 4673 agente
1555 4593 1676 4658 nullam

429 4705 462 4770 in
486 4725 522 4770 se
546 4705 705 4770 rationem
728 4703 801 4768 finis
825 4703 955 4771 habere.
989 4702 1026 4766 In
1053 4701 1222 4780 ,virtutis‘
1251 4700 1453 4784 perfectione
1476 4699 1583 4765 stoica
1598 4719 1675 4781 quo·

431 4833 494 4894 que
529 4811 726 4894 „sapientia“
761 4809 927 4886 consistit;
959 4829 1062 4891 quare
1091 4813 1266 4890 utrumque
1296 4827 1425 4884 nomen,
1455 4807 1491 4872 et
1514 4806 1620 4871 virtus
1642 4807 1675 4868 et

529 4946 741 4954 .—---—-.—.-.-

523 5009 531 5040 ¹
551 5009 629 5074 Dice.
650 5007 741 5060 Laart.
762 5005 786 5068 7,
806 5003 848 5058 87.
