3909 5842
671 687 740 743 Esse
758 704 853 743 verum
872 689 916 743 ius
933 690 1049 743 naturae
1068 688 1209 743 asseritur.
1496 690 1561 755 477

315 853 384 925 567.
473 850 637 924 scholium
659 852 683 923 l.
729 865 860 925 Assertio
880 868 957 925 iuria
976 866 1133 941 naturales,
1156 864 1278 923 tametsi
1299 863 1452 924 doctrinae
1472 870 1564 942 caput

315 958 434 1035 aliquod
464 959 594 1036 speciale
622 979 676 1037 per
704 980 736 1021 se
764 962 938 1021 distinctum
967 962 1098 1034 exhibet,
1126 961 1296 1021 arctissima
1322 966 1423 1021 umen
1445 963 1564 1023 interna

316 1055 496 1131 cognatione
526 1076 591 1116 cum
627 1058 705 1117 serie
738 1060 1027 1137 philosophematum
1062 1060 1208 1119 hactenus
1243 1058 1381 1135 exposita
1414 1060 1563 1119 cohaeret.

314 1154 433 1213 Revera
461 1155 538 1215 enirn
567 1155 646 1215 aliud
667 1176 727 1216 non
750 1162 797 1217 est
818 1158 877 1217 nisi
898 1158 1071 1219 necessaria
1092 1159 1235 1234 quaedam
1257 1157 1408 1217 conclusio
1429 1162 1460 1217 et
1480 1158 1565 1235 quasi

317 1252 451 1316 ultimum
474 1252 601 1312 stadium
622 1253 738 1314 altioris
759 1254 840 1314 illius
861 1254 994 1315 idearum
1014 1274 1182 1332 processus,
1206 1254 1256 1331 qui
1277 1275 1296 1314 a
1319 1255 1402 1333 ,lege
1423 1258 1560 1315 aeterna‘

317 1350 438 1427 eiusque
464 1350 633 1411 immediata
661 1352 899 1429 promulgatione
926 1354 958 1413 in
986 1360 1124 1414 creatura
1150 1354 1291 1413 rationali
1318 1373 1374 1431 ope
1402 1354 1494 1429 ,legis
1513 1374 1563 1413 na·

315 1448 438 1507 turalis¹‘
470 1448 623 1509 exordium
651 1450 749 1521 sumit,
779 1450 883 1510 deinde
900 1450 951 1510 'ad
980 1450 1127 1511 mediatae
1155 1450 1286 1510 eiusdem
1308 1452 1512 1511 emanationes
1534 1455 1564 1509 et

317 1544 513 1621 particulares
534 1546 751 1623 applicationes
772 1546 937 1607 ministerio
958 1548 1106 1608 humanae
1127 1547 1316 1608 auctoritatis
1336 1548 1480 1608 divinitus
1499 1567 1564 1626 pro·

317 1640 399 1702 visas
428 1642 619 1717 descendens,
648 1644 778 1705 omnium
801 1645 919 1705 demum
940 1664 1039 1707 rerum
1060 1647 1254 1705 humanarum
1275 1664 1395 1705 normas
1416 1666 1475 1705 non
1496 1665 1564 1721 quo·

317 1738 527 1816 mcdocumque
548 1742 722 1815 obiectivas,
751 1743 803 1803 sed
836 1748 888 1803 aut
917 1744 1087 1803 immediate
1114 1749 1167 1803 ant
1193 1743 1322 1803 mediate
1345 1745 1460 1803 dicium
1484 1762 1563 1802 asse·

315 1836 425 1912 quitur.
465 1838 505 1898 Et
531 1840 563 1898 in
591 1841 692 1901 eodem
720 1842 836 1917 quidem
859 1841 991 1901 idearum
1013 1861 1166 1919 processu,
1194 1840 1264 1899 hinc
1283 1840 1393 1901 tuendo
1413 1840 1496 1899 illinc
1516 1840 1564 1901 vel

317 1935 436 1995 omnino
462 1937 510 1997 vel
532 1956 569 1997 ex
590 1944 675 2015 parte
696 1938 908 2015 impugnando,
937 1942 1003 1998 tota
1023 1939 1087 1997 fere
1107 1937 1313 1997 controversia
1333 1942 1481 2009 versatur,
1507 1958 1565 2014 qua

317 2031 364 2091 ius
395 2033 581 2111 ,antiquumu
613 2042 643 2096 et
670 2036 717 2096 ius
742 2037 947 2110 ,modernum“
972 2036 1082 2111 iugiter
1102 2036 1180 2096 inter
1200 2055 1234 2095 se
1255 2034 1426 2111 confligunt.
1468 2034 1565 2095 Causa

317 2129 348 2188 in
369 2150 402 2189 se
423 2152 482 2191 unc
503 2138 559 2205 est,
581 2135 632 2193 sed
654 2134 843 2195 multiformis
864 2154 917 2211 pro
940 2133 1115 2194 diversitate
1136 2133 1289 2203 materiae,
1317 2152 1404 2209 quam
1431 2132 1565 2209 proxime

317 2228 448 2305 respicit.
498 2228 612 2308 Quippe
646 2231 693 2291 ius
725 2232 877 2308 antiquum
913 2231 1071 2291 character
1105 2234 1296 2292 theooomicus
1330 2234 1427 2307 (quem
1462 2230 1565 2290 odiosa

316 2326 551 2399 exaggeratione
578 2328 744 2387 adversarii
775 2328 1025 2399 ,theocrsticum‘
1049 2328 1201 2405 appellare
1225 2328 1350 2399 solent),
1378 2327 1425 2385 ins
1452 2325 1564 2385 moder·

318 2440 388 2479 num
423 2428 526 2482 contra
562 2425 718 2485 character
751 2431 947 2487 octonomicue
982 2427 1085 2501 (vulgo
1122 2424 1436 2497 ,antitheocraticus“)
1467 2423 1564 2500 aliquo

318 2517 404 2577 modo
433 2523 462 2579 et
488 2521 582 2595 gradu
609 2521 774 2596 distinguit.
815 2522 877 2581 Neo
905 2522 1026 2594 mirum;
1055 2522 1197 2599 siquidem
1225 2521 1352 2581 scientia
1377 2520 1564 2593 ,moderna“,

319 2634 337 2673 a
368 2616 611 2685 ,ostematione‘
642 2619 756 2679 saeculi
789 2620 861 2679 XVI
891 2620 1077 2697 potissimum
1109 2618 1255 2696 prodiisse
1288 2617 1450 2695 gloriatur,
1480 2617 1565 2677 cuius

323 2713 459 2790 ,propria
486 2715 621 2775 efficacia
647 2735 701 2793 pro
730 2720 814 2776 statu
841 2717 974 2781 sociali“.
1005 2722 1038 2776 ut
1064 2718 1176 2777 fatetur
1197 2717 1231 2775 F.
1252 2716 1282 2775 J.
1303 2715 1387 2775 Stulni
1399 2719 1415 2783 ¹,
1448 2713 1495 2783 ,in
1520 2716 1565 2773 de

319 2818 474 2874 structione
501 2818 675 2876 characteris
702 2818 866 2877 thcoorotici
894 2816 1060 2877 consistit“.
1102 2816 1141 2875 Et
1160 2834 1192 2873 re
1213 2814 1329 2890 quidem
1350 2832 1423 2871 vera
1443 2810 1565 2889 spiritus

319 2910 376 2971 istc
398 2912 664 2973 antitheocraticus
686 2934 745 2973 non
766 2914 825 2973 iam
847 2913 941 2974 solum
961 2914 995 2973 in
1014 2916 1103 2973 rebus
1124 2910 1336 2975 ecclesiasticis
1353 2910 1483 2970 divinam
1497 2928 1565 2969 auc·

319 3008 472 3069 toritatem
500 3010 744 3085 (,thecoratiam“
778 3011 1034 3085 ecclesiasticam),
1063 3030 1167 3070 verum
1193 3011 1292 3085 logica
1322 3008 1369 3068 sui
1398 3008 1565 3067 evolutione

321 3106 481 3167 universim
516 3108 611 3169 ideam
647 3112 717 3187 lepis
746 3112 859 3171 diuinae
888 3109 919 3169 in
949 3111 1038 3168 rebus
1067 3107 1204 3167 humanis
1233 3106 1410 3183 praesertim
1439 3104 1565 3181 publicis

320 3204 567 3289 („theocratiam“
585 3206 968 3284 philosophico-iuridicam)
984 3205 1087 3265 nativo
1102 3204 1227 3281 quodam
1241 3204 1385 3263 instinctu
1399 3206 1565 3271 aversatur,

322 3300 415 3359 donec
444 3301 475 3360 in
503 3305 637 3379 perlecta
665 3302 819 3362 societatis
848 3302 996 3362 humanae
1026 3300 1195 3361 autonomia
1225 3304 1256 3359 et
1285 3298 1389 3359 sociali
1419 3296 1565 3357 atheismo

322 3398 448 3461 desinat.

322 3520 420 3595 5678.
508 3522 671 3595 scholium
695 3525 722 3596 2.
757 3533 898 3605 Quaestio
920 3531 1175 3611 politico-socialis
1196 3537 1227 3589 et
1247 3548 1305 3606 qua
1318 3528 1389 3587 talis
1403 3527 1567 3585 eminenter

317 3630 533 3708 philosophica:
559 3636 658 3689 utrum
686 3630 846 3690 universus
867 3630 941 3690 iuris
963 3630 1034 3689 ordo
1056 3628 1209 3688 exclusive
1231 3628 1293 3685 inre
1314 3629 1429 3685 tantum
1444 3627 1568 3702 positivo

322 3782 408 3788 ...-
434 3782 473 3787 ..-.
506 3782 631 3789 -----

322 3863 489 3918 Naturrecht
506 3863 576 3917 ohne
595 3863 736 3918 virkliohe
749 3863 899 3931 Unterlage
918 3864 955 3917 ist
974 3862 1034 3917 eine
1052 3862 1089 3915 im
1102 3860 1204 3915 Leeren
1223 3860 1402 3915 schvebende
1414 3860 1498 3923 Linie,
1518 3858 1567 3912 das

322 3953 485 4007 historische
503 3952 592 4007 Recht
610 3953 679 4008 ohne
698 3952 869 4007 Rechtsform
890 3952 949 4006 eine
968 3950 1151 4021 qnalittttlose,
1169 3949 1349 4004 unmrmliohe
1367 3950 1473 4011 Messe,
1490 3946 1567 4016 jenea

322 4042 420 4110 gehtrt
445 4042 505 4096 dem
530 4040 632 4095 Reiche
657 4042 705 4095 der
730 4040 847 4095 Trttume
873 4040 938 4093 oder
963 4040 1010 4094 der
1035 4038 1148 4104 hohlen,
1173 4038 1359 4092 realitttlosen
1385 4040 1567 4102 humassung‚

324 4132 413 4186 dieses
432 4132 493 4185 dem
513 4131 561 4185 des
579 4130 734 4195 formlosen,
754 4130 895 4198 gemeiuen
916 4128 1014 4182 Stoffes
1033 4128 1082 4180 sn'
1106 4126 1143 4197 (p.
1158 4128 1197 4196 8).
1222 4126 1297 4191 Quae
1315 4125 1450 4179 sententia
1468 4140 1567 4191 nequa·

322 4236 404 4289 quam
424 4219 458 4273 ad
477 4220 621 4273 veritatem
639 4218 724 4279 redit,
748 4236 798 4272 nec
816 4216 893 4287 proin
913 4216 1010 4270 idonea
1029 4233 1090 4270 esse
1109 4219 1214 4285 potest,
1238 4214 1353 4283 quoius
1372 4217 1486 4266 naturae
1505 4228 1567 4265 cum

323 4311 381 4363 iure
400 4307 541 4363 exclusive
567 4306 685 4377 positivo
704 4306 890 4378 philosophice
916 4305 1083 4359 concilietur.
1120 4304 1189 4359 Nam
1208 4305 1251 4358 ius
1269 4306 1383 4357 naturae
1408 4319 1462 4355 non
1480 4300 1567 4355 solum

323 4416 377 4469 qna
401 4400 489 4451 torma
511 4397 579 4451 iuris
602 4396 724 4451 historici
748 4396 888 4459 subsistit,
913 4395 960 4449 sed
987 4395 1022 4449 ab
1048 4394 1100 4449 hoc
1124 4394 1304 4463 praesupponi
1329 4393 1411 4446 dehet
1427 4394 1566 4458 nmquam

323 4505 371 4557 per
395 4504 425 4541 se
451 4488 480 4539 et
505 4486 625 4539 anterius
650 4484 816 4545 subsistens;
843 4500 930 4552 nsque
956 4484 984 4537 in
1009 4500 1059 4537 sua
1078 4481 1240 4536 exsistentia
1257 4481 1297 4535 ita
1314 4481 1349 4535 ab
1367 4480 1488 4534 externis
1506 4496 1567 4531 con·

324 4576 474 4631 dicionibus
498 4573 612 4643 pendet,
639 4576 669 4627 ut
687 4573 794 4627 desinat
815 4588 889 4635 asse,
917 4571 1079 4640 ubicumque
1104 4570 1163 4624 eius
1187 4570 1270 4625 realis
1289 4569 1427 4624 exsecutio
1445 4567 1568 4637 impossi-

323 4664 386 4719 bilis
405 4666 526 4733 apparet.

416 4748 607 4804 ¹Gesohichte
633 4749 680 4803 der
699 4746 970 4818 Rechtsphilcsophie
989 4748 1050 4803 113
1078 4765 1102 4816 p.
1130 4746 1178 4799 74:
1207 4746 1278 4811 ,Das
1296 4744 1384 4797 Werk
1409 4745 1458 4797 der
1475 4743 1568 4797 Refor-

325 4841 424 4895 mation
444 4840 470 4893 in
489 4838 646 4905 Beziehuug
665 4838 714 4891 uni
731 4838 781 4891 den
805 4836 923 4890 sociales
942 4835 1062 4890 Zustand
1087 4835 1125 4889 ist
1142 4836 1185 4887 die
1203 4836 1368 4900 Zerstdrunp
1386 4834 1430 4885 des
1448 4833 1568 4885 theotro-

324 4930 423 4983 tisclren
445 4928 632 4981 Charukters.“
662 4952 695 4963 -
723 4924 763 4979 Of.
790 4928 889 4980 nesta:
919 4923 985 4991 ,Die
1004 4922 1173 4977 Grundsttze
1191 4922 1240 4976 der
1258 4920 1426 4976 Sittlichkeit
1448 4920 1501 4974 und
1522 4920 1569 4973 des

325 5014 440 5071 Rechts“
463 5015 612 5082 §su-33.
