3909 5842
428 637 470 699 44
658 628 748 684 Sestio
767 629 788 683 I.
825 627 905 682 Liber
924 628 943 682 Ι.
982 627 1071 697 Caput
1089 626 1124 681 ll.
1160 624 1301 679 Articulus
1318 624 1344 679 3.
1382 624 1444 691 tl.

518 810 547 871 2.
573 809 610 871 nt
632 803 816 888 appetitum
840 804 937 887 plane
961 802 1112 886 expleat;

517 915 547 979 3.
571 915 610 977 ut
632 910 765 975 excluso
789 909 877 975 omni
900 910 987 974 malo
1011 908 1130 973 stabile
1153 912 1255 990 atque
1277 906 1469 973 indeficiens
1493 904 1552 970 sit.

515 1021 615 1102 Atera
644 1021 711 1083 tam
741 1015 947 1101 experientia
969 1035 1068 1097 quam
1096 1013 1181 1080 ratio
1211 1013 1356 1081 ostendit
1385 1014 1448 1078 has
1472 1010 1675 1077 condiciones

426 1126 460 1191 in
484 1126 582 1191 nullis
604 1124 697 1189 bonis
720 1123 822 1189 finitis
844 1122 1100 1205 quibuscumque
1122 1120 1192 1185 sive
1208 1120 1401 1203 singillatim
1417 1119 1491 1184 sive
1510 1117 1676 1183 collective

427 1231 566 1315 sumptis
595 1231 743 1315 reperiri.
789 1229 881 1307 Quod
905 1229 968 1294 nisi
990 1249 1051 1311 per
1073 1248 1109 1293 se
1132 1228 1215 1295 satis
1238 1227 1397 1310 liquidnm
1419 1232 1525 1301 esset,
1552 1246 1677 1309 percus

427 1339 528 1404 rendo
555 1342 646 1405 certe
673 1338 726 1403 vel
754 1338 861 1404 obiter
888 1342 1007 1402 cuncta
1034 1334 1217 1401 huiusmodi
1248 1336 1405 1401 bonorum
1434 1352 1586 1415 genera,
1617 1331 1679 1395 luce

428 1446 528 1512 etiam
566 1444 687 1512 clarius
727 1446 912 1528 appareret.
971 1442 1056 1507 Sunt
1093 1442 1179 1507 enim
1220 1442 1278 1507 illa
1316 1446 1375 1508 aut
1412 1442 1499 1505 bona
1545 1439 1679 1523 corporis

427 1551 581 1632 (naturae
603 1550 784 1616 sensitivae
807 1545 1069 1629 accommodata)
1092 1551 1152 1613 aut
1174 1547 1259 1613 bona
1283 1550 1395 1628 animi,
1428 1548 1487 1613 aut
1512 1544 1608 1609 bona
1630 1563 1680 1607 ex-

427 1664 533 1737 terna,
558 1678 644 1741 quae
658 1656 759 1739 vulgo
776 1656 862 1720 bona
878 1654 1032 1720 fortunae
1048 1653 1209 1731 dicuntur,
1235 1657 1272 1719 ut
1288 1652 1461 1718 affluentia
1477 1649 1680 1725 divitiarum,

428 1767 579 1841 honores,
602 1763 793 1845 dignitates,
817 1761 963 1827 amicitia
987 1766 1060 1837 eto,
1085 1764 1144 1826 aut
1160 1760 1288 1825 demum
1311 1760 1428 1825 horum
1444 1755 1599 1822 omniurn
1619 1777 1681 1819 con·

426 1876 537 1957 peries.
573 1870 644 1935 Iam
666 1890 746 1934 vero
769 1868 836 1935 ista
858 1867 967 1933 omnia
990 1888 1055 1932 non
1079 1866 1184 1931 solum
1200 1866 1326 1932 cunctis
1349 1866 1532 1951 praedietis
1550 1870 1681 1935 charac-

428 1978 554 2045 teribus
577 1980 702 2053 carent,
726 1974 785 2039 sed
807 1994 864 2039 eos
883 1996 944 2059 per
966 1996 1000 2039 se
1023 1978 1056 2039 et
1080 1972 1303 2039 essentialiter
1325 1974 1523 2043 excludunt:

422 2138 426 2149 .
520 2086 549 2150 1.
580 2083 674 2148 Boeo
703 2083 854 2165 corporis.
901 2079 951 2144 Ea
981 2078 1166 2145 consistunt
1196 2080 1229 2143 in
1253 2080 1399 2162 corporis
1428 2080 1627 2149 substantia
1655 2085 1683 2145 et

428 2189 515 2267 vita,
546 2187 580 2253 in
603 2188 673 2253 eius
695 2186 850 2263 sanitate,
875 2184 1000 2267 vigore,
1031 2186 1158 2264 robore,
1189 2184 1438 2268 pulchritudine,
1466 2188 1632 2257 fruitione
1654 2192 1682 2251 et

292 2283 296 2292 “
429 2294 597 2362 sensitivis
626 2293 862 2376 voluptatibus.
912 2292 983 2357 lata
1015 2296 1126 2357 autem
1158 2291 1332 2359 manifeste
1363 2314 1423 2359 sua
1453 2299 1581 2360 natura
1612 2292 1682 2359 sub

429 2402 581 2467 ordinata
610 2403 688 2466 sunt
716 2399 811 2464 bonis
834 2397 934 2464 animi
957 2398 999 2463 ad
1024 2418 1128 2480 eaque
1151 2398 1319 2481 pertinent
1342 2400 1437 2477 bona,
1469 2422 1560 2483 quae
1591 2400 1682 2465 utilio

430 2512 599 2583 vocantur,
624 2526 727 2588 quare
742 2526 807 2570 non
830 2508 908 2580 sunt
922 2528 981 2590 per
996 2526 1028 2571 se
1043 2526 1098 2571 sec
1115 2508 1240 2571 ratione
1254 2508 1307 2571 aui
1322 2508 1519 2590 appetenda.
1558 2506 1679 2573 Eadem

429 2614 563 2697 insuper
586 2632 659 2678 essa
679 2611 776 2677 valde
796 2610 1006 2689 defectibilis,
1030 2610 1234 2695 imperfecta,
1258 2611 1394 2690 incerta,
1418 2613 1603 2690 instabilia,
1627 2630 1681 2677 nec

429 2721 524 2805 proin
554 2718 688 2801 explere
717 2718 900 2802 appetitum
929 2718 1070 2783 hominis
1100 2738 1206 2802 posse,
1238 2738 1332 2783 nemo
1357 2722 1422 2797 est,
1453 2719 1509 2800 qui
1533 2740 1604 2784 non
1627 2738 1679 2781 ex·

431 2826 590 2911 periatur.

520 2936 552 2997 2.
580 2932 674 2997 Bona
698 2934 801 2997 animi
826 2931 921 3015 findo
944 2930 1066 3014 partim
1090 2934 1167 2996 sunt
1189 2930 1262 3014 ipsa
1284 2930 1470 2997 substantia
1493 2931 1629 2997 animae
1651 2927 1678 2992 in

431 3059 468 3105 se
492 3037 700 3105 considerata
723 3059 796 3103 cnm
819 3037 888 3103 suis
910 3036 1135 3115 facultatibus,
1163 3038 1284 3120 partim
1308 3038 1394 3103 bona
1417 3037 1606 3121 spiritualia
1629 3054 1682 3118 per

431 3144 624 3212 exercitium
646 3145 843 3213 facultatum
867 3147 1035 3231 acquisita,
1060 3142 1215 3209 videlicet
1237 3147 1398 3230 sapientia
1414 3148 1449 3211 et
1463 3148 1577 3210 aines
1615 3142 1678 3206 Iam

429 3272 510 3318 vero
533 3252 567 3333 a)
590 3251 696 3335 ipsam
721 3254 880 3317 entitatem
904 3254 1033 3316 animae
1056 3271 1120 3315 non
1145 3271 1217 3315 esse
1240 3271 1301 3315 nec
1325 3270 1397 3315 esse
1419 3270 1517 3335 posse
1540 3250 1591 3330 id,
1620 3267 1678 3330 qno

430 3359 526 3425 bomo
550 3360 677 3437 beatur,
702 3357 785 3425 satis
807 3356 1042 3423 manifestatur
1062 3378 1121 3440 per
1135 3356 1225 3440 ipsas
1241 3356 1428 3433 facultates,
1452 3335 1571 3439 duibus
1587 3374 1677 3440 prae-

430 3465 501 3532 dita
516 3468 583 3541 est;
608 3465 729 3548 quippe
744 3484 829 3545 quae
844 3464 1032 3539 ostendunt,
1057 3483 1154 3545 quam
1180 3483 1294 3547 parum
1309 3462 1367 3529 illa
1382 3462 1521 3547 sibiipsi
1537 3462 1677 3529 sufficiat

431 3575 465 3637 et
480 3573 683 3654 quantopere
698 3569 847 3653 indigeat
869 3570 912 3635 ab
927 3569 1114 3636 extrinseco
1130 3570 1251 3653 perfici.
1287 3570 1322 3651 b)
1346 3570 1439 3635 Bona
1457 3572 1570 3635 antem
1586 3566 1676 3653 spiri·

430 3676 534 3741 tnalia
556 3696 616 3759 per
638 3676 832 3742 exercitium
855 3676 1052 3742 facultatum
1082 3675 1260 3759 acquisita,
1289 3676 1440 3759 quamvis
1468 3676 1673 3749 nobilissima,

431 3802 495 3845 non
518 3784 630 3846 tamen
652 3781 686 3845 in
709 3781 842 3866 seipsis
865 3781 1027 3847 rationem
1053 3783 1171 3847 summi
1194 3782 1270 3847 boni
1286 3780 1464 3859 continent,
1488 3782 1547 3847 sed
1571 3780 1675 3866 potius

431 3888 568 3952 dicenda
598 3892 675 3955 sunt
706 3890 870 3974 dispositio
900 3891 935 3954 et
963 3891 1017 3953 vio
1047 3888 1089 3955 ad
1119 3888 1199 3953 illud
1223 3888 1456 3972 acquirendum
1480 3908 1538 3953 seu
1562 3886 1672 3959 media,

431 4014 515 4077 quae
538 3993 580 4059 ad
603 3992 635 4059 id
659 3997 827 4077 tamquam
852 4016 946 4061 suum
970 3996 1067 4061 finem
1092 3994 1294 4063 ordinantur.
1337 3994 1382 4061 Et
1405 4015 1485 4059 sane
1508 3995 1673 4080 sepientis,

431 4100 482 4165 cni
505 4099 610 4165 omnis
633 4100 772 4167 scientia
795 4106 830 4167 et
846 4101 976 4167 cultura
995 4100 1095 4167 animi
1110 4102 1284 4181 subservit,
1309 4101 1399 4167 aliud
1414 4122 1479 4166 non
1495 4106 1557 4177 est,
1582 4118 1671 4184 qnam

431 4206 573 4290 cognitio
598 4211 631 4273 et
654 4208 799 4274 studium
823 4208 894 4274 veri
917 4208 993 4273 boni
1017 4208 1222 4291 acquirendi;
1246 4212 1348 4275 oirtas
1371 4228 1451 4273 vero
1472 4212 1525 4273 est
1548 4208 1672 4274 habitus

431 4331 474 4377 ex
503 4312 565 4378 hac
593 4313 779 4395 cognitione
807 4314 980 4397 studioque
1008 4314 1129 4380 liberas
1159 4314 1305 4382 actiones
1329 4314 1529 4398 disponendi.
1577 4314 1670 4381 Porro

430 4422 549 4485 neutra
570 4423 622 4485 est
644 4420 678 4484 in
701 4441 737 4485 se
760 4420 909 4504 perfecta
932 4420 995 4485 nisi
1018 4425 1094 4505 post
1116 4421 1234 4487 summi
1256 4422 1332 4486 boni
1356 4420 1575 4503 adeptionem,
1599 4424 1670 4505 puta

431 4524 472 4590 ob
495 4524 683 4591 innumeras
700 4525 923 4604 difficultates,
948 4548 1087 4605 errores,
1112 4526 1282 4593 molestias
1298 4532 1332 4593 et
1347 4526 1533 4592 insatiabile
1550 4546 1670 4612 semper

431 4630 589 4697 ulteriora
612 4632 829 4713 cognoscendi
854 4632 1060 4711 desiderium,
1085 4634 1125 4699 ob
1147 4654 1300 4718 pugnam,
1326 4654 1422 4717 quam
1446 4634 1557 4699 subire
1573 4633 1669 4699 virtus

431 4737 570 4819 cogitur,
595 4758 680 4820 quae
702 4737 836 4823 insuper
859 4739 974 4821 augeri
997 4738 1118 4823 iugiter
1141 4744 1261 4824 potest.

520 4847 551 4911 3.
575 4846 668 4911 Bona
684 4854 816 4911 externo
831 4866 885 4911 seu
898 4846 1057 4928 fortunae,
1082 4850 1119 4913 ut
1135 4850 1213 4913 sunt
1228 4846 1373 4927 divitiae,
1398 4846 1549 4925 honores,
1572 4842 1667 4929 digni·
1752 4832 1753 4843 ¹

430 4956 529 5030 tates,
553 4950 712 5035 potentia,
737 4951 882 5017 amicitia
905 4956 967 5019 etc.
1014 4952 1101 5018 Nam
