3909 5842
606 696 646 750 De
665 697 723 752 iure
741 715 790 768 pro
808 697 922 754 iuridioa
940 700 1078 768 potestate
1095 701 1216 767 accepto.
1467 703 1528 767 381

286 880 339 942 est
361 877 509 960 potestas
532 875 666 941 moralis
689 895 758 941 rem
781 875 968 960 possidendi
992 876 1046 941 vel
1069 879 1194 942 certam
1211 875 1416 942 activitatem
1433 877 1533 944 libere

287 981 460 1047 exercendi
483 981 537 1048 vel
559 981 600 1047 ab
616 981 690 1047 aliis
705 981 854 1065 personis
869 982 1014 1064 aliquam
1029 982 1287 1067 praestationem
1303 983 1375 1049 sive
1389 985 1531 1050 activam

286 1087 357 1154 sive
379 1088 545 1173 passivam
569 1088 731 1172 exigendi.

376 1197 405 1260 4.
438 1194 635 1260 inviolabilis
659 1197 791 1260 moralis
813 1203 971 1280 poleslos;
993 1216 1054 1280 per
1076 1195 1163 1278 quod
1186 1195 1382 1280 exprimitur
1399 1199 1533 1282 propria

286 1299 381 1366 istius
397 1301 573 1394 potestatis
588 1303 720 1368 moralis
736 1301 890 1387 efficacia,
908 1303 1034 1368 seilicet
1048 1304 1293 1369 ineluctabiliter
1308 1307 1534 1392 adstringendi

286 1409 465 1474 rationales
481 1409 671 1476 voluntates
687 1410 775 1476 circa
790 1411 869 1476 iuris
886 1411 1069 1490 materiam,
1090 1410 1211 1495 partim
1227 1415 1378 1496 repolire,
1394 1432 1436 1476 ne
1450 1412 1534 1494 legi·

285 1514 366 1580 timo
388 1515 566 1598 potestatis
589 1515 661 1581 usui
684 1517 953 1602 impedimentum
976 1521 1154 1601 opponant,
1185 1517 1305 1600 partim
1329 1517 1532 1602 affirmative,

286 1625 323 1686 ut
347 1641 419 1686 eam
443 1621 542 1700 etiam
566 1623 824 1706 praestationem
848 1623 919 1689 sive
942 1624 1065 1690 realem
1084 1624 1155 1689 sive
1170 1624 1376 1708 personalem
1393 1624 1533 1708 positive

286 1731 519 1810 exsequantur,
544 1749 628 1810 quae
652 1729 685 1794 vi
707 1729 788 1795 iuris
803 1729 845 1796 ab
861 1729 941 1814 ipsis
957 1731 1112 1812 exigitur.
1147 1731 1193 1797 nt
1208 1730 1289 1797 haec
1305 1731 1434 1813 quidem
1451 1735 1534 1796 ioris

286 1837 514 1900 inviolabilitas
542 1834 593 1918 (ut
616 1857 674 1901 suo
697 1835 769 1902 loco
793 1836 967 1920 specialius
985 1837 1191 1920 ostendetur)
1213 1837 1246 1902 id
1270 1858 1349 1920 prae
1373 1836 1534 1902 communi

286 1943 404 2010 morali
425 1941 678 2009 inviolabilitate
700 1947 869 2030 proprium
893 1943 1003 2022 habet,
1028 1948 1064 2010 ut
1079 1944 1213 2028 insuper
1228 1965 1316 2010 nova
1331 1943 1442 2025 aliqua
1457 1943 1534 2008 sub·

287 2049 421 2116 sidiaria
444 2050 560 2116 morali
583 2053 751 2134 potestate
774 2050 950 2129 muniatur,
974 2052 1096 2116 realem
1120 2050 1200 2116 iuris
1224 2051 1375 2116 effectum
1399 2070 1461 2134 ope
1483 2071 1534 2116 co·

287 2157 422 2222 actionis
449 2155 518 2237 (fini
542 2160 577 2223 et
598 2159 690 2222 recto
714 2155 819 2221 ordini
842 2153 1121 2238 accommodatae)
1145 2159 1261 2245 contra
1284 2155 1430 2222 renitens
1453 2154 1533 2222 alie·

288 2283 363 2327 num
389 2263 559 2330 arbitrium
583 2265 730 2348 urgendi.

287 2402 358 2473 454
446 2400 637 2474 Corollaria:
666 2405 821 2472 Facultas
845 2405 944 2471 etiam
969 2404 1113 2483 moralis,
1145 2402 1298 2485 quamdiu
1322 2403 1455 2488 propria
1477 2403 1536 2470 illa

287 2509 368 2574 iuria
390 2507 642 2576 inviolabilitate
666 2514 768 2588 caret,
792 2509 843 2575 ius
866 2509 1018 2576 strictum
1041 2529 1100 2575 seu
1122 2509 1254 2593 proprie
1270 2508 1393 2576 dictum
1409 2509 1535 2576 censeri

290 2617 411 2698 nequit.
447 2617 643 2699 Propterea:

376 2723 400 2789 I.
431 2724 587 2808 Negotiis
618 2726 757 2804 licentio,
789 2745 873 2807 quae
903 2745 961 2809 per
991 2745 1028 2790 se
1057 2724 1146 2790 alind
1169 2746 1233 2790 non
1256 2724 1415 2807 importat
1437 2745 1535 2806 quam

287 2828 470 2894 absentiam
494 2830 656 2913 positivae
672 2829 900 2914 prohibitionis
915 2833 950 2895 et
966 2833 1103 2896 eatenus
1119 2829 1231 2912 aliqua
1245 2829 1387 2896 facultas
1402 2829 1536 2896 moralis

286 2939 348 3012 est,
373 2957 446 3002 cum
470 2936 541 3002 veri
563 2937 703 3003 nominis
725 2936 796 3002 iure
819 2935 973 3001 confundi
988 2957 1054 3001 non
1073 2935 1181 3002 debet.
1220 2937 1361 3002 litasse
1377 2935 1536 3002 eiusmodi

287 3043 432 3108 facultas
454 3041 612 3125 negativa
634 3063 693 3126 per
716 3063 752 3108 se
775 3045 927 3125 spectata
949 3043 996 3107 nil
1015 3043 1172 3118 continet,
1196 3064 1261 3124 quo
1276 3043 1404 3108 alienae
1419 3043 1535 3106 volun·

287 3152 377 3216 tates
405 3149 550 3234 positiva
576 3149 692 3216 morali
716 3149 916 3231 obligatione
938 3148 971 3214 in
996 3149 1066 3214 eius
1090 3149 1279 3230 obsequium
1303 3149 1464 3230 obstringi
1485 3149 1536 3214 in·

287 3255 498 3338 tellegantur.
528 3256 769 3338 Saepenumero
784 3259 897 3321 tamen
914 3261 948 3321 et
962 3255 1098 3321 licentia
1110 3255 1176 3320 vim
1188 3255 1269 3320 iuris
1281 3256 1391 3332 habet,
1407 3255 1536 3337 quoties

286 3382 404 3446 nempe
425 3365 558 3446 positivo
582 3362 691 3443 aliquo
715 3362 947 3428 iurisdictionis
972 3365 1050 3428 actu
1073 3382 1230 3428 concessa
1253 3361 1363 3427 fuerit.

288 3501 360 3572 455.
451 3503 492 3568 II.
526 3503 580 3568 lus
613 3523 741 3585 quoque
775 3503 982 3590 „aequitatis“
995 3555 1004 3585 ,
1038 3504 1124 3586 quod
1155 3503 1255 3587 vulgo
1280 3503 1458 3588 appellant,
1494 3504 1535 3569 ad

289 3609 451 3674 rationem
474 3609 554 3674 iuris
577 3607 708 3692 proprie
725 3607 803 3673 dicti
820 3630 883 3674 non
900 3609 1068 3693 pertingit.
1103 3609 1191 3675 Nam
1206 3610 1408 3693 postulatum
1425 3609 1536 3691 aequi-

288 3716 371 3781 tatis
395 3735 452 3780 seu
475 3716 641 3797 generalis
664 3715 830 3781 cuiusdam
854 3716 1026 3782 rationalis
1049 3716 1306 3791 convenientiae,
1340 3735 1535 3798 quamquam

289 3823 448 3887 influxum
472 3823 628 3888 moralem
653 3822 759 3905 magis
782 3823 836 3888 vel
860 3824 966 3888 minus
990 3823 1156 3888 efficacem
1177 3823 1209 3887 in
1226 3823 1405 3889 rationales
1421 3823 1536 3888 volun·

289 3931 379 3994 tates
403 3948 557 3993 exercere
580 3949 639 4011 per
661 3949 697 3993 se
720 3929 843 4007 valeat,
868 3950 906 3994 ea
929 3931 1041 3995 tamen
1064 3927 1255 3994 individuali
1280 3932 1314 3994 et
1336 3927 1418 3994 reali
1435 3930 1537 3994 deler-

290 4038 465 4100 miaotione
488 4038 589 4112 caret,
613 4034 647 4099 in
671 4055 735 4117 qua
758 4036 829 4101 sola
853 4037 1014 4103 obiective
1038 4035 1171 4101 definita
1193 4039 1227 4100 et
1244 4055 1308 4116 qua
1322 4036 1400 4100 talis
1415 4035 1537 4101 ineluc-

290 4140 402 4206 tabilis
426 4141 593 4225 exigentia
618 4141 740 4206 ordinis
764 4141 935 4208 rationalis
958 4141 1091 4207 fundari
1113 4145 1235 4226 posset.

291 4279 361 4350 456.
452 4283 509 4350 [Π.
541 4285 595 4349 Ius
626 4283 774 4366 denique,
805 4285 889 4366 quod
912 4288 1096 4370 precarium
1120 4283 1184 4349 dici
1206 4283 1301 4362 solet,
1332 4283 1483 4349 similiter
1504 4283 1538 4348 in

292 4389 479 4456 definitione
508 4391 615 4458 stricti
647 4391 728 4456 iuris
757 4413 822 4457 non
852 4392 1147 4477 comprehenditur,
1180 4391 1259 4456 licet
1286 4389 1355 4455 eius
1378 4389 1537 4456 rationem

291 4496 482 4580 imperfecto
507 4498 615 4580 aliquo
639 4499 735 4564 modo
750 4499 935 4583 participet.
974 4499 1127 4581 Namque
1142 4502 1291 4583 potestas
1307 4496 1449 4575 moralis,
1474 4517 1538 4578 qua

291 4603 371 4668 illud
395 4609 535 4683 constat,
561 4626 757 4687 quamquam
781 4627 839 4689 per
863 4627 898 4670 se
922 4605 1030 4688 quoad
1052 4605 1224 4672 materiam
1249 4607 1282 4669 et
1304 4603 1462 4670 ambitum
1482 4603 1538 4669 de·

291 4709 479 4788 terminata,
503 4731 633 4794 semper
656 4715 778 4789 tamen,
802 4715 840 4776 ut
855 4710 960 4794 ipsum
978 4732 1095 4776 nomen
1110 4710 1245 4785 indicat,
1269 4711 1440 4775 adnutum
1458 4711 1537 4786 eius,

292 4835 312 4879 a
335 4836 399 4898 quo
422 4822 560 4902 accepta
583 4818 731 4894 habetur,
756 4820 940 4884 revocabilis
962 4821 1030 4896 est,
1054 4839 1115 4884 nec
1138 4817 1273 4901 proinde
1297 4837 1377 4899 erga
1400 4818 1538 4882 eundem

292 4944 351 4989 sou
381 4925 413 4988 in
445 4928 602 5006 quantum
632 4925 783 5008 precaria
813 4928 874 5000 ost,
905 4925 1006 4990 ullam
1036 4925 1270 5009 obligationem
1297 4923 1458 4989 coactioni
1481 4924 1539 4989 ob·

293 5028 426 5094 noxiam
449 5029 602 5096 inducere
626 5031 724 5097 valet.
764 5031 821 5096 Nil
844 5037 955 5099 autem
974 5032 1079 5111 obest,
1103 5032 1274 5115 quominus
1290 5032 1339 5096 ius
1354 5030 1538 5114 precarium
