3909 5842
795 698 837 753 De
854 696 1001 751 habitibus.
1457 698 1519 761 109

359 873 522 947 Probatur
542 892 620 965 paru
641 873 667 944 l.
698 874 840 941 Habitus
863 895 924 958 per
945 894 982 938 se
1007 878 1108 955 auget
1130 877 1306 955 utrumque
1323 873 1521 937 elementum

268 981 469 1056 voluntarii,
500 981 627 1047 scilicet
656 981 877 1064 coguitionem
899 981 974 1046 finis
998 984 1033 1045 et
1055 978 1303 1065 propensionem
1328 977 1521 1045 voluntatis.

269 1110 351 1171 ergo
376 1092 411 1154 et
433 1087 657 1155 voluntarium
680 1088 788 1172 ipsum
812 1090 923 1169 auget.

363 1197 477 1278 Auget
506 1197 710 1280 coercitionem
732 1195 826 1278 finis,
857 1193 935 1275 quia
958 1192 1210 1277 apprehensioni
1235 1196 1270 1257 et
1293 1190 1523 1257 advertentiae

268 1302 490 1369 intellectuali
503 1301 665 1367 obiectum
678 1301 738 1366 sub
751 1322 785 1366 eo
797 1308 948 1387 respecto,
961 1300 1017 1381 qui
1029 1298 1153 1365 habitui
1165 1299 1338 1377 consentit,
1350 1296 1523 1383 specialius

268 1408 305 1476 et
321 1410 467 1475 vividius
483 1408 634 1485 exhibet3
659 1412 761 1490 suget
777 1428 906 1491 quoque
922 1410 1094 1473 voluntatis
1106 1409 1360 1494 propensionem,
1377 1408 1414 1470 ut
1430 1408 1523 1489 patet

268 1538 316 1582 ex
344 1517 420 1600 ipsa
449 1515 584 1583 notione
606 1515 748 1581 habitus.
794 1514 899 1597 quue
920 1514 1029 1579 locum
1053 1513 1170 1591 habet,
1195 1513 1266 1577 sive
1289 1512 1422 1579 habitus
1446 1532 1523 1576 con·

269 1622 439 1688 sideretur
468 1623 502 1687 in
530 1622 604 1706 ipsa
627 1622 801 1689 voluntate
824 1620 951 1686 sivein
974 1620 1136 1687 facultate
1160 1619 1271 1701 eliqua
1294 1620 1365 1684 eius
1387 1617 1523 1702 imperio

268 1729 441 1795 subiecta:
464 1728 561 1793 huius
585 1728 671 1793 enim
694 1727 872 1794 habitualis
896 1727 1041 1792 facilites
1064 1730 1099 1792 et
1122 1725 1345 1810 promptitudo
1370 1724 1524 1790 avolun·

269 1836 358 1901 tatis
388 1836 526 1920 imperio
556 1834 727 1899 derivatur
759 1838 795 1900 et
816 1833 937 1899 iterato
961 1833 1098 1917 imperio
1122 1830 1313 1914 acquiritur.
1360 1831 1447 1917 Erqo
1465 1882 1471 1895 .
1491 1882 1523 1894 ..

365 1970 524 2043 Probuiur
537 1990 615 2061 pura
628 1971 668 2041 II.
696 1973 879 2038 Assertio
895 1976 923 2038 1.
952 1974 1043 2038 Idem
1059 1972 1187 2037 traditus
1202 1974 1355 2036 intortum
1373 1972 1524 2055 relinquit

269 2085 412 2148 liberum
425 2081 626 2147 indirectam.
655 2081 857 2164 Supponitur
869 2080 955 2145 enim
968 2100 1033 2144 non
1046 2078 1151 2143 solum
1164 2081 1268 2153 actus,
1286 2076 1340 2159 qui
1354 2096 1396 2141 ex
1409 2075 1523 2141 habitu

270 2191 321 2265 fit,
348 2209 423 2252 esse
446 2192 539 2253 actus
562 2190 734 2270 temones,
759 2188 816 2252 sed
832 2188 966 2270 insuper
988 2186 1119 2251 habitus
1134 2186 1205 2267 ipse
1221 2186 1318 2251 libere
1334 2192 1522 2265 contractus,

270 2295 292 2361 i.
307 2315 337 2360 e.
351 2294 456 2358 libera
470 2293 667 2378 repetitione
683 2298 814 2360 actuum
831 2316 873 2358 ex
885 2293 989 2358 libera
1001 2294 1173 2358 voluntate
1189 2290 1435 2375 procedentium
1451 2310 1523 2354 cum

272 2399 464 2482 cognitione
478 2401 596 2466 saltem
613 2400 752 2465 confusa
765 2399 991 2485 propensionis
1007 2400 1082 2463 inde
1099 2402 1281 2463 secuturae.
1313 2397 1399 2481 Erqo
1411 2416 1524 2461 omnes

271 2512 372 2572 actus
401 2505 476 2571 inde
505 2506 721 2590 procedentes
744 2506 877 2587 (saltem
906 2505 1060 2588 quamdiu
1089 2505 1158 2589 ipse
1181 2504 1313 2570 habitus
1336 2524 1400 2567 non
1423 2502 1523 2567 fuerit

272 2613 405 2679 efficaci
425 2616 543 2678 conatu
564 2612 746 2679 voluntatis
766 2613 981 2692 retractatus)
1006 2612 1157 2677 censendi
1174 2616 1251 2676 sunt
1266 2610 1359 2675 liberi
1374 2610 1407 2673 in
1424 2629 1523 2673 censa

271 2740 333 2784 seu
357 2720 522 2783 indirecte.

366 2824 549 2889 Assertio
566 2828 596 2891 2.
621 2828 833 2911 Aliquotenus
849 2828 992 2889 minuere
1005 2831 1103 2909 potest
1118 2824 1252 2889 liberum
1270 2824 1431 2887 directum.
1462 2820 1525 2885 Per

271 2933 382 3016 ipsum
399 2932 484 2996 enim
500 2931 726 3015 propensionis
741 2935 964 3014 augmentum,
982 2930 1177 3013 praesertim
1193 2930 1348 3006 notabile,
1366 2927 1450 3011 quod
1465 2948 1524 3011 per

273 3037 424 3103 habitum
448 3038 601 3106 facultati
624 3039 761 3120 accedit,
786 3040 994 3122 aliquatenus
1010 3038 1176 3116 minuitur,
1200 3038 1278 3103 licet
1294 3058 1358 3102 non
1374 3038 1523 3112 tolletur,

273 3144 501 3227 indifferentis
530 3146 647 3210 iudicii
674 3150 708 3211 et
736 3149 975 3227 consequenter
1004 3144 1196 3223 voluntatis
1226 3146 1383 3227 quantum
1408 3142 1449 3207 sd
1474 3164 1523 3206 ac·

273 3252 393 3315 tentem
423 3249 493 3315 eius
516 3250 819 3317 determinationem
843 3250 979 3324 attinet;
1011 3250 1086 3315 inde
1110 3255 1220 3316 eutem
1244 3250 1365 3333 pendet
1387 3248 1522 3333 liberum

275 3359 445 3422 directum.
492 3357 579 3442 Erqo
596 3410 603 3422 .
623 3410 655 3422 ..

641 3550 818 3650 Liber
855 3548 1167 3650 secundus

504 3728 560 3803 De
588 3728 771 3801 attributis
798 3728 992 3801 moralibus
1021 3735 1118 3801 octos
1145 3728 1303 3800 irrisorii.

788 3906 1028 3998 Prologus

280 4055 347 4126 140.
441 4054 619 4139 Perspecta
642 4058 737 4119 aetus
759 4052 893 4119 humani
915 4058 1036 4119 natura
1053 4052 1333 4134 consideratisque
1349 4051 1528 4125 elementis

280 4163 400 4245 quibus
423 4161 598 4228 intrinsece
622 4162 763 4239 constat,
786 4159 851 4224 iam
875 4158 930 4224 ris
953 4162 1072 4244 aperta
1087 4162 1148 4235 eet,
1173 4180 1237 4241 qua
1253 4158 1295 4223 ad
1311 4156 1530 4241 explorandas

281 4268 462 4335 relationes
483 4270 518 4333 et
541 4266 719 4349 qualitates
734 4270 954 4351 penetremus,
971 4288 1064 4349 -quee
1079 4265 1126 4333 illi
1142 4265 1338 4331 intrinsecus
1353 4262 1530 4329 secundum

281 4376 423 4442 eandem
453 4378 606 4439 naturam
631 4372 839 4439 conveniunt.
886 4372 967 4437 Tres
990 4371 1150 4456 imprimis
1173 4370 1330 4437 eiusmodi
1353 4368 1531 4451 qualitates

281 4503 339 4547 seu
372 4481 534 4547 attributa
563 4485 794 4546 numerantur:
825 4482 1002 4563 enormitas
1033 4482 1277 4565 imputribilitas,
1310 4478 1394 4541 ratio
1424 4477 1530 4541 meriti

282 4589 336 4653 vel
362 4590 518 4669 demeriti,
542 4608 627 4669 quae
650 4585 771 4670 triplici
795 4585 947 4652 relationi
970 4586 1179 4670 respondent,
1205 4582 1343 4667 quaein
1368 4580 1456 4647 omni
1475 4601 1531 4646 ac-

282 4694 374 4761 tione
397 4694 501 4758 libera
525 4692 683 4775 distingui
706 4694 834 4776 potest:
857 4692 984 4757 scilicet
1006 4691 1156 4757 relationi
1181 4692 1222 4756 ad
1245 4692 1348 4775 finem,
1379 4686 1529 4753 relationi

284 4801 327 4865 ad
361 4802 560 4886 principium
596 4798 760 4864 internum
799 4796 936 4862 liberum
979 4800 1148 4879 tamquam
1189 4818 1340 4874 causam,
1378 4792 1531 4860 relationi

285 4927 371 4989 quae
398 4906 446 4971 illi
475 4906 583 4971 inesse
605 4909 717 4989 potest
747 4904 789 4970 ed
812 4906 925 4970 bonnm
949 4906 1004 4969 vel
1027 4908 1146 4969 rnatum
1170 4906 1302 4970 ulterius
1325 4904 1455 4967 subiecti
1478 4921 1529 4965 ra·

284 5012 429 5079 dorsalis.
460 5013 623 5078 Dicuntur
645 5017 754 5078 autem
779 5012 940 5078 attribute
961 5015 1109 5094 moralia,
1134 5011 1210 5095 quie
1228 5009 1348 5075 actioni
1367 5008 1530 5072 humanae
