3909 5842
436 643 479 707 30
662 639 753 695 Sectio
770 640 792 695 1.
829 638 910 695 Liber
928 640 949 695 1.
987 639 1077 711 Caput
1096 640 1129 695 lI.
1167 639 1307 695 Articulns
1328 640 1352 693 l.
1389 640 1452 709 52.

522 818 682 877 Honestum
702 817 834 893 quidem,
865 816 942 893 quod
968 820 1086 877 tautum
1107 816 1210 877 liberis
1232 816 1400 877 actionibus
1423 816 1587 877 convenire
1609 834 1690 875 mous

431 918 536 973 nostra
563 913 708 992 concipit,
739 914 777 973 ad
797 914 878 973 illiue
898 913 1019 987 generis
1041 912 1173 973 ordinem
1195 912 1361 989 pertinere,
1390 913 1440 989 qui
1464 912 1576 972 dicitur
1603 914 1691 988 ,ordo

431 1031 532 1070 rarum
558 1016 591 1071 in
616 1008 735 1086 finem“,
761 1030 815 1088 per
842 1031 876 1070 se
904 1011 980 1069 satis
1008 1010 1109 1087 liquet.
1151 1010 1253 1086 Neque
1281 1016 1383 1070 tamen
1411 1028 1532 1069 omnem
1555 1009 1689 1069 ordinem

430 1108 566 1180 finalem,
594 1109 644 1185 qui
665 1107 854 1168 inhumanis
876 1106 1099 1185 operationibus
1120 1108 1287 1180 invenitur,
1309 1106 1468 1167 honestum
1490 1106 1689 1184 appellamus,

434 1207 487 1266 sed
508 1225 574 1266 eum
596 1206 707 1277 solum,
736 1206 786 1282 qni
807 1212 853 1265 cst
875 1206 946 1265 ordo
967 1226 1066 1265 rerum
1087 1206 1118 1264 iu
1138 1208 1224 1281 finem
1245 1207 1436 1266 universalem
1458 1214 1485 1265 et
1505 1206 1690 1275 absolutum

434 1304 528 1363 omnis
550 1304 610 1363 alia
632 1304 780 1363 ordinatio
800 1304 832 1363 in
852 1304 928 1363 fines
950 1324 1149 1380 quoscumque
1169 1304 1383 1381 particulares,
1409 1304 1434 1363 ei
1456 1302 1691 1381 praescindatur

433 1404 471 1461 ab
492 1420 594 1460 eorum
614 1402 760 1460 relatione
781 1402 818 1460 ad
839 1402 927 1460 finem
950 1400 1128 1473 absolutum,
1151 1402 1205 1460 enb
1221 1402 1353 1476 generali
1367 1400 1468 1479 potius
1482 1400 1607 1460 nomine
1617 1422 1690 1478 pru-

433 1502 546 1560 dentiae
567 1503 715 1560 obiectieoe
738 1504 767 1558 in
787 1502 932 1577 operando
954 1498 1263 1574 lZweckmttssigkeit)
1285 1498 1495 1575 comprehendi
1517 1500 1608 1558 solet
1638 1498 1691 1557 Eat

434 1616 504 1673 ergo
526 1598 684 1657 honestum
705 1600 776 1657 ordo
794 1599 894 1671 finalia
914 1598 1013 1656 liberae
1032 1597 1142 1656 oolibae
1162 1616 1220 1673 quc
1241 1598 1347 1656 inlitae
1366 1596 1493 1655 obuoluto
1510 1598 1692 1670 convenicae,

433 1714 486 1754 ssu
507 1696 700 1755 conformitas
721 1716 787 1754 crem
808 1697 910 1755 ordine
928 1694 1014 1769 finali
1034 1694 1171 1755 absoluto,

522 1791 562 1849 Tb
583 1814 693 1868 oerum,
714 1792 860 1852 obiective
876 1796 1041 1868 acceptum,
1064 1790 1145 1850 aliud
1160 1790 1353 1866 distinguitur
1366 1792 1584 1868 epecrrlatioum,
1610 1792 1691 1851 aliud

430 1894 610 1969 precluum
638 1890 715 1949 nude
738 1891 867 1949 stratio
888 1894 994 1948 nostra
1015 1908 1069 1965 pro
1091 1909 1145 1948 suo
1166 1892 1304 1965 respectu
1326 1887 1364 1947 ad
1385 1888 1566 1947 alterntmm
1588 1889 1691 1963 cogui-

431 1986 522 2046 tionis
544 1986 701 2056 obiectnm,
723 1992 776 2045 aut
796 1988 968 2063 epecutztioo
989 1992 1042 2045 aut
1059 1989 1191 2063 practico
1212 1984 1426 2044 denominatur.

512 2086 618 2145 Verum
643 2089 823 2163 prodieram,
851 2102 886 2142 eo
914 2082 980 2159 ipso
1010 2082 1088 2157 quod
1116 2080 1223 2157 agendi
1249 2100 1382 2141 normam
1405 2081 1563 2158 exprimit,
1592 2089 1690 2143 totum

434 2182 546 2260 pariter
574 2182 610 2241 ad
639 2184 770 2241 ordinem
790 2201 889 2240 rerum
908 2181 1026 2254 finalem
1047 2179 1214 2252 reducitur;
1244 2184 1333 2255 atque
1353 2180 1398 2239 ita
1419 2199 1506 2239 omns
1526 2182 1692 2251 manni,

435 2298 492 2356 qua
513 2278 663 2353 cognitum
685 2283 737 2337 ant
758 2277 975 2352 cognoscibile,
1004 2276 1091 2337 simul
1112 2297 1210 2338 onum
1227 2281 1391 2354 prodirem
1412 2283 1460 2336 est
1480 2284 1512 2337 et
1532 2278 1691 2355 practicae

434 2377 561 2437 rationis
582 2376 737 2436 obiectum.

524 2475 630 2534 Verum
650 2475 855 2550 epemloticnm
876 2479 980 2532 contra
1001 2492 1061 2532 non
1083 2472 1213 2533 ordinem
1233 2473 1361 2545 finalem,
1383 2474 1435 2533 sed
1451 2476 1605 2551 „ordinem
1616 2496 1690 2551 por·

435 2579 508 2633 tium
521 2572 646 2631 alicuius
666 2576 753 2630 totino
773 2572 813 2631 ad
832 2567 971 2629 invicene“
995 2571 1131 2642 exhibet;
1154 2570 1292 2631 consistit
1314 2570 1392 2629 enim
1414 2574 1446 2630 s'n
1460 2574 1618 2631 barm-onia
1641 2592 1690 2629 no-

436 2679 534 2730 torum
562 2667 806 2727 constituentium
835 2666 954 2743 aliquod
984 2688 1043 2727 ease
1069 2686 1161 2726 unum
1190 2685 1246 2743 qua
1275 2666 1485 2742 cognoscibile.
1527 2666 1568 2725 Et
1588 2686 1689 2743 quem·

436 2765 592 2825 admodum
620 2765 651 2823 in
678 2768 792 2825 honesto
818 2770 974 2841 respectus
1003 2765 1039 2823 ad
1067 2765 1155 2823 finem
1184 2765 1368 2837 absolutum,
1397 2764 1440 2824 ita
1468 2766 1500 2823 in
1521 2769 1601 2825 omni
1625 2787 1690 2824 orno

437 2867 592 2939 respectus
620 2862 657 2921 ed
686 2863 818 2921 ordinem
845 2863 965 2921 essendi
988 2862 1156 2921 absolutum
1185 2882 1238 2922 eeu
1266 2862 1303 2922 ad
1334 2882 1432 2923 verum
1453 2864 1617 2922 absolutum
1640 2863 1689 2920 ob·

436 2959 545 3019 iective
565 2959 733 3018 includitur.

525 3058 683 3116 Pulchrum
698 3056 823 3131 denique
837 3056 985 3115 obiective
999 3055 1029 3114 id
1045 3075 1109 3114 cnm
1125 3075 1196 3115 vero
1212 3054 1398 3133 speculativo
1414 3074 1568 3114 commuue
1583 3054 1687 3125 habet,

436 3154 513 3231 quod
535 3152 671 3214 similiter
693 3154 842 3229 „ordinem
858 3158 992 3229 partium
1012 3154 1137 3213 alienius
1157 3158 1244 3214 totino
1264 3154 1304 3213 od
1317 3148 1455 3213 tnoicern“
1470 3152 1603 3223 denotet,
1626 3152 1647 3212 i.
1661 3172 1688 3212 e.

436 3252 572 3329 aliquem,
593 3269 654 3310 non
667 3250 760 3309 libere
775 3250 927 3327 operandi,
949 3250 1001 3309 sed
1016 3253 1127 3311 eceendt
1141 3254 1272 3311 ordinem
1285 3250 1401 3310 incluso
1415 3248 1530 3326 pariter
1544 3254 1688 3327 respectu

436 3350 473 3409 ad
494 3348 626 3409 ordinem
648 3348 767 3408 essendi
787 3350 957 3409 mactatum.
977 3383 1018 3391 -
1040 3348 1111 3409 Cum
1132 3368 1197 3408 cero
1218 3348 1373 3425 pulchrum
1394 3348 1425 3407 iu
1438 3348 1496 3407 hoc
1511 3347 1601 3406 etiam
1618 3366 1687 3407 cou-

435 3448 555 3517 cordat,
577 3446 654 3522 quod
676 3452 724 3505 est
744 3446 893 3505 obiectum
910 3468 965 3523 per
985 3467 1015 3506 ee
1035 3446 1192 3522 perficiens
1214 3445 1379 3522 potentiam
1394 3448 1610 3523 eopnoecitionm
1627 3452 1686 3503 est·

435 3564 491 3621 que
519 3548 612 3623 irpeas
639 3546 748 3603 bonum
775 3544 925 3621 proprium
954 3548 985 3602 et
1012 3544 1129 3603 ratione
1157 3543 1203 3603 eui
1232 3542 1421 3603 conveniens.
1462 3544 1497 3602 Id
1528 3543 1625 3619 ipsum
1656 3551 1688 3603 et

433 3644 462 3703 S.
489 3644 613 3702 Thorace
632 3646 763 3700 testatur
784 3641 901 3700 dicens:
927 3640 990 3714 ,De
1011 3640 1127 3700 ratione
1149 3641 1219 3700 boni
1241 3646 1303 3713 est,
1325 3641 1402 3717 quod
1423 3640 1454 3699 in
1476 3661 1511 3699 eo
1534 3640 1687 3717 quietatur

433 3741 598 3817 appetitum
622 3740 673 3797 sed
696 3739 733 3797 ad
754 3740 901 3799 rationem
922 3738 1038 3815 pulchri
1059 3738 1204 3816 pertinet,
1227 3739 1304 3815 quod
1325 3738 1355 3797 in
1377 3738 1441 3797 eius
1463 3738 1608 3815 adspectu
1630 3758 1684 3798 seu

432 3841 588 3915 copnitione
601 3837 750 3912 quietetur
764 3837 914 3915 appetitus
930 3885 935 3896 .
952 3884 958 3896 .
974 3884 981 3896 .
1009 3836 1047 3895 nt
1062 3838 1105 3897 sic
1120 3842 1212 3915 patet,
1235 3836 1311 3912 quod
1325 3836 1479 3913 pulchrum
1494 3836 1577 3895 addit
1592 3856 1685 3915 supra

433 3938 541 3993 bonnm
563 3935 708 4009 quendam
730 3936 862 3994 ordinem
883 3934 920 3993 ad
941 3934 1002 3993 vim
1024 3934 1269 4010 cognoscitivam
1291 3934 1335 3993 ita
1349 3934 1427 4010 quod
1441 3936 1550 3993 bonum
1566 3932 1685 3993 dicatur

432 4030 478 4100 id,
507 4030 583 4107 quod
611 4030 785 4107 simpliciter
813 4030 979 4107 complacet
1006 4030 1168 4108 appetitui,
1200 4030 1355 4107 pulchrum
1384 4037 1483 4089 autern
1505 4028 1622 4089 dicatur
1643 4030 1683 4101 id,

433 4126 517 4187 cuins
538 4126 605 4203 ipsa
624 4129 813 4203 apprehensio
833 4127 981 4204 placet.“¹
1022 4128 1127 4204 Itaque
1154 4128 1310 4205 pulchrum
1331 4146 1391 4187 nou
1412 4147 1500 4186 secus
1522 4146 1683 4186 severum

429 4228 562 4303 proxime
583 4224 833 4283 considerandum
854 4230 901 4283 eet
921 4230 1071 4300 tamquam
1086 4224 1234 4283 obiectum
1249 4222 1429 4299 cognitionis
1444 4244 1498 4283 seu
1512 4226 1684 4302 corumptu-

432 4327 530 4400 tionie‚
550 4328 581 4381 ot
600 4322 720 4382 nonnisi
742 4327 957 4399 consequenter
978 4326 1011 4381 ut
1033 4322 1180 4382 obiectum
1195 4320 1354 4398 appetitus.
1388 4320 1600 4393 ,Pulchritudo
1622 4341 1683 4381 nou

432 4422 524 4480 habet
543 4420 690 4480 rationem
711 4420 898 4497 appetibilis,
926 4420 985 4479 uisi
1010 4420 1203 4497 inquantum
1231 4419 1328 4478 induit
1355 4419 1502 4479 rationem
1522 4418 1608 4479 boui:
1637 4418 1681 4477 eie

433 4518 510 4576 euim
532 4523 562 4577 et
582 4537 686 4577 verum
706 4518 867 4595 appetibile
889 4518 986 4578 est.“²

521 4614 564 4674 Eo
593 4620 692 4674 antem
713 4617 870 4693 pantana
898 4634 916 4673 a
941 4636 1005 4675 cero
1030 4616 1194 4691 formaliter
1226 4614 1339 4686 differt,
1368 4612 1444 4689 quod
1472 4612 1589 4673 iuvere
1610 4612 1680 4672 ordo

432 4712 562 4789 partium
582 4712 614 4770 in
635 4714 706 4771 ideis
726 4732 803 4771 mere
823 4714 1059 4773 intellectualibus
1079 4718 1218 4772 versatur
1239 4717 1269 4771 et
1290 4710 1430 4771 rationali
1452 4710 1615 4786 cognitioni
1628 4708 1680 4768 im·

526 4890 534 4920 ¹
555 4888 582 4941 S.
606 4888 707 4955 tuom,
726 4887 752 4941 S.
772 4886 855 4941 theol.
876 4888 900 4951 1,
919 4889 943 4953 2,
963 4906 990 4957 q.
1010 4888 1051 4951 27,
1072 4906 1097 4942 a.
1118 4889 1131 4941 1
1151 4888 1186 4941 ed
1205 4887 1230 4941 3,

524 4976 582 5031 ²8.
606 4977 707 5044 raom,
727 4976 758 5029 ln
779 4976 792 5028 l
812 4979 883 5029 sent
903 4975 966 5029 dist.
986 4975 1029 5041 31,
1041 4994 1074 5045 ,q.
1095 4976 1119 5042 2,
1140 4992 1163 5029 a.
1185 4976 1197 5029 1
1219 4974 1253 5028 ad
1272 4976 1297 5029 4.
