3909 5842
805 667 973 738 Conspectus
991 683 1090 721 rerum.

532 844 553 897 I.
572 844 603 898 ln
621 844 665 898 ius
683 844 808 898 naturale
828 846 856 898 et
874 844 1022 915 positivum
1037 884 1444 899 ......

604 931 713 1002 Duplex
737 932 869 987 historice
895 932 1083 1003 interpretatio
1108 930 1189 985 hrrius
1214 930 1369 1001 partitionis
1388 932 1448 1000 (Ius

567 1024 683 1074 naturae
701 1023 729 1073 et
747 1020 791 1075 ius
809 1021 931 1089 gentium
950 1020 1099 1074 secundum
1118 1018 1234 1073 Veteres
1252 1021 1281 1072 et
1297 1020 1447 1073 secundum

568 1108 756 1177 Recentiores)
795 1148 1444 1164 .........

514 1197 549 1251 11.
568 1197 601 1251 In
618 1198 662 1251 ius
680 1197 818 1268 privatum
838 1202 867 1251 et
884 1196 1022 1267 publicum
1038 1237 1445 1250 ......

469 1285 621 1338 scholiam:
643 1282 702 1348 Qua
720 1284 826 1339 ratione
844 1285 1030 1352 distinguatur
1054 1286 1098 1339 ius
1116 1283 1283 1339 individuale
1301 1288 1329 1339 et
1346 1285 1447 1339 sociale

431 1373 487 1441 52.
512 1374 559 1427 Ius
570 1390 619 1443 pro
631 1373 765 1427 facultate
777 1373 873 1427 morali
886 1377 1029 1444 acceptum
1041 1374 1144 1445 triplici
1153 1374 1259 1428 ratione
1269 1374 1448 1443 distinguitur

400 1480 587 1534 Articulus
606 1480 632 1534 3.
662 1479 703 1533 De
722 1498 827 1534 summo
846 1480 914 1533 iuris
932 1478 1066 1533 naturalis
1085 1480 1217 1550 principio
1280 1522 1284 1533 .
1360 1522 1366 1535 .
1440 1522 1446 1533 .

432 1569 493 1637 §L
525 1569 660 1623 Praevius
677 1570 803 1623 notiones

433 1658 450 1726 5
469 1658 494 1712 2.
526 1656 631 1727 Spurio,
642 1675 713 1727 quae
724 1658 911 1729 perhibentur,
922 1675 1030 1712 summa
1042 1658 1110 1712 iuris
1120 1657 1254 1728 principie
1266 1658 1449 1712 excluduntur

357 1762 463 1819 'l'hosls
474 1763 584 1819 mx.
609 1763 640 1817 ln
658 1762 777 1817 hominis
793 1764 922 1818 libertate
939 1768 988 1818 aut
1005 1763 1200 1835 personalitate
1219 1781 1273 1833 qua
1284 1763 1334 1819 tali
1347 1766 1376 1817 et
1388 1764 1448 1819 aba·

431 1855 521 1905 trente
545 1851 718 1906 considerata
744 1870 880 1906 summum
899 1853 966 1907 iuris
985 1853 1147 1923 principium
1165 1852 1274 1907 fundari
1292 1851 1448 1908 nullatenus

432 1944 524 2011 potest
544 1981 1444 1997 ............

467 2030 598 2083 Notandu
616 2032 653 2082 cd
672 2032 812 2083 soluendae
829 2032 1003 2099 difficultates
1039 2072 1446 2085 ......

432 2118 492 2185 53.
524 2117 626 2171 Verum
646 2119 714 2173 iuris
732 2136 867 2173 summum
886 2119 1049 2190 principium
1067 2120 1201 2173 asseritur
1281 2160 1286 2173 .
1360 2162 1366 2173 .
1440 2161 1446 2174 .

358 2224 463 2279 'l'lresls
480 2225 515 2280 L.
552 2226 693 2280 Summum
710 2226 778 2279 iuris
802 2226 936 2281 naturalis
960 2226 1123 2297 principium
1141 2226 1193 2281 hac
1212 2220 1448 2282 universalissima

430 2313 492 2382 lege
510 2314 626 2369 iuridica
644 2315 811 2370 continetur:
830 2314 945 2370 Rectum
964 2316 1039 2369 vitae
1058 2315 1168 2371 socialia
1187 2316 1307 2370 ordinem
1320 2320 1445 2381 servoto;

433 2402 505 2457 unde
523 2403 595 2456 idem
614 2404 665 2456 hoc
683 2405 821 2459 axiomata
839 2407 903 2475 apte
921 2406 1091 2459 enuntiatur:
1112 2404 1209 2459 Omnis
1227 2404 1295 2458 iuria
1313 2404 1447 2459 naturalis

433 2491 573 2545 asserendi
591 2492 662 2545 ratio
687 2495 717 2545 et
739 2510 868 2546 mensura
886 2493 914 2547 iu
939 2497 1014 2547 recto
1038 2493 1113 2548 vitae
1131 2493 1241 2547 socialis
1259 2494 1352 2547 ordine
1370 2496 1446 2547 natu·

434 2580 529 2634 raliter
547 2582 653 2635 sancito
672 2583 827 2651 reponenda
845 2584 889 2635 est
960 2622 1448 2637 .......

471 2669 625 2723 scholium:
649 2669 690 2723 De
715 2670 808 2723 ordine
827 2670 969 2737 diguitatis
987 2676 1016 2724 et
1041 2671 1174 2725 relativae
1202 2670 1386 2741 praestantiae
1410 2671 1449 2725 iu·

504 2758 584 2823 rium,
603 2775 673 2827 quae
692 2775 709 2811 a
726 2775 832 2812 summo
850 2758 919 2813 iuris
937 2758 1069 2830 principio
1089 2758 1248 2813 derivantur
1280 2802 1285 2813 .
1359 2801 1365 2813 .
1440 2802 1445 2812 .

398 2861 592 2916 Atticulae
609 2864 634 2916 4.
672 2861 713 2916 De
731 2862 870 2917 collisione
888 2864 987 2918 iurium
1007 2866 1036 2917 et
1054 2864 1205 2918 officiorum
1279 2906 1285 2917 .
1358 2906 1364 2917 .
1409 2904 1444 2917 r.

432 2950 493 3017 §L
525 2950 566 3003 De
585 2950 724 3005 collisione
743 2950 893 3006 officiorum
957 2994 1446 3007 .......

432 3039 493 3106 §2-
524 3038 565 3092 De
584 3039 723 3093 collisione
740 3040 840 3094 iuriam
877 3082 1445 3095 ........

469 3128 623 3181 Scholium:
648 3126 829 3181 Caenisticum
853 3128 1014 3183 exercitium
1034 3129 1067 3183 de
1086 3128 1225 3183 collisione
1244 3129 1342 3183 iunium
1362 3132 1391 3183 et
1409 3129 1446 3183 of·
