<?xml version="1.0" encoding="UTF-8"?>
<!DOCTYPE html PUBLIC "-//W3C//DTD XHTML 1.0 Transitional//EN"
    "http://www.w3.org/TR/xhtml1/DTD/xhtml1-transitional.dtd">
<html xmlns="http://www.w3.org/1999/xhtml" xml:lang="en" lang="en">
 <head>
  <title>
</title>
<meta http-equiv="Content-Type" content="text/html;charset=utf-8" />
  <meta name='ocr-system' content='tesseract 3.04.00' />
  <meta name='ocr-capabilities' content='ocr_page ocr_carea ocr_par ocr_line ocrx_word'/>
</head>
<body>
  <div class='ocr_page' id='page_1' title='image "./institutionesiu00meyegoog_0355.png"; bbox 0 0 3909 5842; ppageno 0'>
   <div class='ocr_carea' id='block_1_1' title="bbox 617 668 1523 740">
    <p class='ocr_par' dir='ltr' id='par_1_1' title="bbox 617 668 1523 740">
     <span class='ocr_line' id='line_1_1' title="bbox 617 668 1523 740; baseline 0.006 -18"><span class='ocrx_word' id='word_1_1' title='bbox 617 668 659 724; x_wconf 90' lang='lat' dir='ltr'><strong>De</strong></span> <span class='ocrx_word' id='word_1_2' title='bbox 676 668 826 725; x_wconf 82' lang='lat' dir='ltr'><strong>virtutibus</strong></span> <span class='ocrx_word' id='word_1_3' title='bbox 844 668 1028 724; x_wconf 71' lang='lat' dir='ltr'><strong>cardinalibus</strong></span> <span class='ocrx_word' id='word_1_4' title='bbox 1047 671 1074 723; x_wconf 89' lang='lat' dir='ltr'><strong>in</strong></span> <span class='ocrx_word' id='word_1_5' title='bbox 1093 668 1191 740; x_wconf 86' lang='lat' dir='ltr'><strong>specie.</strong></span> <span class='ocrx_word' id='word_1_6' title='bbox 1458 673 1523 737; x_wconf 88' lang='lat'><strong>303</strong></span> 
     </span>
    </p>
   </div>
   <div class='ocr_carea' id='block_1_2' title="bbox 279 842 1526 3353">
    <p class='ocr_par' dir='ltr' id='par_1_2' title="bbox 279 842 1526 2946">
     <span class='ocr_line' id='line_1_2' title="bbox 279 842 1525 927; baseline 0 -19"><span class='ocrx_word' id='word_1_7' title='bbox 279 843 367 926; x_wconf 90' lang='lat' dir='ltr'><strong>quod</strong></span> <span class='ocrx_word' id='word_1_8' title='bbox 388 843 423 908; x_wconf 91' lang='lat' dir='ltr'><strong>in</strong></span> <span class='ocrx_word' id='word_1_9' title='bbox 437 843 511 927; x_wconf 90' lang='lat' dir='ltr'><strong>ipsa</strong></span> <span class='ocrx_word' id='word_1_10' title='bbox 526 843 788 912; x_wconf 79' lang='lat' dir='ltr'><strong>consideratione</strong></span> <span class='ocrx_word' id='word_1_11' title='bbox 804 844 943 912; x_wconf 89' lang='lat' dir='ltr'><strong>rationis</strong></span> <span class='ocrx_word' id='word_1_12' title='bbox 958 843 1119 922; x_wconf 83' lang='lat' dir='ltr'><strong>consistit,</strong></span> <span class='ocrx_word' id='word_1_13' title='bbox 1144 847 1179 912; x_wconf 88' lang='lat' dir='ltr'><strong>et</strong></span> <span class='ocrx_word' id='word_1_14' title='bbox 1195 842 1241 910; x_wconf 89' lang='lat' dir='ltr'><strong>sio</strong></span> <span class='ocrx_word' id='word_1_15' title='bbox 1258 843 1322 910; x_wconf 91' lang='lat' dir='ltr'><strong>erit</strong></span> <span class='ocrx_word' id='word_1_16' title='bbox 1337 864 1403 908; x_wconf 92' lang='lat' dir='ltr'><strong>una</strong></span> <span class='ocrx_word' id='word_1_17' title='bbox 1419 842 1525 909; x_wconf 87' lang='lat' dir='ltr'><strong>virtus</strong></span> 
     </span>
     <span class='ocr_line' id='line_1_3' title="bbox 280 949 1524 1036; baseline -0.001 -22"><span class='ocrx_word' id='word_1_18' title='bbox 280 949 486 1033; x_wconf 87' lang='lat' dir='ltr'><strong>principalis,</strong></span> <span class='ocrx_word' id='word_1_19' title='bbox 514 969 600 1032; x_wconf 88' lang='lat' dir='ltr'><strong>quae</strong></span> <span class='ocrx_word' id='word_1_20' title='bbox 631 949 751 1016; x_wconf 91' lang='lat' dir='ltr'><strong>dicitur</strong></span> <span class='ocrx_word' id='word_1_21' title='bbox 775 952 963 1036; x_wconf 76' lang='lat' dir='ltr'><strong>prudentia.</strong></span> <span class='ocrx_word' id='word_1_22' title='bbox 1011 950 1085 1017; x_wconf 84' lang='lat' dir='ltr'><strong>Alio</strong></span> <span class='ocrx_word' id='word_1_23' title='bbox 1115 949 1212 1016; x_wconf 86' lang='lat' dir='ltr'><strong>modo</strong></span> <span class='ocrx_word' id='word_1_24' title='bbox 1236 949 1414 1016; x_wconf 86' lang='lat' dir='ltr'><strong>secundum</strong></span> <span class='ocrx_word' id='word_1_25' title='bbox 1438 949 1524 1030; x_wconf 92' lang='lat' dir='ltr'><strong>quod</strong></span> 
     </span>
     <span class='ocr_line' id='line_1_4' title="bbox 281 1051 1520 1137; baseline -0.003 -17"><span class='ocrx_word' id='word_1_26' title='bbox 281 1053 368 1120; x_wconf 87' lang='lat' dir='ltr'><strong>circa</strong></span> <span class='ocrx_word' id='word_1_27' title='bbox 390 1052 514 1136; x_wconf 91' lang='lat' dir='ltr'><strong>aliquid</strong></span> <span class='ocrx_word' id='word_1_28' title='bbox 535 1051 668 1137; x_wconf 93' lang='lat' dir='ltr'><strong>ponitur</strong></span> <span class='ocrx_word' id='word_1_29' title='bbox 690 1053 830 1120; x_wconf 90' lang='lat' dir='ltr'><strong>rationis</strong></span> <span class='ocrx_word' id='word_1_30' title='bbox 853 1054 942 1132; x_wconf 90' lang='lat' dir='ltr'><strong>ordo,</strong></span> <span class='ocrx_word' id='word_1_31' title='bbox 968 1057 1003 1119; x_wconf 92' lang='lat' dir='ltr'><strong>et</strong></span> <span class='ocrx_word' id='word_1_32' title='bbox 1024 1053 1087 1118; x_wconf 89' lang='lat' dir='ltr'><strong>hoc</strong></span> <span class='ocrx_word' id='word_1_33' title='bbox 1102 1053 1155 1118; x_wconf 91' lang='lat' dir='ltr'><strong>vel</strong></span> <span class='ocrx_word' id='word_1_34' title='bbox 1180 1051 1267 1120; x_wconf 86' lang='lat' dir='ltr'><strong>circa</strong></span> <span class='ocrx_word' id='word_1_35' title='bbox 1283 1051 1520 1136; x_wconf 78' lang='lat' dir='ltr'><strong>operationes,“</strong></span> 
     </span>
     <span class='ocr_line' id='line_1_5' title="bbox 281 1158 1526 1244; baseline 0 -20"><span class='ocrx_word' id='word_1_36' title='bbox 281 1159 378 1242; x_wconf 89' lang='lat' dir='ltr'><strong>(quae</strong></span> <span class='ocrx_word' id='word_1_37' title='bbox 401 1159 582 1244; x_wconf 88' lang='lat' dir='ltr'><strong>respiciunt</strong></span> <span class='ocrx_word' id='word_1_38' title='bbox 604 1163 761 1226; x_wconf 83' lang='lat' dir='ltr'><strong>externas</strong></span> <span class='ocrx_word' id='word_1_39' title='bbox 783 1158 924 1226; x_wconf 89' lang='lat' dir='ltr'><strong>hominis</strong></span> <span class='ocrx_word' id='word_1_40' title='bbox 947 1163 982 1226; x_wconf 93' lang='lat' dir='ltr'><strong>et</strong></span> <span class='ocrx_word' id='word_1_41' title='bbox 998 1160 1089 1226; x_wconf 90' lang='lat' dir='ltr'><strong>vitae</strong></span> <span class='ocrx_word' id='word_1_42' title='bbox 1112 1159 1244 1226; x_wconf 89' lang='lat' dir='ltr'><strong>socialis</strong></span> <span class='ocrx_word' id='word_1_43' title='bbox 1260 1158 1452 1241; x_wconf 80' lang='lat' dir='ltr'><strong>relationes)</strong></span> <span class='ocrx_word' id='word_1_44' title='bbox 1474 1161 1526 1236; x_wconf 88' lang='lat' dir='ltr'><strong>,et</strong></span> 
     </span>
     <span class='ocr_line' id='line_1_6' title="bbox 281 1264 1525 1350; baseline -0.001 -20"><span class='ocrx_word' id='word_1_45' title='bbox 281 1266 328 1331; x_wconf 91' lang='lat' dir='ltr'><strong>sic</strong></span> <span class='ocrx_word' id='word_1_46' title='bbox 351 1270 403 1332; x_wconf 87' lang='lat' dir='ltr'><strong>est</strong></span> <span class='ocrx_word' id='word_1_47' title='bbox 425 1269 570 1348; x_wconf 84' lang='lat' dir='ltr'><strong>institia;</strong></span> <span class='ocrx_word' id='word_1_48' title='bbox 592 1266 646 1332; x_wconf 86' lang='lat' dir='ltr'><strong>vel</strong></span> <span class='ocrx_word' id='word_1_49' title='bbox 670 1264 759 1330; x_wconf 87' lang='lat' dir='ltr'><strong>circa</strong></span> <span class='ocrx_word' id='word_1_50' title='bbox 780 1264 961 1350; x_wconf 89' lang='lat' dir='ltr'><strong>passiones,</strong></span> <span class='ocrx_word' id='word_1_51' title='bbox 986 1269 1020 1332; x_wconf 89' lang='lat' dir='ltr'><strong>et</strong></span> <span class='ocrx_word' id='word_1_52' title='bbox 1043 1265 1090 1332; x_wconf 89' lang='lat' dir='ltr'><strong>sio</strong></span> <span class='ocrx_word' id='word_1_53' title='bbox 1113 1285 1248 1332; x_wconf 88' lang='lat' dir='ltr'><strong>necesse</strong></span> <span class='ocrx_word' id='word_1_54' title='bbox 1271 1268 1323 1332; x_wconf 90' lang='lat' dir='ltr'><strong>est</strong></span> <span class='ocrx_word' id='word_1_55' title='bbox 1346 1285 1419 1330; x_wconf 87' lang='lat' dir='ltr'><strong>esse</strong></span> <span class='ocrx_word' id='word_1_56' title='bbox 1443 1264 1525 1330; x_wconf 89' lang='lat' dir='ltr'><strong>duas</strong></span> 
     </span>
     <span class='ocr_line' id='line_1_7' title="bbox 280 1370 1524 1457; baseline -0.002 -19"><span class='ocrx_word' id='word_1_57' title='bbox 280 1371 430 1440; x_wconf 86' lang='lat' dir='ltr'><strong>virtutes.</strong></span> <span class='ocrx_word' id='word_1_58' title='bbox 463 1372 617 1438; x_wconf 87' lang='lat' dir='ltr'><strong>Ordinem</strong></span> <span class='ocrx_word' id='word_1_59' title='bbox 633 1371 720 1439; x_wconf 91' lang='lat' dir='ltr'><strong>enim</strong></span> <span class='ocrx_word' id='word_1_60' title='bbox 735 1371 874 1440; x_wconf 87' lang='lat' dir='ltr'><strong>rationis</strong></span> <span class='ocrx_word' id='word_1_61' title='bbox 889 1393 1024 1438; x_wconf 90' lang='lat' dir='ltr'><strong>necesse</strong></span> <span class='ocrx_word' id='word_1_62' title='bbox 1040 1377 1092 1440; x_wconf 91' lang='lat' dir='ltr'><strong>est</strong></span> <span class='ocrx_word' id='word_1_63' title='bbox 1107 1393 1228 1457; x_wconf 88' lang='lat' dir='ltr'><strong>ponere</strong></span> <span class='ocrx_word' id='word_1_64' title='bbox 1243 1371 1330 1438; x_wconf 89' lang='lat' dir='ltr'><strong>circa</strong></span> <span class='ocrx_word' id='word_1_65' title='bbox 1345 1370 1524 1455; x_wconf 91' lang='lat' dir='ltr'><strong>passiones,</strong></span> 
     </span>
     <span class='ocr_line' id='line_1_8' title="bbox 280 1465 1525 1564; baseline 0 -20"><span class='ocrx_word' id='word_1_66' title='bbox 280 1479 489 1546; x_wconf 89' lang='lat' dir='ltr'><strong>considerata</strong></span> <span class='ocrx_word' id='word_1_67' title='bbox 511 1479 730 1564; x_wconf 79' lang='lat' dir='ltr'><strong>repugnantia</strong></span> <span class='ocrx_word' id='word_1_68' title='bbox 752 1479 897 1564; x_wconf 88' lang='lat' dir='ltr'><strong>ipsarum</strong></span> <span class='ocrx_word' id='word_1_69' title='bbox 922 1480 965 1546; x_wconf 88' lang='lat' dir='ltr'><strong>ad</strong></span> <span class='ocrx_word' id='word_1_70' title='bbox 988 1480 1159 1548; x_wconf 89' lang='lat' dir='ltr'><strong>rationem.</strong></span> <span class='ocrx_word' id='word_1_71' title='bbox 1192 1479 1281 1557; x_wconf 86' lang='lat' dir='ltr'><strong>Quae</strong></span> <span class='ocrx_word' id='word_1_72' title='bbox 1305 1465 1434 1561; x_wconf 83' lang='lat' dir='ltr'><strong>qdidem</strong></span> <span class='ocrx_word' id='word_1_73' title='bbox 1451 1482 1525 1563; x_wconf 92' lang='lat' dir='ltr'><strong>pot·</strong></span> 
     </span>
     <span class='ocr_line' id='line_1_9' title="bbox 280 1585 1525 1671; baseline 0 -19"><span class='ocrx_word' id='word_1_74' title='bbox 280 1588 428 1652; x_wconf 88' lang='lat' dir='ltr'><strong>estesse</strong></span> <span class='ocrx_word' id='word_1_75' title='bbox 452 1585 637 1671; x_wconf 87' lang='lat' dir='ltr'><strong>dupliciter:</strong></span> <span class='ocrx_word' id='word_1_76' title='bbox 661 1587 736 1654; x_wconf 87' lang='lat' dir='ltr'><strong>Uno</strong></span> <span class='ocrx_word' id='word_1_77' title='bbox 759 1586 855 1654; x_wconf 91' lang='lat' dir='ltr'><strong>modo</strong></span> <span class='ocrx_word' id='word_1_78' title='bbox 878 1586 1057 1652; x_wconf 88' lang='lat' dir='ltr'><strong>secundum</strong></span> <span class='ocrx_word' id='word_1_79' title='bbox 1081 1586 1166 1670; x_wconf 90' lang='lat' dir='ltr'><strong>quod</strong></span> <span class='ocrx_word' id='word_1_80' title='bbox 1189 1585 1298 1670; x_wconf 88' lang='lat' dir='ltr'><strong>passio</strong></span> <span class='ocrx_word' id='word_1_81' title='bbox 1321 1585 1461 1670; x_wconf 87' lang='lat' dir='ltr'><strong>impellit</strong></span> <span class='ocrx_word' id='word_1_82' title='bbox 1483 1586 1525 1652; x_wconf 92' lang='lat' dir='ltr'><strong>ad</strong></span> 
     </span>
     <span class='ocr_line' id='line_1_10' title="bbox 280 1690 1525 1778; baseline 0.001 -21"><span class='ocrx_word' id='word_1_83' title='bbox 280 1690 412 1774; x_wconf 89' lang='lat' dir='ltr'><strong>aliquod</strong></span> <span class='ocrx_word' id='word_1_84' title='bbox 436 1692 636 1759; x_wconf 86' lang='lat' dir='ltr'><strong>contrarium</strong></span> <span class='ocrx_word' id='word_1_85' title='bbox 660 1692 798 1772; x_wconf 85' lang='lat' dir='ltr'><strong>rationi;</strong></span> <span class='ocrx_word' id='word_1_86' title='bbox 821 1696 856 1760; x_wconf 90' lang='lat' dir='ltr'><strong>ct</strong></span> <span class='ocrx_word' id='word_1_87' title='bbox 879 1693 927 1759; x_wconf 88' lang='lat' dir='ltr'><strong>sic</strong></span> <span class='ocrx_word' id='word_1_88' title='bbox 949 1713 1086 1759; x_wconf 87' lang='lat' dir='ltr'><strong>necesse</strong></span> <span class='ocrx_word' id='word_1_89' title='bbox 1109 1696 1170 1770; x_wconf 89' lang='lat' dir='ltr'><strong>est,</strong></span> <span class='ocrx_word' id='word_1_90' title='bbox 1195 1692 1281 1775; x_wconf 92' lang='lat' dir='ltr'><strong>quod</strong></span> <span class='ocrx_word' id='word_1_91' title='bbox 1297 1693 1405 1776; x_wconf 85' lang='lat' dir='ltr'><strong>passio</strong></span> <span class='ocrx_word' id='word_1_92' title='bbox 1421 1695 1525 1778; x_wconf 79' lang='lat' dir='ltr'><strong>repri-</strong></span> 
     </span>
     <span class='ocr_line' id='line_1_11' title="bbox 280 1797 1524 1886; baseline 0.001 -25"><span class='ocrx_word' id='word_1_93' title='bbox 280 1805 398 1882; x_wconf 84' lang='lat' dir='ltr'><strong>mntnr,</strong></span> <span class='ocrx_word' id='word_1_94' title='bbox 423 1802 458 1866; x_wconf 93' lang='lat' dir='ltr'><strong>et</strong></span> <span class='ocrx_word' id='word_1_95' title='bbox 480 1800 522 1865; x_wconf 91' lang='lat' dir='ltr'><strong>ab</strong></span> <span class='ocrx_word' id='word_1_96' title='bbox 545 1799 607 1866; x_wconf 91' lang='lat' dir='ltr'><strong>hoc</strong></span> <span class='ocrx_word' id='word_1_97' title='bbox 630 1798 860 1866; x_wconf 87' lang='lat' dir='ltr'><strong>denominatur</strong></span> <span class='ocrx_word' id='word_1_98' title='bbox 881 1801 1102 1886; x_wconf 79' lang='lat' dir='ltr'><strong>teenperontia.</strong></span> <span class='ocrx_word' id='word_1_99' title='bbox 1135 1797 1209 1864; x_wconf 84' lang='lat' dir='ltr'><strong>Alio</strong></span> <span class='ocrx_word' id='word_1_100' title='bbox 1233 1798 1329 1864; x_wconf 87' lang='lat' dir='ltr'><strong>modo</strong></span> <span class='ocrx_word' id='word_1_101' title='bbox 1348 1798 1524 1870; x_wconf 89' lang='lat' dir='ltr'><strong>secundum</strong></span> 
     </span>
     <span class='ocr_line' id='line_1_12' title="bbox 281 1903 1525 1989; baseline 0 -19"><span class='ocrx_word' id='word_1_102' title='bbox 281 1905 367 1988; x_wconf 92' lang='lat' dir='ltr'><strong>quod</strong></span> <span class='ocrx_word' id='word_1_103' title='bbox 389 1905 499 1989; x_wconf 88' lang='lat' dir='ltr'><strong>passio</strong></span> <span class='ocrx_word' id='word_1_104' title='bbox 523 1906 664 1974; x_wconf 90' lang='lat' dir='ltr'><strong>retrahit</strong></span> <span class='ocrx_word' id='word_1_105' title='bbox 688 1907 729 1972; x_wconf 92' lang='lat' dir='ltr'><strong>ab</strong></span> <span class='ocrx_word' id='word_1_106' title='bbox 752 1927 808 1984; x_wconf 92' lang='lat' dir='ltr'><strong>eo,</strong></span> <span class='ocrx_word' id='word_1_107' title='bbox 839 1907 925 1989; x_wconf 91' lang='lat' dir='ltr'><strong>quod</strong></span> <span class='ocrx_word' id='word_1_108' title='bbox 948 1907 1034 1974; x_wconf 89' lang='lat' dir='ltr'><strong>ratio</strong></span> <span class='ocrx_word' id='word_1_109' title='bbox 1059 1906 1179 1984; x_wconf 87' lang='lat' dir='ltr'><strong>dictat,</strong></span> <span class='ocrx_word' id='word_1_110' title='bbox 1209 1904 1295 1972; x_wconf 88' lang='lat' dir='ltr'><strong>sicut</strong></span> <span class='ocrx_word' id='word_1_111' title='bbox 1317 1904 1416 1972; x_wconf 91' lang='lat' dir='ltr'><strong>timor</strong></span> <span class='ocrx_word' id='word_1_112' title='bbox 1438 1903 1525 1988; x_wconf 88' lang='lat' dir='ltr'><strong>peri·</strong></span> 
     </span>
     <span class='ocr_line' id='line_1_13' title="bbox 282 2011 1526 2096; baseline -0.001 -20"><span class='ocrx_word' id='word_1_113' title='bbox 282 2011 427 2078; x_wconf 91' lang='lat' dir='ltr'><strong>culorum</strong></span> <span class='ocrx_word' id='word_1_114' title='bbox 457 2012 512 2080; x_wconf 86' lang='lat' dir='ltr'><strong>vel</strong></span> <span class='ocrx_word' id='word_1_115' title='bbox 539 2013 705 2089; x_wconf 65' lang='lat' dir='ltr'><strong>laborunn</strong></span> <span class='ocrx_word' id='word_1_116' title='bbox 736 2016 771 2080; x_wconf 92' lang='lat' dir='ltr'><strong>et</strong></span> <span class='ocrx_word' id='word_1_117' title='bbox 800 2013 848 2079; x_wconf 90' lang='lat' dir='ltr'><strong>sic</strong></span> <span class='ocrx_word' id='word_1_118' title='bbox 877 2033 1014 2080; x_wconf 89' lang='lat' dir='ltr'><strong>necesse</strong></span> <span class='ocrx_word' id='word_1_119' title='bbox 1037 2018 1104 2092; x_wconf 90' lang='lat' dir='ltr'><strong>est,</strong></span> <span class='ocrx_word' id='word_1_120' title='bbox 1138 2013 1224 2096; x_wconf 92' lang='lat' dir='ltr'><strong>quod</strong></span> <span class='ocrx_word' id='word_1_121' title='bbox 1254 2012 1349 2078; x_wconf 90' lang='lat' dir='ltr'><strong>homo</strong></span> <span class='ocrx_word' id='word_1_122' title='bbox 1380 2011 1526 2094; x_wconf 77' lang='lat' dir='ltr'><strong>firmetur</strong></span> 
     </span>
     <span class='ocr_line' id='line_1_14' title="bbox 281 2117 1525 2202; baseline 0 -21"><span class='ocrx_word' id='word_1_123' title='bbox 281 2117 314 2182; x_wconf 93' lang='lat' dir='ltr'><strong>in</strong></span> <span class='ocrx_word' id='word_1_124' title='bbox 338 2139 388 2196; x_wconf 92' lang='lat' dir='ltr'><strong>eo,</strong></span> <span class='ocrx_word' id='word_1_125' title='bbox 412 2120 498 2202; x_wconf 91' lang='lat' dir='ltr'><strong>quod</strong></span> <span class='ocrx_word' id='word_1_126' title='bbox 523 2123 574 2185; x_wconf 89' lang='lat' dir='ltr'><strong>est</strong></span> <span class='ocrx_word' id='word_1_127' title='bbox 597 2119 745 2198; x_wconf 87' lang='lat' dir='ltr'><strong>rationis,</strong></span> <span class='ocrx_word' id='word_1_128' title='bbox 769 2140 812 2185; x_wconf 92' lang='lat' dir='ltr'><strong>ne</strong></span> <span class='ocrx_word' id='word_1_129' title='bbox 827 2120 978 2197; x_wconf 88' lang='lat' dir='ltr'><strong>recedat;</strong></span> <span class='ocrx_word' id='word_1_130' title='bbox 1004 2124 1038 2188; x_wconf 89' lang='lat' dir='ltr'><strong>et</strong></span> <span class='ocrx_word' id='word_1_131' title='bbox 1054 2120 1095 2186; x_wconf 92' lang='lat' dir='ltr'><strong>ab</strong></span> <span class='ocrx_word' id='word_1_132' title='bbox 1111 2119 1172 2184; x_wconf 89' lang='lat' dir='ltr'><strong>hoc</strong></span> <span class='ocrx_word' id='word_1_133' title='bbox 1188 2117 1417 2184; x_wconf 87' lang='lat' dir='ltr'><strong>denominatur</strong></span> <span class='ocrx_word' id='word_1_134' title='bbox 1429 2117 1525 2199; x_wconf 72' lang='lat' dir='ltr'><strong>forti·</strong></span> 
     </span>
     <span class='ocr_line' id='line_1_15' title="bbox 283 2222 1524 2292; baseline -0.002 -5"><span class='ocrx_word' id='word_1_135' title='bbox 283 2225 368 2290; x_wconf 83' lang='lat' dir='ltr'><strong>tado.</strong></span> <span class='ocrx_word' id='word_1_136' title='bbox 391 2225 503 2292; x_wconf 85' lang='lat' dir='ltr'><strong>-Et</strong></span> <span class='ocrx_word' id='word_1_137' title='bbox 526 2225 678 2292; x_wconf 90' lang='lat' dir='ltr'><strong>similiter</strong></span> <span class='ocrx_word' id='word_1_138' title='bbox 700 2228 872 2292; x_wconf 77' lang='lat' dir='ltr'><strong>secandam</strong></span> <span class='ocrx_word' id='word_1_139' title='bbox 896 2227 1036 2292; x_wconf 82' lang='lat' dir='ltr'><strong>subiecta</strong></span> <span class='ocrx_word' id='word_1_140' title='bbox 1063 2224 1149 2290; x_wconf 91' lang='lat' dir='ltr'><strong>idem</strong></span> <span class='ocrx_word' id='word_1_141' title='bbox 1172 2244 1326 2290; x_wconf 89' lang='lat' dir='ltr'><strong>numerus</strong></span> <span class='ocrx_word' id='word_1_142' title='bbox 1349 2222 1524 2288; x_wconf 89' lang='lat' dir='ltr'><strong>invenitur.</strong></span> 
     </span>
     <span class='ocr_line' id='line_1_16' title="bbox 283 2327 1526 2414; baseline 0 -20"><span class='ocrx_word' id='word_1_143' title='bbox 283 2327 493 2414; x_wconf 86' lang='lat' dir='ltr'><strong>Quadruplex</strong></span> <span class='ocrx_word' id='word_1_144' title='bbox 515 2331 600 2398; x_wconf 90' lang='lat' dir='ltr'><strong>euim</strong></span> <span class='ocrx_word' id='word_1_145' title='bbox 623 2330 791 2398; x_wconf 84' lang='lat' dir='ltr'><strong>invenitur</strong></span> <span class='ocrx_word' id='word_1_146' title='bbox 812 2331 995 2398; x_wconf 89' lang='lat' dir='ltr'><strong>subiectum</strong></span> <span class='ocrx_word' id='word_1_147' title='bbox 1018 2330 1114 2397; x_wconf 89' lang='lat' dir='ltr'><strong>huius</strong></span> <span class='ocrx_word' id='word_1_148' title='bbox 1130 2330 1272 2408; x_wconf 85' lang='lat' dir='ltr'><strong>virtutis,</strong></span> <span class='ocrx_word' id='word_1_149' title='bbox 1297 2330 1338 2395; x_wconf 93' lang='lat' dir='ltr'><strong>de</strong></span> <span class='ocrx_word' id='word_1_150' title='bbox 1361 2349 1425 2411; x_wconf 89' lang='lat' dir='ltr'><strong>qua</strong></span> <span class='ocrx_word' id='word_1_151' title='bbox 1441 2349 1526 2394; x_wconf 87' lang='lat' dir='ltr'><strong>nunc</strong></span> 
     </span>
     <span class='ocr_line' id='line_1_17' title="bbox 283 2435 1526 2524; baseline -0.001 -24"><span class='ocrx_word' id='word_1_152' title='bbox 283 2436 460 2520; x_wconf 90' lang='lat' dir='ltr'><strong>loquimur,</strong></span> <span class='ocrx_word' id='word_1_153' title='bbox 491 2438 618 2504; x_wconf 89' lang='lat' dir='ltr'><strong>scilicet</strong></span> <span class='ocrx_word' id='word_1_154' title='bbox 647 2438 811 2504; x_wconf 86' lang='lat' dir='ltr'><strong>rationale</strong></span> <span class='ocrx_word' id='word_1_155' title='bbox 832 2461 892 2524; x_wconf 83' lang='lat' dir='ltr'><strong>per</strong></span> <span class='ocrx_word' id='word_1_156' title='bbox 916 2439 1082 2504; x_wconf 71' lang='lat' dir='ltr'><strong>arentiam</strong></span> <span class='ocrx_word' id='word_1_157' title='bbox 1106 2436 1219 2520; x_wconf 87' lang='lat' dir='ltr'><strong>(ratio)</strong></span> <span class='ocrx_word' id='word_1_158' title='bbox 1243 2435 1329 2518; x_wconf 90' lang='lat' dir='ltr'><strong>quod</strong></span> <span class='ocrx_word' id='word_1_159' title='bbox 1349 2435 1526 2522; x_wconf 84' lang='lat' dir='ltr'><strong>prudentia</strong></span> 
     </span>
     <span class='ocr_line' id='line_1_18' title="bbox 282 2539 1525 2630; baseline 0 -24"><span class='ocrx_word' id='word_1_160' title='bbox 282 2542 426 2626; x_wconf 84' lang='lat' dir='ltr'><strong>perficit3</strong></span> <span class='ocrx_word' id='word_1_161' title='bbox 457 2548 491 2609; x_wconf 92' lang='lat' dir='ltr'><strong>et</strong></span> <span class='ocrx_word' id='word_1_162' title='bbox 513 2543 677 2608; x_wconf 89' lang='lat' dir='ltr'><strong>rationale</strong></span> <span class='ocrx_word' id='word_1_163' title='bbox 698 2567 757 2630; x_wconf 86' lang='lat' dir='ltr'><strong>per</strong></span> <span class='ocrx_word' id='word_1_164' title='bbox 777 2546 1073 2630; x_wconf 69' lang='lat' dir='ltr'><strong>participationem,</strong></span> <span class='ocrx_word' id='word_1_165' title='bbox 1104 2543 1189 2626; x_wconf 90' lang='lat' dir='ltr'><strong>quod</strong></span> <span class='ocrx_word' id='word_1_166' title='bbox 1213 2542 1370 2608; x_wconf 92' lang='lat' dir='ltr'><strong>dividitur</strong></span> <span class='ocrx_word' id='word_1_167' title='bbox 1392 2541 1425 2606; x_wconf 90' lang='lat' dir='ltr'><strong>in</strong></span> <span class='ocrx_word' id='word_1_168' title='bbox 1449 2539 1525 2619; x_wconf 88' lang='lat' dir='ltr'><strong>tria,</strong></span> 
     </span>
     <span class='ocr_line' id='line_1_19' title="bbox 282 2646 1526 2733; baseline 0.001 -22"><span class='ocrx_word' id='word_1_169' title='bbox 282 2649 302 2714; x_wconf 92' lang='lat' dir='ltr'><strong>i.</strong></span> <span class='ocrx_word' id='word_1_170' title='bbox 327 2669 355 2714; x_wconf 89' lang='lat' dir='ltr'><strong>e.</strong></span> <span class='ocrx_word' id='word_1_171' title='bbox 380 2648 413 2713; x_wconf 92' lang='lat' dir='ltr'><strong>iu</strong></span> <span class='ocrx_word' id='word_1_172' title='bbox 436 2650 657 2727; x_wconf 86' lang='lat' dir='ltr'><strong>voluntatem,</strong></span> <span class='ocrx_word' id='word_1_173' title='bbox 682 2668 767 2732; x_wconf 89' lang='lat' dir='ltr'><strong>quae</strong></span> <span class='ocrx_word' id='word_1_174' title='bbox 790 2653 842 2714; x_wconf 89' lang='lat' dir='ltr'><strong>est</strong></span> <span class='ocrx_word' id='word_1_175' title='bbox 864 2648 1044 2714; x_wconf 87' lang='lat' dir='ltr'><strong>subiectum</strong></span> <span class='ocrx_word' id='word_1_176' title='bbox 1068 2651 1225 2733; x_wconf 82' lang='lat' dir='ltr'><strong>institiae,</strong></span> <span class='ocrx_word' id='word_1_177' title='bbox 1257 2653 1292 2715; x_wconf 89' lang='lat' dir='ltr'><strong>et</strong></span> <span class='ocrx_word' id='word_1_178' title='bbox 1314 2646 1526 2730; x_wconf 87' lang='lat' dir='ltr'><strong>(sensibilita-</strong></span> 
     </span>
     <span class='ocr_line' id='line_1_20' title="bbox 282 2753 1525 2844; baseline -0.002 -23"><span class='ocrx_word' id='word_1_179' title='bbox 282 2753 363 2837; x_wconf 90' lang='lat' dir='ltr'><strong>tem)</strong></span> <span class='ocrx_word' id='word_1_180' title='bbox 388 2755 680 2840; x_wconf 84' lang='lat' dir='ltr'><strong>concupiscibilem,</strong></span> <span class='ocrx_word' id='word_1_181' title='bbox 706 2777 790 2838; x_wconf 90' lang='lat' dir='ltr'><strong>quae</strong></span> <span class='ocrx_word' id='word_1_182' title='bbox 813 2760 864 2822; x_wconf 91' lang='lat' dir='ltr'><strong>est</strong></span> <span class='ocrx_word' id='word_1_183' title='bbox 887 2755 1068 2821; x_wconf 89' lang='lat' dir='ltr'><strong>subiectum</strong></span> <span class='ocrx_word' id='word_1_184' title='bbox 1093 2759 1329 2844; x_wconf 84' lang='lat' dir='ltr'><strong>temperantiae,</strong></span> <span class='ocrx_word' id='word_1_185' title='bbox 1355 2759 1390 2822; x_wconf 89' lang='lat' dir='ltr'><strong>et</strong></span> <span class='ocrx_word' id='word_1_186' title='bbox 1411 2753 1525 2820; x_wconf 89' lang='lat' dir='ltr'><strong>irasci·</strong></span> 
     </span>
     <span class='ocr_line' id='line_1_21' title="bbox 282 2860 1063 2946; baseline 0.003 -20"><span class='ocrx_word' id='word_1_187' title='bbox 282 2860 390 2940; x_wconf 90' lang='lat' dir='ltr'><strong>bilem,</strong></span> <span class='ocrx_word' id='word_1_188' title='bbox 414 2882 499 2945; x_wconf 89' lang='lat' dir='ltr'><strong>quae</strong></span> <span class='ocrx_word' id='word_1_189' title='bbox 522 2865 574 2928; x_wconf 88' lang='lat' dir='ltr'><strong>est</strong></span> <span class='ocrx_word' id='word_1_190' title='bbox 597 2861 777 2928; x_wconf 88' lang='lat' dir='ltr'><strong>subiectum</strong></span> <span class='ocrx_word' id='word_1_191' title='bbox 800 2861 1063 2946; x_wconf 75' lang='lat' dir='ltr'><strong>fortitudinis.“1</strong></span> 
     </span>
    </p>

    <p class='ocr_par' dir='ltr' id='par_1_3' title="bbox 282 2967 1526 3353">
     <span class='ocr_line' id='line_1_22' title="bbox 371 2967 1526 3054; baseline -0.001 -21"><span class='ocrx_word' id='word_1_192' title='bbox 371 2968 481 3052; x_wconf 83' lang='lat' dir='ltr'><strong>Atque</strong></span> <span class='ocrx_word' id='word_1_193' title='bbox 503 2969 553 3035; x_wconf 88' lang='lat' dir='ltr'><strong>ita</strong></span> <span class='ocrx_word' id='word_1_194' title='bbox 575 2968 789 3054; x_wconf 86' lang='lat' dir='ltr'><strong>intellegitur,</strong></span> <span class='ocrx_word' id='word_1_195' title='bbox 813 2990 879 3034; x_wconf 92' lang='lat' dir='ltr'><strong>non</strong></span> <span class='ocrx_word' id='word_1_196' title='bbox 902 2969 1007 3034; x_wconf 88' lang='lat' dir='ltr'><strong>solum</strong></span> <span class='ocrx_word' id='word_1_197' title='bbox 1031 2969 1072 3034; x_wconf 92' lang='lat' dir='ltr'><strong>ad</strong></span> <span class='ocrx_word' id='word_1_198' title='bbox 1095 2969 1155 3034; x_wconf 87' lang='lat' dir='ltr'><strong>has</strong></span> <span class='ocrx_word' id='word_1_199' title='bbox 1178 2974 1346 3052; x_wconf 89' lang='lat' dir='ltr'><strong>tamquam</strong></span> <span class='ocrx_word' id='word_1_200' title='bbox 1366 2967 1526 3054; x_wconf 87' lang='lat' dir='ltr'><strong>capitales</strong></span> 
     </span>
     <span class='ocr_line' id='line_1_23' title="bbox 282 3073 1524 3156; baseline 0 -18"><span class='ocrx_word' id='word_1_201' title='bbox 282 3095 394 3139; x_wconf 89' lang='lat' dir='ltr'><strong>omnes</strong></span> <span class='ocrx_word' id='word_1_202' title='bbox 418 3075 502 3140; x_wconf 86' lang='lat' dir='ltr'><strong>alias</strong></span> <span class='ocrx_word' id='word_1_203' title='bbox 525 3074 666 3141; x_wconf 84' lang='lat' dir='ltr'><strong>virtutes</strong></span> <span class='ocrx_word' id='word_1_204' title='bbox 689 3075 832 3141; x_wconf 89' lang='lat' dir='ltr'><strong>morales</strong></span> <span class='ocrx_word' id='word_1_205' title='bbox 854 3074 887 3139; x_wconf 92' lang='lat' dir='ltr'><strong>in</strong></span> <span class='ocrx_word' id='word_1_206' title='bbox 911 3095 970 3140; x_wconf 92' lang='lat' dir='ltr'><strong>suo</strong></span> <span class='ocrx_word' id='word_1_207' title='bbox 995 3095 1156 3156; x_wconf 88' lang='lat' dir='ltr'><strong>quamque</strong></span> <span class='ocrx_word' id='word_1_208' title='bbox 1180 3073 1292 3139; x_wconf 91' lang='lat' dir='ltr'><strong>ordine</strong></span> <span class='ocrx_word' id='word_1_209' title='bbox 1316 3073 1443 3150; x_wconf 89' lang='lat' dir='ltr'><strong>reduci,</strong></span> <span class='ocrx_word' id='word_1_210' title='bbox 1468 3073 1524 3138; x_wconf 90' lang='lat' dir='ltr'><strong>sed</strong></span> 
     </span>
     <span class='ocr_line' id='line_1_24' title="bbox 283 3179 1525 3266; baseline 0 -21"><span class='ocrx_word' id='word_1_211' title='bbox 283 3181 382 3247; x_wconf 89' lang='lat' dir='ltr'><strong>etiam</strong></span> <span class='ocrx_word' id='word_1_212' title='bbox 414 3181 447 3246; x_wconf 93' lang='lat' dir='ltr'><strong>in</strong></span> <span class='ocrx_word' id='word_1_213' title='bbox 479 3185 566 3247; x_wconf 79' lang='lat' dir='ltr'><strong>vitiis</strong></span> <span class='ocrx_word' id='word_1_214' title='bbox 598 3181 758 3266; x_wconf 90' lang='lat' dir='ltr'><strong>oppositis</strong></span> <span class='ocrx_word' id='word_1_215' title='bbox 789 3181 929 3246; x_wconf 90' lang='lat' dir='ltr'><strong>similem</strong></span> <span class='ocrx_word' id='word_1_216' title='bbox 961 3202 1021 3266; x_wconf 92' lang='lat' dir='ltr'><strong>per</strong></span> <span class='ocrx_word' id='word_1_217' title='bbox 1053 3180 1252 3247; x_wconf 87' lang='lat' dir='ltr'><strong>contrarium</strong></span> <span class='ocrx_word' id='word_1_218' title='bbox 1287 3179 1525 3246; x_wconf 88' lang='lat' dir='ltr'><strong>distributionis</strong></span> 
     </span>
     <span class='ocr_line' id='line_1_25' title="bbox 282 3287 617 3353; baseline 0.003 -1"><span class='ocrx_word' id='word_1_219' title='bbox 282 3287 445 3352; x_wconf 90' lang='lat' dir='ltr'><strong>rationem</strong></span> <span class='ocrx_word' id='word_1_220' title='bbox 468 3287 617 3353; x_wconf 88' lang='lat' dir='ltr'><strong>inveniri.</strong></span> 
     </span>
    </p>
   </div>
   <div class='ocr_carea' id='block_1_3' title="bbox 397 3479 1410 3565">
    <p class='ocr_par' dir='ltr' id='par_1_4' title="bbox 397 3479 1410 3565">
     <span class='ocr_line' id='line_1_26' title="bbox 397 3479 1410 3565; baseline 0.002 -20"><span class='ocrx_word' id='word_1_221' title='bbox 397 3479 469 3562; x_wconf 59' lang='grc'><strong>52.</strong></span> <span class='ocrx_word' id='word_1_222' title='bbox 515 3481 572 3547; x_wconf 91' lang='lat' dir='ltr'><strong>De</strong></span> <span class='ocrx_word' id='word_1_223' title='bbox 601 3481 839 3548; x_wconf 88' lang='lat' dir='ltr'><strong>virtutibus</strong></span> <span class='ocrx_word' id='word_1_224' title='bbox 868 3481 1160 3548; x_wconf 87' lang='lat' dir='ltr'><strong>cardinalibus</strong></span> <span class='ocrx_word' id='word_1_225' title='bbox 1189 3481 1228 3546; x_wconf 94' lang='lat' dir='ltr'><strong>in</strong></span> <span class='ocrx_word' id='word_1_226' title='bbox 1259 3480 1410 3565; x_wconf 88' lang='lat' dir='ltr'><strong>specie.</strong></span> 
     </span>
    </p>
   </div>
   <div class='ocr_carea' id='block_1_4' title="bbox 281 3602 1527 4324">
    <p class='ocr_par' dir='ltr' id='par_1_5' title="bbox 281 3602 1527 4324">
     <span class='ocr_line' id='line_1_27' title="bbox 282 3602 1526 3690; baseline -0.005 -17"><span class='ocrx_word' id='word_1_227' title='bbox 282 3602 353 3673; x_wconf 76' lang='grc'><strong>340.</strong></span> <span class='ocrx_word' id='word_1_228' title='bbox 443 3603 468 3671; x_wconf 95' lang='grc' dir='ltr'><strong>Ι.</strong></span> <span class='ocrx_word' id='word_1_229' title='bbox 499 3605 681 3669; x_wconf 81' lang='lat' dir='ltr'><strong>Prudentia</strong></span> <span class='ocrx_word' id='word_1_230' title='bbox 704 3603 830 3668; x_wconf 90' lang='lat' dir='ltr'><strong>definiri</strong></span> <span class='ocrx_word' id='word_1_231' title='bbox 857 3604 961 3670; x_wconf 90' lang='lat' dir='ltr'><strong>solet:</strong></span> <span class='ocrx_word' id='word_1_232' title='bbox 995 3611 1099 3686; x_wconf 84' lang='lat' dir='ltr'><strong>„recta</strong></span> <span class='ocrx_word' id='word_1_233' title='bbox 1130 3607 1213 3670; x_wconf 87' lang='lat' dir='ltr'><strong>ratio</strong></span> <span class='ocrx_word' id='word_1_234' title='bbox 1237 3602 1445 3690; x_wconf 57' lang='lat' dir='ltr'><strong>anicinum</strong></span> <span class='ocrx_word' id='word_1_235' title='bbox 1467 3623 1526 3668; x_wconf 93' lang='lat' dir='ltr'><strong>seu</strong></span> 
     </span>
     <span class='ocr_line' id='line_1_28' title="bbox 281 3708 1526 3796; baseline 0.001 -23"><span class='ocrx_word' id='word_1_236' title='bbox 281 3708 415 3774; x_wconf 91' lang='lat' dir='ltr'><strong>habitus</strong></span> <span class='ocrx_word' id='word_1_237' title='bbox 439 3709 623 3794; x_wconf 90' lang='lat' dir='ltr'><strong>applicandi</strong></span> <span class='ocrx_word' id='word_1_238' title='bbox 646 3709 808 3793; x_wconf 89' lang='lat' dir='ltr'><strong>principia</strong></span> <span class='ocrx_word' id='word_1_239' title='bbox 829 3731 955 3776; x_wconf 91' lang='lat' dir='ltr'><strong>morum</strong></span> <span class='ocrx_word' id='word_1_240' title='bbox 980 3711 1178 3777; x_wconf 90' lang='lat' dir='ltr'><strong>universalia</strong></span> <span class='ocrx_word' id='word_1_241' title='bbox 1196 3711 1238 3776; x_wconf 93' lang='lat' dir='ltr'><strong>ad</strong></span> <span class='ocrx_word' id='word_1_242' title='bbox 1253 3711 1436 3796; x_wconf 85' lang='lat' dir='ltr'><strong>peculiares</strong></span> <span class='ocrx_word' id='word_1_243' title='bbox 1452 3731 1526 3775; x_wconf 88' lang='lat' dir='ltr'><strong>con-</strong></span> 
     </span>
     <span class='ocr_line' id='line_1_29' title="bbox 283 3813 1527 3900; baseline -0.002 -18"><span class='ocrx_word' id='word_1_244' title='bbox 283 3815 447 3882; x_wconf 90' lang='lat' dir='ltr'><strong>clusiones</strong></span> <span class='ocrx_word' id='word_1_245' title='bbox 463 3814 686 3900; x_wconf 89' lang='lat' dir='ltr'><strong>operabilium.</strong></span> <span class='ocrx_word' id='word_1_246' title='bbox 721 3813 789 3896; x_wconf 79' lang='lat' dir='ltr'><strong>„Ad</strong></span> <span class='ocrx_word' id='word_1_247' title='bbox 804 3815 1046 3900; x_wconf 83' lang='lat' dir='ltr'><strong>prudentiam“,</strong></span> <span class='ocrx_word' id='word_1_248' title='bbox 1070 3815 1118 3883; x_wconf 88' lang='lat' dir='ltr'><strong>ait</strong></span> <span class='ocrx_word' id='word_1_249' title='bbox 1134 3816 1166 3883; x_wconf 87' lang='lat' dir='ltr'><strong>S.</strong></span> <span class='ocrx_word' id='word_1_250' title='bbox 1184 3815 1336 3894; x_wconf 86' lang='lat' dir='ltr'><strong>Thomas,</strong></span> <span class='ocrx_word' id='word_1_251' title='bbox 1365 3815 1527 3900; x_wconf 88' lang='lat' dir='ltr'><strong>,pertinet</strong></span> 
     </span>
     <span class='ocr_line' id='line_1_30' title="bbox 283 3921 1526 4007; baseline -0.003 -17"><span class='ocrx_word' id='word_1_252' title='bbox 283 3921 462 4007; x_wconf 89' lang='lat' dir='ltr'><strong>applicatio</strong></span> <span class='ocrx_word' id='word_1_253' title='bbox 477 3926 588 3988; x_wconf 88' lang='lat' dir='ltr'><strong>rectae</strong></span> <span class='ocrx_word' id='word_1_254' title='bbox 602 3921 740 3987; x_wconf 92' lang='lat' dir='ltr'><strong>rationis</strong></span> <span class='ocrx_word' id='word_1_255' title='bbox 756 3922 799 3987; x_wconf 90' lang='lat' dir='ltr'><strong>ed</strong></span> <span class='ocrx_word' id='word_1_256' title='bbox 815 3943 908 4006; x_wconf 88' lang='lat' dir='ltr'><strong>opus,</strong></span> <span class='ocrx_word' id='word_1_257' title='bbox 932 3923 1018 4005; x_wconf 92' lang='lat' dir='ltr'><strong>quod</strong></span> <span class='ocrx_word' id='word_1_258' title='bbox 1038 3944 1102 3988; x_wconf 90' lang='lat' dir='ltr'><strong>nou</strong></span> <span class='ocrx_word' id='word_1_259' title='bbox 1116 3925 1154 3990; x_wconf 91' lang='lat' dir='ltr'><strong>fit</strong></span> <span class='ocrx_word' id='word_1_260' title='bbox 1168 3923 1238 3988; x_wconf 89' lang='lat' dir='ltr'><strong>siue</strong></span> <span class='ocrx_word' id='word_1_261' title='bbox 1253 3921 1401 4007; x_wconf 91' lang='lat' dir='ltr'><strong>appetitu</strong></span> <span class='ocrx_word' id='word_1_262' title='bbox 1424 3925 1526 3988; x_wconf 90' lang='lat' dir='ltr'><strong>recto.</strong></span> 
     </span>
     <span class='ocr_line' id='line_1_31' title="bbox 282 4027 1526 4112; baseline -0.002 -18"><span class='ocrx_word' id='word_1_263' title='bbox 282 4029 330 4095; x_wconf 85' lang='lat' dir='ltr'><strong>Et</strong></span> <span class='ocrx_word' id='word_1_264' title='bbox 351 4027 425 4093; x_wconf 93' lang='lat' dir='ltr'><strong>ideo</strong></span> <span class='ocrx_word' id='word_1_265' title='bbox 447 4027 623 4112; x_wconf 91' lang='lat' dir='ltr'><strong>prudentia</strong></span> <span class='ocrx_word' id='word_1_266' title='bbox 646 4047 710 4092; x_wconf 91' lang='lat' dir='ltr'><strong>non</strong></span> <span class='ocrx_word' id='word_1_267' title='bbox 733 4027 838 4092; x_wconf 90' lang='lat' dir='ltr'><strong>solum</strong></span> <span class='ocrx_word' id='word_1_268' title='bbox 861 4028 963 4094; x_wconf 88' lang='lat' dir='ltr'><strong>habet</strong></span> <span class='ocrx_word' id='word_1_269' title='bbox 985 4029 1146 4096; x_wconf 89' lang='lat' dir='ltr'><strong>rationem</strong></span> <span class='ocrx_word' id='word_1_270' title='bbox 1172 4029 1320 4106; x_wconf 86' lang='lat' dir='ltr'><strong>virtutis,</strong></span> <span class='ocrx_word' id='word_1_271' title='bbox 1346 4049 1444 4111; x_wconf 90' lang='lat' dir='ltr'><strong>quam</strong></span> <span class='ocrx_word' id='word_1_272' title='bbox 1466 4027 1526 4092; x_wconf 89' lang='lat' dir='ltr'><strong>ha·</strong></span> 
     </span>
     <span class='ocr_line' id='line_1_32' title="bbox 282 4133 1526 4218; baseline -0.002 -17"><span class='ocrx_word' id='word_1_273' title='bbox 282 4139 363 4202; x_wconf 86' lang='lat' dir='ltr'><strong>bont</strong></span> <span class='ocrx_word' id='word_1_274' title='bbox 392 4135 478 4200; x_wconf 85' lang='lat' dir='ltr'><strong>aliae</strong></span> <span class='ocrx_word' id='word_1_275' title='bbox 508 4135 651 4200; x_wconf 86' lang='lat' dir='ltr'><strong>virtutes</strong></span> <span class='ocrx_word' id='word_1_276' title='bbox 673 4135 912 4218; x_wconf 81' lang='lat' dir='ltr'><strong>intellectuales,</strong></span> <span class='ocrx_word' id='word_1_277' title='bbox 943 4135 1123 4201; x_wconf 88' lang='lat' dir='ltr'><strong>sedetiam</strong></span> <span class='ocrx_word' id='word_1_278' title='bbox 1152 4135 1252 4201; x_wconf 91' lang='lat' dir='ltr'><strong>habet</strong></span> <span class='ocrx_word' id='word_1_279' title='bbox 1274 4135 1435 4202; x_wconf 89' lang='lat' dir='ltr'><strong>rationem</strong></span> <span class='ocrx_word' id='word_1_280' title='bbox 1459 4133 1526 4198; x_wconf 90' lang='lat' dir='ltr'><strong>vir·</strong></span> 
     </span>
     <span class='ocr_line' id='line_1_33' title="bbox 283 4239 1527 4324; baseline -0.003 -15"><span class='ocrx_word' id='word_1_281' title='bbox 283 4243 377 4320; x_wconf 88' lang='lat' dir='ltr'><strong>tutis,</strong></span> <span class='ocrx_word' id='word_1_282' title='bbox 399 4261 497 4323; x_wconf 89' lang='lat' dir='ltr'><strong>quam</strong></span> <span class='ocrx_word' id='word_1_283' title='bbox 512 4240 635 4306; x_wconf 89' lang='lat' dir='ltr'><strong>habent</strong></span> <span class='ocrx_word' id='word_1_284' title='bbox 651 4239 793 4307; x_wconf 90' lang='lat' dir='ltr'><strong>virtutes</strong></span> <span class='ocrx_word' id='word_1_285' title='bbox 809 4243 954 4319; x_wconf 80' lang='lat' dir='ltr'><strong>morales,</strong></span> <span class='ocrx_word' id='word_1_286' title='bbox 971 4241 1087 4324; x_wconf 90' lang='lat' dir='ltr'><strong>quibus</strong></span> <span class='ocrx_word' id='word_1_287' title='bbox 1104 4241 1204 4308; x_wconf 88' lang='lat' dir='ltr'><strong>etiam</strong></span> <span class='ocrx_word' id='word_1_288' title='bbox 1221 4241 1527 4308; x_wconf 76' lang='lat' dir='ltr'><strong>connumeratur.“⁸</strong></span> 
     </span>
    </p>
   </div>
   <div class='ocr_carea' id='block_1_5' title="bbox 283 4347 1529 4648">
    <p class='ocr_par' dir='ltr' id='par_1_6' title="bbox 283 4347 1529 4648">
     <span class='ocr_line' id='line_1_34' title="bbox 283 4347 1527 4433; baseline -0.002 -18"><span class='ocrx_word' id='word_1_289' title='bbox 283 4350 346 4417; x_wconf 82' lang='lat' dir='ltr'><strong>Est</strong></span> <span class='ocrx_word' id='word_1_290' title='bbox 369 4348 523 4415; x_wconf 90' lang='lat' dir='ltr'><strong>videlicet</strong></span> <span class='ocrx_word' id='word_1_291' title='bbox 554 4369 613 4433; x_wconf 88' lang='lat' dir='ltr'><strong>per</strong></span> <span class='ocrx_word' id='word_1_292' title='bbox 636 4368 673 4413; x_wconf 87' lang='lat' dir='ltr'><strong>se</strong></span> <span class='ocrx_word' id='word_1_293' title='bbox 695 4347 801 4413; x_wconf 88' lang='lat' dir='ltr'><strong>virtus</strong></span> <span class='ocrx_word' id='word_1_294' title='bbox 823 4347 1073 4424; x_wconf 81' lang='lat' dir='ltr'><strong>intellectualia,</strong></span> <span class='ocrx_word' id='word_1_295' title='bbox 1104 4349 1271 4433; x_wconf 90' lang='lat' dir='ltr'><strong>pertinens</strong></span> <span class='ocrx_word' id='word_1_296' title='bbox 1302 4349 1343 4416; x_wconf 91' lang='lat' dir='ltr'><strong>ad</strong></span> <span class='ocrx_word' id='word_1_297' title='bbox 1367 4348 1527 4416; x_wconf 89' lang='lat' dir='ltr'><strong>rationem</strong></span> 
     </span>
     <span class='ocr_line' id='line_1_35' title="bbox 283 4454 1526 4542; baseline -0.003 -20"><span class='ocrx_word' id='word_1_298' title='bbox 283 4456 465 4542; x_wconf 87' lang='lat' dir='ltr'><strong>practicam</strong></span> <span class='ocrx_word' id='word_1_299' title='bbox 489 4460 524 4525; x_wconf 90' lang='lat' dir='ltr'><strong>et</strong></span> <span class='ocrx_word' id='word_1_300' title='bbox 546 4456 658 4522; x_wconf 90' lang='lat' dir='ltr'><strong>sedem</strong></span> <span class='ocrx_word' id='word_1_301' title='bbox 681 4455 805 4520; x_wconf 88' lang='lat' dir='ltr'><strong>babens</strong></span> <span class='ocrx_word' id='word_1_302' title='bbox 827 4454 860 4520; x_wconf 94' lang='lat' dir='ltr'><strong>in</strong></span> <span class='ocrx_word' id='word_1_303' title='bbox 876 4454 1036 4520; x_wconf 86' lang='lat' dir='ltr'><strong>facultate</strong></span> <span class='ocrx_word' id='word_1_304' title='bbox 1052 4455 1266 4534; x_wconf 89' lang='lat' dir='ltr'><strong>intellectiva,</strong></span> <span class='ocrx_word' id='word_1_305' title='bbox 1290 4458 1438 4522; x_wconf 85' lang='lat' dir='ltr'><strong>attamen</strong></span> <span class='ocrx_word' id='word_1_306' title='bbox 1454 4475 1526 4520; x_wconf 90' lang='lat' dir='ltr'><strong>cum</strong></span> 
     </span>
     <span class='ocr_line' id='line_1_36' title="bbox 283 4561 1529 4648; baseline -0.002 -18"><span class='ocrx_word' id='word_1_307' title='bbox 283 4563 441 4648; x_wconf 89' lang='lat' dir='ltr'><strong>respiciat</strong></span> <span class='ocrx_word' id='word_1_308' title='bbox 462 4562 692 4629; x_wconf 87' lang='lat' dir='ltr'><strong>rectitudinem</strong></span> <span class='ocrx_word' id='word_1_309' title='bbox 712 4561 961 4644; x_wconf 89' lang='lat' dir='ltr'><strong>impertiendum</strong></span> <span class='ocrx_word' id='word_1_310' title='bbox 977 4561 1106 4629; x_wconf 88' lang='lat' dir='ltr'><strong>actibus</strong></span> <span class='ocrx_word' id='word_1_311' title='bbox 1121 4563 1300 4629; x_wconf 88' lang='lat' dir='ltr'><strong>moralibus</strong></span> <span class='ocrx_word' id='word_1_312' title='bbox 1316 4565 1350 4628; x_wconf 91' lang='lat' dir='ltr'><strong>et</strong></span> <span class='ocrx_word' id='word_1_313' title='bbox 1365 4565 1529 4646; x_wconf 90' lang='lat' dir='ltr'><strong>supponat</strong></span> 
     </span>
    </p>
   </div>
   <div class='ocr_carea' id='block_1_6' title="bbox 284 4822 1528 5070">
    <p class='ocr_par' dir='ltr' id='par_1_7' title="bbox 284 4822 1528 5070">
     <span class='ocr_line' id='line_1_37' title="bbox 376 4822 1528 4894; baseline 0 -16"><span class='ocrx_word' id='word_1_314' title='bbox 376 4825 385 4856; x_wconf 95' lang='lat'><strong>¹</strong></span> <span class='ocrx_word' id='word_1_315' title='bbox 406 4824 429 4888; x_wconf 92' lang='grc'><strong>1,</strong></span> <span class='ocrx_word' id='word_1_316' title='bbox 448 4824 473 4889; x_wconf 92' lang='grc'><strong>2,</strong></span> <span class='ocrx_word' id='word_1_317' title='bbox 492 4841 518 4893; x_wconf 92' lang='lat' dir='ltr'><strong>q.</strong></span> <span class='ocrx_word' id='word_1_318' title='bbox 532 4825 575 4888; x_wconf 88' lang='lat'><strong>61,</strong></span> <span class='ocrx_word' id='word_1_319' title='bbox 594 4841 618 4878; x_wconf 80' lang='lat' dir='ltr'><strong>a</strong></span> <span class='ocrx_word' id='word_1_320' title='bbox 632 4824 657 4878; x_wconf 84' lang='lat'><strong>2.</strong></span> <span class='ocrx_word' id='word_1_321' title='bbox 683 4823 723 4878; x_wconf 88' lang='lat' dir='ltr'><strong>De</strong></span> <span class='ocrx_word' id='word_1_322' title='bbox 742 4823 837 4878; x_wconf 88' lang='lat' dir='ltr'><strong>iisdem</strong></span> <span class='ocrx_word' id='word_1_323' title='bbox 857 4824 1006 4878; x_wconf 84' lang='lat' dir='ltr'><strong>virtutibus</strong></span> <span class='ocrx_word' id='word_1_324' title='bbox 1025 4824 1052 4878; x_wconf 90' lang='lat' dir='ltr'><strong>in</strong></span> <span class='ocrx_word' id='word_1_325' title='bbox 1071 4822 1230 4894; x_wconf 87' lang='lat' dir='ltr'><strong>particulari</strong></span> <span class='ocrx_word' id='word_1_326' title='bbox 1244 4823 1303 4879; x_wconf 87' lang='lat' dir='ltr'><strong>fuse</strong></span> <span class='ocrx_word' id='word_1_327' title='bbox 1317 4826 1376 4892; x_wconf 80' lang='lat' dir='ltr'><strong>agit</strong></span> <span class='ocrx_word' id='word_1_328' title='bbox 1388 4826 1413 4882; x_wconf 83' lang='lat' dir='ltr'><strong>S.</strong></span> <span class='ocrx_word' id='word_1_329' title='bbox 1427 4824 1528 4880; x_wconf 89' lang='lat' dir='ltr'><strong>Doctor</strong></span> 
     </span>
     <span class='ocr_line' id='line_1_38' title="bbox 284 4913 526 4981; baseline 0 -15"><span class='ocrx_word' id='word_1_330' title='bbox 284 4914 310 4978; x_wconf 82' lang='lat'><strong>2,</strong></span> <span class='ocrx_word' id='word_1_331' title='bbox 329 4913 355 4978; x_wconf 84' lang='lat'><strong>2,</strong></span> <span class='ocrx_word' id='word_1_332' title='bbox 374 4929 400 4981; x_wconf 90' lang='lat' dir='ltr'><strong>q.</strong></span> <span class='ocrx_word' id='word_1_333' title='bbox 419 4914 453 4966; x_wconf 80' lang='lat'><strong>47</strong></span> <span class='ocrx_word' id='word_1_334' title='bbox 466 4929 526 4981; x_wconf 88' lang='lat' dir='ltr'><strong>sqq.</strong></span> 
     </span>
     <span class='ocr_line' id='line_1_39' title="bbox 376 4999 1238 5070; baseline 0 -16"><span class='ocrx_word' id='word_1_335' title='bbox 376 5001 387 5033; x_wconf 83' lang='lat'><strong>¹</strong></span> <span class='ocrx_word' id='word_1_336' title='bbox 407 5001 434 5054; x_wconf 85' lang='lat' dir='ltr'><strong>S.</strong></span> <span class='ocrx_word' id='word_1_337' title='bbox 458 5001 548 5055; x_wconf 74' lang='lat' dir='ltr'><strong>ibam.</strong></span> <span class='ocrx_word' id='word_1_338' title='bbox 571 5002 594 5065; x_wconf 95' lang='lat' dir='ltr'><strong>l,</strong></span> <span class='ocrx_word' id='word_1_339' title='bbox 613 5001 638 5066; x_wconf 84' lang='lat'><strong>2,</strong></span> <span class='ocrx_word' id='word_1_340' title='bbox 657 5019 683 5070; x_wconf 89' lang='lat' dir='ltr'><strong>q.</strong></span> <span class='ocrx_word' id='word_1_341' title='bbox 703 5001 747 5064; x_wconf 77' lang='lat'><strong>57,</strong></span> <span class='ocrx_word' id='word_1_342' title='bbox 765 5018 789 5054; x_wconf 89' lang='lat' dir='ltr'><strong>a.</strong></span> <span class='ocrx_word' id='word_1_343' title='bbox 809 5002 834 5055; x_wconf 82' lang='lat'><strong>4.</strong></span> <span class='ocrx_word' id='word_1_344' title='bbox 944 5001 954 5033; x_wconf 86' lang='lat'>⁸</span> <span class='ocrx_word' id='word_1_345' title='bbox 972 5001 997 5064; x_wconf 90' lang='grc'><strong>2,</strong></span> <span class='ocrx_word' id='word_1_346' title='bbox 1017 5001 1041 5064; x_wconf 88' lang='grc'><strong>2,</strong></span> <span class='ocrx_word' id='word_1_347' title='bbox 1062 5017 1087 5068; x_wconf 90' lang='lat' dir='ltr'><strong>q.</strong></span> <span class='ocrx_word' id='word_1_348' title='bbox 1107 4999 1150 5064; x_wconf 81' lang='lat'><strong>47,</strong></span> <span class='ocrx_word' id='word_1_349' title='bbox 1169 5017 1194 5054; x_wconf 90' lang='lat' dir='ltr'><strong>a.</strong></span> <span class='ocrx_word' id='word_1_350' title='bbox 1213 5001 1238 5054; x_wconf 82' lang='lat'><strong>4.</strong></span> 
     </span>
    </p>
   </div>
   <div class='ocr_carea' id='block_1_7' title="bbox 0 0 1966 5842">
    <p class='ocr_par' dir='ltr' id='par_1_8' title="bbox 0 0 1966 5842">
     <span class='ocr_line' id='line_1_40' title="bbox 0 0 1966 5842; baseline 0 0"><span class='ocrx_word' id='word_1_351' title='bbox 0 0 1966 5842; x_wconf 95' lang='lat' dir='ltr'><strong> </strong></span> 
     </span>
    </p>
   </div>
  </div>
 </body>
</html>
