3909 5842
558 701 705 758 Sooietatis
724 703 814 759 civilis
833 704 909 772 erigo
927 703 1062 758 naturalis
1080 703 1241 759 ostenditur.
1456 707 1522 773 353

259 903 367 948 uerae
388 883 544 947 reumatis
567 881 703 948 indolem
726 879 867 948 sollicite
890 879 1073 960 enuntiant,
1098 901 1140 946 ne
1162 901 1222 966 per
1243 901 1365 964 vagum
1388 885 1423 948 et
1441 903 1523 966 pan·

260 987 461 1055 theistioum
490 986 694 1054 tataiismum
723 987 854 1054 nomine
888 991 1015 1066 ,status
1038 988 1178 1072 publioi“
1205 987 1339 1072 privata
1360 988 1522 1054 sociorum

262 1093 347 1159 iuro
380 1097 414 1159 et
448 1092 613 1175 legitimas
648 1093 813 1160 libertatis
847 1099 960 1178 partes
994 1094 1162 1160 absorberi
1193 1094 1373 1179 patiantur.
1420 1093 1522 1158 Porro

264 1200 438 1283 utrimque
468 1201 587 1266 iterum
618 1200 658 1266 de
688 1219 767 1266 vero
798 1219 838 1266 oo
868 1200 999 1284 proprio
1022 1199 1169 1268 civitatis
1189 1202 1254 1284 fine
1276 1200 1523 1266 determinando

263 1303 486 1396 disceptatur.
534 1305 703 1372 Eiusmodi
735 1307 994 1385 oontnoversias,
1030 1327 1051 1373 e
1083 1307 1201 1389 quibus
1233 1307 1346 1390 utique
1374 1306 1523 1390 legitimo

263 1411 443 1478 societatis
466 1409 572 1478 civilis
596 1409 741 1479 definitio
757 1411 888 1496 pendet,
913 1433 954 1479 ex
971 1413 1120 1496 professo
1136 1412 1275 1480 tractari
1290 1412 1377 1496 parti
1392 1415 1524 1497 speciali

262 1517 352 1583 iuris
376 1523 516 1584 naturae
539 1519 775 1584 reservandum
800 1524 861 1586 est.

264 1638 335 1709 417.
427 1637 563 1710 Interim
594 1641 635 1709 ad
663 1647 872 1728 praesentem
896 1644 1122 1727 quaestionem
1146 1645 1186 1711 de
1210 1644 1353 1712 naturali
1377 1644 1523 1710 civitatis

265 1747 399 1830 origine
422 1749 513 1816 nulla
537 1749 602 1816 alia
626 1750 695 1814 eius
718 1749 851 1816 notione
876 1771 957 1834 opus
980 1755 1032 1816 est
1055 1750 1118 1815 nisi
1138 1750 1236 1817 obvia
1252 1755 1286 1817 et
1302 1771 1345 1816 ex
1361 1750 1522 1816 communi

265 1853 438 1920 hominurn
451 1855 680 1922 aestimatione
692 1855 821 1934 hausta,
836 1856 886 1922 oui
898 1856 980 1922 haec
991 1856 1079 1922 illius
1092 1858 1337 1940 qualiscumque
1347 1856 1522 1940 desoriptio

267 1961 355 2026 satis
379 1983 560 2046 congruere
583 1962 724 2041 videtur,
749 1983 814 2046 qua
838 1961 972 2030 dieitur:

364 2069 474 2134 Οοολιιο
503 2069 663 2153 perfectus
693 2073 910 2154 plurimorum
940 2069 1163 2153 familiarum,
1195 2072 1452 2136 communitatum
1485 2091 1524 2135 αο

266 2175 414 2240 tribuum
444 2177 686 2242 determinatum
711 2184 818 2242 terroe
837 2179 968 2262 plepem
990 2178 1249 2255 inhabitantium,
1282 2179 1367 2242 iuris
1387 2177 1524 2260 fruendi

270 2289 300 2346 et
324 2285 498 2348 eommunis
522 2283 595 2348 boui
615 2285 725 2368 prolia
749 2286 897 2368 orpouiee
919 2287 1057 2349 sociatus
1067 2287 1088 2349 ¹.

364 2387 486 2466 Quibus
510 2390 620 2455 verbis
644 2410 724 2456 sane
746 2389 903 2473 primarie
926 2393 960 2456 et
983 2391 1117 2474 propria
1132 2390 1278 2456 civitatis
1294 2391 1457 2455 elementa
1472 2390 1522 2455 in·

271 2493 454 2573 sinuantur,
468 2495 594 2561 seilicet
603 2499 741 2582 populus
753 2496 950 2562 naturaliter
962 2499 1133 2592 concretus
1143 2499 1292 2583 paullus
1307 2500 1467 2583 orpouieie
1479 2535 1521 2543 —
1547 2521 1551 2528 ·

270 2609 379 2666 terrae
399 2605 499 2686 porti,
531 2625 627 2688 quom
650 2605 820 2678 inhabitat,
850 2603 1017 2669 individue
1040 2604 1150 2670 unitus
1172 2604 1271 2668 —iu
1295 2608 1424 2670 coetum
1446 2625 1521 2687 per·

273 2705 397 2772 fectum
421 2711 454 2773 et
477 2707 761 2792 independentem,
790 2710 885 2793 proin
909 2707 968 2774 sub
986 2717 1141 2795 potestate
1163 2713 1274 2796 aliquo
1297 2732 1456 2796 suprema,
1488 2715 1523 2777 et

272 2814 405 2896 quidem
421 2819 568 2900 erynnies
583 2836 641 2880 seu
658 2815 698 2882 ad
714 2815 931 2882 imitationem
948 2817 1094 2901 eorporis
1106 2816 1252 2899 organici
1265 2816 1466 2894 coniunctus,
1478 2853 1522 2861 -

273 2920 442 3004 proposito
453 2921 517 3004 fine
529 2924 649 3006 soeioli,
662 2921 786 2987 iuribus
798 2943 912 2987 secure
923 2921 1054 2987 fruendi
1070 2927 1104 2988 et
1116 2922 1294 2988 universim
1306 2927 1439 3008 couprui
1450 2925 1524 2989 boui

273 3031 449 3092 communis
464 3027 593 3093 collatis
609 3028 770 3093 sociorum
786 3028 910 3093 viribus
934 3029 1154 3112 comparandi,
1174 3028 1217 3094 ad
1232 3029 1317 3111 quod
1333 3029 1453 3112 singuli
1469 3031 1521 3094 vel

275 3133 463 3216 pauoihaud
473 3133 536 3198 sibi
545 3133 744 3212 sufficerent,
756 3134 1390 3218 praescindendointerimaquaestione‚
1400 3137 1433 3200 in
1445 3158 1522 3218 qua-

276 3259 350 3303 nam
364 3239 493 3304 demum
510 3260 546 3304 re
559 3239 716 3306 eiusmodi
733 3261 903 3305 commune
919 3241 1039 3306 bonum
1057 3240 1217 3306 obieetive
1234 3241 1456 3323 reponendum
1468 3242 1520 3308 sit.

299 3412 369 3494 52.
407 3413 644 3482 Societatis
675 3415 820 3480 civilis
852 3413 971 3496 origo
1002 3414 1216 3480 naturalis
1248 3416 1499 3483 ostenditur.

275 3541 342 3613 418.
433 3545 570 3611 Praeter
593 3545 785 3612 societatem
809 3546 1032 3623 domesticam,
1063 3546 1192 3613 civilem
1216 3566 1343 3630 quoque
1367 3569 1431 3613 non
1455 3547 1522 3614 for-

275 3649 360 3716 tuito
390 3656 448 3717 aut
478 3669 570 3716 mera
599 3649 765 3716 hominum
788 3651 977 3717 inventione
1002 3657 1119 3730 ortam,
1150 3653 1208 3718 sed
1231 3657 1370 3720 naturae
1393 3655 1523 3720 socialis

369 3803 376 3832 ¹
395 3801 476 3866 Ηιιοο
492 3803 611 3866 Grotius,
632 3799 673 3852 De
692 3797 750 3853 iure
769 3799 833 3853 belli
853 3805 881 3854 et
899 3799 975 3870 pacis
994 3799 1012 3854 1.
1034 3803 1057 3864 l,
1078 3819 1100 3855 c.
1116 3803 1139 3863 l,
1158 3801 1231 3868 514,
1249 3799 1321 3856 hano
1340 3803 1522 3859 definitionem

277 3889 388 3944 statuit:
418 3889 483 3956 ‚nst
509 3889 608 3944 eivites
633 3893 727 3942 eoetus
753 3889 892 3960 perfectus
917 3889 1064 3944 liberorum
1090 3890 1243 3954 hominum,
1269 3891 1336 3945 iuris
1361 3890 1468 3947 fruendi
1495 3898 1523 3947 et

277 3977 426 4033 eommunis
444 3977 573 4031 utilitatis
592 3993 676 4031 eausa
694 3977 839 4032 sociotus.'¹
861 4005 895 4015 -
916 3979 1025 4046 Cicero,
1044 3977 1084 4031 De
1102 3995 1159 4048 rep.
1181 3981 1191 4032 1
1211 3979 1260 4033 25:
1284 3980 1349 4046 ,Est
1365 3982 1464 4048 igitur,
1484 3983 1523 4035 in-

278 4066 337 4134 quit
350 4063 463 4134 (Scipio)
484 4065 639 4130 Afrioanus,
658 4081 703 4119 res
721 4065 831 4135 publiea
850 4084 893 4120 res
903 4068 1013 4134 populi;
1031 4067 1149 4136 populus
1167 4071 1259 4122 autem
1272 4085 1325 4122 non
1338 4069 1427 4122 omnis
1439 4068 1523 4123 homi·

278 4171 339 4208 num
366 4157 473 4219 coetus,
499 4154 547 4208 sed
573 4163 660 4208 eoelum
685 4157 868 4208 multitudiuis
892 4158 964 4210 iuris
990 4173 1119 4210 conomtsu
1145 4165 1169 4210 et
1194 4159 1320 4210 utilitatis
1340 4163 1524 4213 communione

278 4239 417 4296 sociatus.“
438 4271 471 4280 -
491 4244 516 4297 Α
534 4261 602 4296 vera
621 4246 713 4297 autem
732 4244 855 4298 civitatis
873 4249 902 4298 et
920 4248 1019 4298 natura
1038 4249 1066 4299 et
1085 4244 1179 4312 genesi
1193 4245 1324 4299 Grotiana
1336 4245 1457 4300 definitio
1475 4265 1525 4316 per

280 4331 328 4384 hoe
346 4332 462 4396 aberrat,
482 4331 552 4399 quod
572 4333 722 4384 indiuiduis
740 4331 893 4385 homiuibus
911 4335 1051 4400 tamquam
1071 4331 1204 4402 proximis
1223 4332 1365 4386 elementis
1383 4333 1522 4388 civitatem

280 4421 399 4490 componi
417 4419 547 4484 insinuat,
567 4437 628 4474 oum
648 4419 702 4473 iam
715 4421 871 4474 Aristoteles
889 4421 999 4490 propria
1018 4421 1160 4485 elementa,
1180 4422 1306 4490 equibus
1318 4421 1366 4475 ilis
1379 4421 1523 4480 coalescat.

280 4507 372 4562 domus
391 4511 420 4562 ot
437 4507 558 4562 familiae
576 4523 637 4561 sese
656 4507 739 4576 probe
757 4508 946 4575 intellegeret:
973 4514 1046 4562 πᾶσα
1067 4511 1119 4580 γὰρ
1138 4511 1212 4570 πόλις
1229 4511 1262 4571 ἐξ
1278 4513 1364 4564 οἰκιῶν
1381 4512 1522 4582 conteror

281 4599 360 4657 οἰκίας
378 4599 409 4651 dt
425 4600 511 4666 μέρη,
537 4597 570 4658 ἐξ
586 4597 622 4649 ὧν
641 4597 720 4656 αὖθις
738 4599 806 4650 οἰκία
825 4599 985 4651 συνίσταται.
1022 4597 1103 4652 Polit.
1123 4597 1187 4663 18,
1214 4598 1297 4655 1253.
1324 4601 1355 4663 h,
1375 4600 1400 4654 2.
1437 4602 1524 4656 Immo

281 4703 328 4740 neo
346 4686 420 4756 ipsae
446 4686 541 4740 domus
559 4685 716 4739 immediate
735 4685 877 4740 oivitstem
902 4691 1081 4756 oomponunt,
1106 4686 1154 4740 sed
1180 4686 1362 4742 mediantibus
1380 4689 1451 4744 vicis
1474 4709 1524 4745 seu

281 4775 415 4829 domorum
434 4774 557 4828 viciniis:
580 4772 608 4826 ‘ll
625 4770 648 4826 δ’
669 4776 697 4826 ἐκ
717 4773 841 4826 πλειόνων
867 4777 953 4827 οἰκιῶν
971 4777 1091 4827 κοινωνία
1111 4775 1218 4843 πρώτη,
1241 4773 1366 4844 χρήσεως
1383 4779 1468 4832 ἕνεκεν
1483 4783 1521 4848 μὴ

282 4865 429 4932 ἐφημέρου,
456 4865 540 4932 κώμη.
577 4863 616 4916 ib.
636 4861 698 4926 12,
727 4863 810 4926 1252,
836 4863 868 4927 b,
894 4865 934 4918 15.
972 4861 1076 4927 Quibus
1095 4863 1232 4917 consentit
1250 4865 1333 4917 etiam
1352 4869 1523 4923 Aristotelioo

281 4952 411 5017 definitio:
438 4953 511 5012 πόλις
537 4953 566 5004 δὲ
591 4954 608 5020 ἡ
636 4948 718 5022 γενῶν
744 4951 787 5004 καὶ
812 4955 906 5016 κοιμῶν
932 4956 1052 5005 κοινωνία
1080 4956 1151 5022 ζωῆς
1177 4953 1279 5012 τελείας
1302 4955 1345 5007 καὶ
1365 4952 1522 5026 αὐτάρκους.

283 5039 357 5095 Polit.
376 5041 458 5105 1119,
480 5041 557 5105 1280,
576 5041 602 5104 b,
621 5041 666 5105 40;
687 5041 722 5094 ei.
742 5041 778 5095 ib.
799 5041 822 5105 b,
842 5041 876 5095 33
896 5045 924 5094 et
943 5041 954 5094 I
974 5043 999 5106 2,
1022 5043 1097 5105 1252,
1118 5042 1142 5106 b,
1162 5041 1204 5096 27.

330 5136 435 5188 noyer.
450 5137 488 5178 Ius
503 5137 613 5178 naturale.
634 5138 652 5178 1.
673 5137 713 5178 Ed
728 5137 747 5180 2,
1280 5131 1315 5184 23
