3909 5842
520 678 555 732 Il.
573 677 614 731 De
633 681 695 732 ortu
713 682 742 732 et
760 694 907 748 progressu
925 678 1057 732 scientiae
1075 678 1142 731 iuris
1161 677 1303 731 naturalis.
1444 695 1538 733 xxxrrr

283 859 456 939 spectata,
488 857 576 921 omni
600 858 733 923 excluso
763 856 974 940 pathologico
1005 860 1174 939 respectu,
1207 875 1367 919 summum
1398 853 1538 921 hominis

281 962 409 1028 bonum
432 962 533 1029 situm
556 984 630 1028 esse
653 963 773 1042 docuit,
798 964 886 1029 alter
907 966 1084 1047 propterea
1106 964 1339 1043 materialismi,
1365 960 1451 1027 alter
1466 962 1538 1045 puri

283 1073 421 1136 moralis
443 1073 661 1136 rationulismi
684 1070 779 1152 quasi
802 1070 870 1135 dux
892 1070 1011 1135 merito
1035 1072 1218 1153 reputatur.

378 1185 589 1270 Philosophia
605 1187 823 1251 Romanorum
846 1188 881 1251 et
896 1184 930 1249 in
945 1184 1054 1269 specie
1073 1184 1213 1266 quidem,
1238 1204 1323 1265 quae
1339 1182 1379 1248 de
1394 1181 1539 1247 moribus

283 1290 377 1373 agit,
407 1293 479 1357 fere
502 1292 626 1377 passim
656 1313 697 1357 ex
729 1291 860 1375 graecis
883 1292 1030 1358 fontibus
1060 1290 1209 1356 manavit
1240 1292 1298 1355 sut
1320 1309 1363 1355 ex
1385 1288 1426 1353 iis
1449 1292 1539 1355 certe

282 1418 412 1481 magna
434 1418 478 1463 ex
500 1401 597 1482 parte
620 1420 714 1464 suam
736 1398 1005 1464 informationem
1022 1398 1159 1481 accepit.
1192 1396 1276 1461 Prae
1293 1395 1412 1462 ceteris
1428 1400 1539 1461 autem

283 1507 406 1570 secuta
428 1508 480 1571 est
502 1506 624 1588 partim
648 1507 796 1587 Zenonis,
821 1504 942 1588 partim
961 1506 1099 1589 Epicuri
1121 1502 1416 1587 philosophemata.
1448 1501 1540 1567 Inter

285 1632 403 1676 ornnes
419 1632 510 1690 vero,
534 1612 589 1694 qui
604 1611 693 1695 apud
708 1612 875 1678 Romanos
889 1612 975 1677 hanc
992 1610 1196 1695 disciplinam
1212 1606 1435 1693 philosophice
1451 1629 1540 1674 com·

284 1717 379 1800 plexi
403 1722 490 1797 sunt,
515 1718 638 1785 eminet
661 1720 707 1784 M.
729 1720 764 1784 Τ.
784 1720 903 1801 Cicero,
928 1717 1020 1783 cuius
1043 1716 1119 1781 libri
1134 1717 1184 1782 De
1199 1716 1325 1799 officiis,
1351 1716 1399 1780 De
1420 1716 1540 1799 fluidus

283 1824 449 1888 bonorum
473 1826 708 1903 etmalorum,
740 1826 790 1889 De
812 1826 933 1910 lepidus
955 1824 1060 1889 multa
1090 1822 1262 1906 praeclara
1289 1842 1415 1887 morum
1440 1826 1540 1903 atque

283 1930 534 1997 institutionum
551 1936 740 2015 praecepta,
762 1930 825 1997 etsi
842 1932 884 1996 ab
900 1930 1066 1996 erroribus
1082 1950 1146 1995 non
1162 1930 1260 2013 plane
1275 1928 1441 2005 immunia,
1462 1947 1539 1992 con-

284 2034 407 2102 tinent.
448 2035 606 2102 Similiter
629 2038 758 2120 Seuere,
782 2036 896 2102 stoicis
919 2034 1071 2118 vestigiis
1094 2034 1280 2111 inhaerens,
1305 2053 1410 2115 neque
1427 2052 1540 2097 omnes

286 2160 403 2207 eorum
427 2142 654 2209 aberrationes
677 2162 810 2220 cavens,
835 2147 981 2209 ceterum
1006 2142 1110 2206 multa
1126 2140 1221 2205 utilis
1245 2140 1427 2205 domorum
1443 2158 1540 2221 prae-

288 2248 398 2331 ceptis
421 2248 626 2332 conscripsit.

590 2438 797 2531 Philosophia
818 2438 953 2512 moralis
974 2438 1052 2528 post
1075 2435 1247 2509 christun.

380 2590 419 2654 In
442 2590 567 2668 stadio,
599 2590 686 2672 quod
709 2593 785 2673 post
814 2588 1059 2673 promulgatum
1084 2584 1205 2651 Christi
1228 2583 1436 2667 evangelium
1458 2584 1541 2650 haec

287 2696 431 2763 scientia
455 2696 609 2774 decurrit,
634 2698 753 2783 duplex
776 2697 904 2760 omniuo
927 2694 1078 2779 periodus
1095 2692 1325 2774 distinguenda
1341 2694 1402 2769 est,
1428 2694 1540 2771 ultera,

288 2825 358 2887 qua
382 2803 441 2868 illa
464 2804 525 2868 sub
549 2802 674 2869 directo
697 2802 825 2867 influxu
848 2799 983 2865 luminis
998 2798 1168 2865 christiani
1185 2802 1219 2863 et
1235 2797 1269 2862 in
1284 2796 1357 2862 sinu
1383 2796 1541 2862 ecclesiae

288 2910 475 2975 catholicae
498 2910 633 2974 exculta
656 2912 717 2987 est,
743 2911 856 2988 edua,
881 2926 947 2987 qua
968 2906 1009 2969 ab
1026 2902 1198 2969 Ecclesiae
1222 2902 1401 2969 directione
1425 2903 1542 2968 avulsa

287 3016 566 3100 independentenr
597 3035 699 3097 agere
728 3034 859 3079 cursum
887 3012 1005 3095 coepit.
1053 3009 1111 3075 Oui
1140 3014 1252 3076 tamen
1283 3030 1347 3073 non
1377 3008 1541 3074 immerito

288 3128 397 3205 tertia,
421 3122 557 3189 tametsi
580 3121 737 3188 historice
759 3120 916 3185 inchoata
938 3123 1080 3196 tantum,
1105 3116 1329 3199 subiungitur,
1354 3136 1438 3197 quae
1463 3121 1540 3199 apte

288 3232 470 3295 christiana
493 3231 687 3294 restauratio
710 3230 794 3293 iuris
816 3229 979 3291 naturalis
1001 3224 1182 3308 nuncupari
1206 3225 1326 3307 potest.

382 3370 422 3436 Α.
448 3369 724 3453 Philosophia
747 3389 899 3433 morum
931 3368 1004 3432 sub
1035 3364 1205 3431 influxu
1230 3362 1395 3427 directo
1419 3381 1541 3426 evan·

288 3474 398 3559 gelii
421 3480 463 3542 et
482 3476 710 3541 Ecclesiae
726 3472 903 3551 Christi,
928 3478 963 3539 et
978 3493 1063 3554 quae
1079 3470 1200 3535 idcirco
1215 3468 1347 3552 proprie
1363 3468 1541 3532 christiano

288 3583 411 3649 merito
434 3582 595 3667 appellari
618 3586 781 3659 meretur,
811 3580 931 3647 iterum
951 3602 1013 3664 pro
1038 3578 1160 3663 duplici
1184 3583 1300 3658 udaie,
1331 3595 1428 3656 quam
1454 3594 1541 3639 eom-

289 3689 465 3773 plectitur,
497 3694 601 3756 alteru
624 3694 677 3755 est
698 3689 878 3773 primorum
901 3686 1109 3752 saeculorum
1133 3681 1291 3748 ecclesiae
1315 3702 1373 3746 seu
1398 3680 1453 3747 SS.
1478 3681 1542 3745 Pa-

290 3803 391 3877 trum,
417 3800 520 3863 alteru
542 3796 641 3862 medii
665 3796 740 3861 aevi
762 3816 821 3861 seu
844 3793 1125 3859 scholasticorum.

385 3916 414 3979 1.
447 3916 559 3989 Suueti
587 3914 703 3979 Patres
733 3921 762 3978 et
784 3915 953 3997 scriptores
984 3908 1187 3975 ecclesiastici
1217 3904 1396 3989 primorum
1427 3922 1541 3967 saecu-

290 4022 416 4097 lorum,
447 4025 485 4086 ut
508 4019 678 4103 dissipatis
707 4018 880 4101 gentilium
903 4012 1174 4099 superst'tionum
1198 4009 1344 4077 tenebris
1368 4030 1406 4075 eo
1430 4008 1541 4073 silica-

292 4128 362 4193 cius
376 4127 411 4191 in
427 4128 544 4193 anin'ris
559 4124 725 4193 hominum
742 4123 903 4191 salutaria
919 4121 1120 4187 christianae
1135 4118 1211 4183 fidei
1227 4117 1385 4199 dogmata
1399 4137 1541 4181 morum·
1593 4164 1598 4173 .

292 4254 357 4316 que
386 4238 565 4317 praecepta
593 4232 830 4317 implantarent
860 4232 962 4310 atque
992 4224 1113 4291 Christi
1143 4243 1281 4305 regnum
1312 4221 1409 4287 simul
1439 4222 1542 4287 veluti

293 4360 403 4405 arcem
433 4338 637 4423 spiritualem
668 4336 819 4421 superbis
849 4336 1013 4400 humanae
1043 4329 1226 4414 sapientiae
1255 4326 1420 4393 erroribus
1443 4347 1541 4409 oppo-

292 4450 426 4525 nerent,
456 4444 683 4528 multipliciter
713 4442 812 4509 etiarn
843 4436 1070 4524 philosophias
1100 4432 1265 4519 praesidio
1293 4432 1343 4497 usi
1366 4435 1459 4509 sunt,
1492 4430 1540 4496 sin

294 4554 401 4618 minus
424 4573 551 4629 omnes,
582 4551 606 4615 ii
635 4554 725 4616 certe
749 4546 971 4632 potissimum,
1004 4542 1120 4625 quibus
1151 4560 1193 4605 ex
1224 4537 1405 4621 propinquo
1436 4537 1542 4620 magis

294 4660 445 4727 residuae
468 4658 630 4726 stationes
653 4656 858 4724 ethnicorum
887 4650 1113 4717 imminebant.
1159 4646 1261 4727 quue
1293 4665 1331 4709 eo
1356 4645 1456 4710 etism
1479 4646 1543 4709 fine

296 4767 460 4844 fecerunt,
490 4771 561 4832 turn
585 4768 623 4829 ut
646 4786 702 4842 ea,
734 4782 819 4845 quae
843 4781 863 4825 a
885 4756 1088 4843 philosophis
1113 4752 1252 4820 ethnicis
1276 4750 1365 4818 dicta
1387 4752 1544 4833 leguntur

297 4872 430 4945 veritati
453 4876 488 4939 et
510 4870 677 4937 honestati
701 4865 891 4944 conformia,
916 4864 949 4928 in
966 4858 1120 4927 veritatis
1136 4856 1336 4925 christianae
1351 4857 1450 4939 longe
1466 4856 1543 4921 sub-

294 4979 430 5045 limion's
453 4983 489 5046 et
511 4976 758 5044 abundantioris
782 4968 1099 5039 commendationem
1124 4966 1373 5041 converterent,
1398 4967 1467 5028 tum
1493 4982 1542 5039 ea,

344 5090 455 5142 noyer.
469 5090 508 5131 Ius
521 5087 635 5131 naturale.
655 5088 673 5131 I.
693 5086 735 5129 Ed.
748 5087 769 5129 2.
1322 5084 1337 5121 o
