3909 5842
418 620 479 659 11111
954 606 1134 661 Prooemium.

418 779 484 845 Sub
514 781 611 845 finem
641 778 765 845 saeculi
794 786 1007 847 accesserunt
1037 780 1246 865 8861111161·
1276 780 1308 851 S.
1339 782 1370 849 J.
1418 782 1676 867 Disputationes

418 886 644 970 philosophiae
666 885 801 952 moralis
824 885 919 967 (tomi
940 886 982 964 11,
1009 885 1126 969 1892);
1151 888 1290 953 11616111·
1312 888 1344 955 8.
1366 888 1408 961 J..
1441 890 1676 957 institutiones

418 991 644 1075 philosophiae
666 992 801 1057 moralis
824 991 920 1074 (tomi
943 992 1001 1071 III,
1027 992 1077 1059 ed.
1103 996 1133 1071 3,
1161 992 1271 1075 1900),

506 1099 545 1165 16
566 1101 733 1185 Hispania
766 1097 906 1165 similem
935 1099 1162 1185 philosophiae
1186 1100 1360 1167 universae
1383 1102 1674 1185 regenerationem

419 1206 609 1291 auspicatus
639 1210 691 1272 est
720 1207 850 1271 Bolmes
873 1204 1142 1289 (1810-1848);
1174 1208 1316 1291 analoga
1346 1209 1509 1293 principia
1538 1208 1575 1274 in
1605 1210 1675 1274 suis

417 1312 550 1397 scriptis
572 1312 900 1397 politico-socialibus
915 1313 1168 1379 Bonoso-(lorica
1184 1312 1435 1397 (1809-1853)
1452 1320 1589 1381 secutus
1611 1323 1674 1393 eet,

308 1430 310 1434 ’
418 1419 535 1501 quibus
558 1418 748 1485 excolendis
777 1422 878 1502 atque
908 1419 1008 1485 latius
1032 1418 1237 1487 stabiliendis
1267 1421 1367 1487 etiam
1391 1443 1517 1504 organa
1540 1422 1675 1505 publica

417 1526 584 1612 periodica
606 1529 828 1602 accesserunt,
851 1526 901 1592 uti
929 1526 994 1603 ,La
1010 1525 1251 1603 Civilizacion“,
1281 1528 1346 1605 ,La
1362 1527 1555 1605 Sociedad“‚
1581 1532 1674 1595 utra·

418 1652 482 1715 que
505 1632 706 1697 aBalmesio
729 1632 829 1708 edita,
854 1634 889 1697 et
915 1632 982 1709 ,La
1005 1630 1136 1697 Oieucia
1159 1631 1355 1710 cristiana“;
1380 1634 1507 1701 1661616
1530 1634 1675 1717 denique

420 1758 529 1823 opera,
546 1741 584 1803 ut
598 1740 776 1823 Zephyrini
792 1740 954 1804 86666166
970 1736 1008 1803 Ο.
1027 1738 1073 1815 Ρ.,
1096 1736 1190 1803 Oard.
1208 1736 1361 1821 Archiep.
1383 1739 1558 1815 ,Estudios
1574 1740 1675 1805 sohre

418 1845 453 1911 la
470 1843 625 1910 Filosofia
643 1844 683 1910 de
702 1845 771 1911 Sto.
791 1846 929 1910 Tomas“
947 1842 1042 1925 (tomi
1055 1844 1113 1923 111,
1135 1841 1245 1926 1864).
1270 1844 1426 1909 Eiusdem
1442 1845 1674 1931 „Philosophia

419 1951 629 2017 elementaris
645 1952 687 2017 ad
702 1972 795 2017 usum
809 1951 1018 2017 academicae
1030 1971 1069 2016 ac
1081 1952 1278 2034 praesertim
1294 1950 1539 2017 ecclesiastieae
1555 1952 1673 2017 iuven·

419 2056 519 2123 tutis“
540 2055 636 2135 (tomi
647 2056 689 2133 Π,
706 2058 756 2123 cd.
771 2060 801 2135 2,
818 2056 948 2124 Matriti
962 2056 1077 2140 1877);
1095 2056 1250 2122 Filosofia
1266 2057 1442 2123 elemental
1458 2057 1587 2142 (1881).
1621 2059 1672 2124 Ab

420 2163 534 2229 eodem
558 2162 740 2228 clarissimo
764 2162 921 2229 Praesule
945 2161 1099 2245 (†1895)
1124 2162 1246 2246 prodiit
1273 2163 1339 2241 ,La
1355 2163 1504 2247 Bibliay
1527 2166 1562 2230 la
1578 2165 1672 2230 Gian-

420 2269 489 2335 cia“
521 2271 617 2336 1892.
649 2269 702 2335 Ad
722 2269 774 2335 ius
789 2270 941 2335 naturale
962 2269 1138 2353 specialius
1159 2269 1301 2359 accessit
1326 2270 1533 2347 ,Elementos
1556 2272 1597 2336 de
1619 2272 1671 2337 de-

420 2376 518 2441 rccho
542 2374 675 2440 natural
697 2395 757 2458 per
780 2375 1160 2459 1186166111611116666
1183 2377 1223 2439 de
1239 2376 1373 2461 06116116,
1398 2376 1609 2442 Catedratico
1634 2378 1672 2443 de

419 2481 525 2547 Dieha
540 2480 744 2564 Asignatura
767 2502 807 2546 en
831 2480 864 2545 16
887 2480 1103 2547 Universitad
1126 2482 1167 2547 de
1190 2482 1358 2549 Valenoia.
1391 2482 1493 2549 Parte
1515 2483 1669 2567 primore,

419 2587 578 2655 Valencia
604 2590 706 2657 1887:
731 2587 832 2653 Parte
852 2588 1015 2670 ‘segunda
1040 2588 1200 2653 Valencia
1225 2590 1320 2654 1888.

509 2694 547 2757 ln
572 2694 681 2759 Gellio
711 2697 823 2759 autem
854 2692 927 2777 ipsa
957 2693 1113 2760 continua
1142 2694 1233 2759 lucta
1263 2699 1379 2760 contra
1408 2694 1495 2761 falsa
1522 2696 1670 2761 moderni

425 2799 650 2878 ,liberalismi“
686 2800 846 2884 principia
876 2800 989 2865 multis
1018 2800 1099 2865 viris
1129 2786 1234 2866 doctis
1264 2800 1393 2867 occasio
1424 2802 1504 2881 1618,
1539 2802 1670 2868 assidue

420 2906 557 2988 antiqua
580 2906 733 2973 veritatis
756 2928 865 2985 61166,
894 2906 1011 2989 quibus
1034 2905 1192 2991 imprimis
1216 2926 1318 2990 opera
1340 2906 1372 2975 S.
1398 2907 1544 2973 Thomas
1567 2909 1670 2975 abun-

420 3012 510 3090 dant,
535 3012 752 3094 cognoscendi
775 3017 810 3078 et
832 3034 933 3079 manu
956 3016 1111 3097 prompta
1132 3014 1166 3078 in
1189 3012 1353 3078 modernis
1376 3014 1558 3079 animorum
1576 3036 1670 3099 prae-

420 3117 473 3183 liis
496 3118 689 3200 stringendi.
722 3118 920 3202 Plerumque
943 3124 1055 3186 cutem
1078 3119 1118 3185 iis
1142 3139 1247 3201 neque
1270 3119 1486 3201 systematice
1509 3120 1669 3190 ordinatis

418 3246 524 3307 neque
547 3226 682 3307 antiquo
706 3245 797 3291 more
820 3225 1005 3309 dispositis,
1030 3225 1088 3291 sed
1112 3226 1262 3292 detracto
1285 3225 1376 3310 prius
1399 3225 1598 3292 scholastico
1622 3228 1669 3293 in·

418 3332 553 3397 volucro
583 3336 618 3397 et
648 3331 805 3398 moderna
834 3336 908 3397 arte
933 3330 1090 3413 levigatis
1113 3330 1163 3397 uti
1186 3332 1347 3399 solebant.
1394 3331 1466 3408 Qua
1488 3330 1520 3396 in
1545 3353 1583 3397 16
1606 3354 1668 3397 661

418 3439 515 3523 pauci
544 3442 579 3504 et
609 3441 759 3505 oratores
783 3441 818 3503 et
846 3438 1028 3522 scriptores
1057 3436 1223 3503 indefessa
1245 3436 1410 3503 industria
1432 3438 1668 3515 excelluerunt,

418 3564 500 3627 quos
523 3544 611 3611 inter
633 3566 698 3609 non
722 3544 793 3610 sola
816 3548 953 3610 exstant
976 3544 1067 3610 clara
1090 3542 1223 3609 nomina
1247 3545 1321 3625 Pie,
1345 3543 1485 3609 illustris
1508 3546 1669 3627 praesulis

419 3650 648 3728 Pictaviensis,
673 3655 707 3717 68
723 3652 761 3717 L.
778 3654 921 3717 Ventilet.
946 3688 991 3697 -
1014 3650 1108 3733 ipsas
1127 3654 1238 3716 autem
1255 3648 1497 3733 philosophicas
1513 3650 1669 3717 scientias

419 3757 598 3823 secundum
616 3756 816 3824 christianae
833 3757 967 3822 scholae
983 3755 1144 3841 principia
1161 3756 1397 3822 restaurandas
1412 3760 1564 3823 recenter
1580 3778 1670 3823 erec·

419 3866 475 3928 tae
498 3864 693 3929 Academiae
715 3866 886 3930 6611611666
909 3884 976 3929 666
999 3863 1070 3929 6166
1093 3884 1151 3947 spe
1168 3862 1322 3928 uberrimi
1346 3862 1474 3929 fructus
1490 3884 1670 3947 aggressae

419 3974 507 4048 sunt,
530 3991 596 4035 non
620 3970 828 4037 obstantibus
851 3970 992 4036 vinculis
1015 3969 1167 4053 politicis,
1193 3970 1309 4051 quibus
1333 3969 1516 4035 adversarii
1541 3992 1667 4037 omnem

342 4108 350 4125 ι
419 4076 655 4158 expansionem
686 4077 882 4143 catholicam
915 4078 1077 4143 suffocare
1109 4076 1268 4143 nituntur.
1322 4076 1501 4143 Praeterea
1532 4080 1605 4141 tum
1636 4076 1667 4141 in

421 4183 531 4249 Gellio
553 4187 624 4249 tum
647 4182 681 4247 in
703 4184 812 4269 Belpio
834 4205 901 4248 non
931 4184 1108 4249 defuerunt
1138 4182 1270 4248 interim
1294 4180 1356 4247 viri
1381 4181 1479 4261 docti,
1511 4184 1567 4265 qui
1590 4204 1668 4249 eun-

419 4288 493 4353 dem
516 4290 608 4355 illum
631 4290 728 4356 finem
752 4289 1008 4357 accommodatis
1031 4288 1122 4355 libris
1146 4293 1180 4355 et
1196 4288 1486 4369 lucubrationibus,
1510 4290 1545 4355 in
1560 4290 1668 4375 specie

420 4395 520 4460 etiam
544 4396 585 4461 de
608 4396 855 4479 quaestiouibus
876 4397 958 4463 iuris
981 4395 1143 4462 naturalis
1166 4396 1371 4479 conscriptis,
1396 4395 1578 4462 efficaciter
1593 4418 1668 4481 pro·

420 4507 608 4581 mouerent,
639 4504 727 4570 inter
757 4526 838 4587 quos
867 4504 986 4571 1661186
1013 4502 1240 4569 nominantur:
1265 4503 1340 4567 Ma*
1364 4503 1430 4569 Β**
1454 4502 1512 4582 (de
1533 4504 1667 4585 Lclrcn),

419 4607 593 4675 Institutes
616 4610 656 4675 de
680 4610 766 4677 droit
795 4606 1083 4692 nature1(1866);
1116 4610 1156 4674 de
1180 4612 1358 4693 Morperie,
1390 4610 1439 4674 De
1470 4609 1503 4675 la
1533 4610 1666 4687 familie,

419 4715 545 4797 Lecons
568 4716 609 4781 de
632 4715 748 4799 philos.
765 4718 891 4783 morale
907 4716 1038 4799 (1869):
1065 4717 1223 4798 06616116,
1249 4714 1299 4780 De
1314 4714 1349 4780 16
1369 4713 1555 4781 revolution
1572 4720 1607 4781 et
1631 4714 1667 4781 de

419 4824 453 4888 la
483 4822 705 4889 restauration
735 4822 793 4888 des
822 4823 913 4889 vrcis
942 4822 1107 4907 principes
1137 4822 1272 4888 sociaux
1304 4821 1437 4904 (1872);
1468 4822 1507 4888 Ρ.
1532 4824 1592 4903 Al,
1625 4822 1667 4887 Le

420 4930 493 4996 1161
508 4934 543 4995 61
558 4930 589 4995 16
605 4929 686 4996 faux
702 4950 742 4995 66
758 4931 897 4996 16611616
914 4929 1092 4995 d'autoritd
1109 4932 1143 4995 68
1160 4930 1200 4994 dc
1215 4929 1335 4994 liberte
1352 4925 1485 5009 (1814);
1503 4928 1541 4994 P.
1559 4930 1666 5009 Vellet,
