3909 5842
602 675 746 730 Disliuctio
765 693 782 730 a
800 677 917 732 diversis
934 677 1005 746 legis
1023 677 1130 733 aclibus
1147 677 1243 748 petita.
1479 681 1544 746 203

298 854 424 938 effectus
448 855 500 920 vel
525 863 614 921 cons
644 853 796 930 refertur,
827 854 1005 920 secundum
1036 875 1118 938 quos
1147 855 1221 939 ipsa
1250 855 1305 920 lex
1335 855 1446 922 varios
1475 877 1545 921 mo·

299 961 357 1026 dos
380 964 415 1026 et
439 961 548 1028 varias
576 960 855 1028 denominationes
883 961 1031 1028 sortitur.
1079 961 1212 1028 Scilicet
1236 965 1370 1045 praeter
1393 963 1543 1028 effectum

294 1071 506 1154 principalem
529 1073 562 1136 et
587 1069 805 1150 adaequatum
830 1067 923 1150 legis,
955 1067 1009 1150 qui
1033 1071 1086 1132 est
1108 1069 1265 1153 oblipotio,
1290 1071 1447 1152 quattuor
1469 1089 1546 1153 par·

299 1173 453 1239 tieulares
486 1174 622 1240 effectus
652 1175 706 1238 vel
736 1173 845 1258 potius
876 1177 970 1239 aetus
994 1173 1178 1240 enumerari
1202 1174 1326 1240 solent:
1350 1178 1544 1262 praecipere,

295 1281 463 1364 probibere
493 1301 551 1344 seu
580 1287 694 1362 estare,
724 1283 904 1364 permittere
928 1283 962 1344 et
980 1283 1112 1364 pernice,
1143 1283 1177 1346 et
1207 1280 1384 1345 secundum
1415 1281 1544 1346 eosdem

263 1393 266 1398 ’
299 1385 512 1467 distinguitur
541 1386 596 1451 lex
621 1389 824 1472 praecipiens
847 1385 1086 1468 (affirmative),
1117 1395 1227 1452 cetone
1250 1385 1446 1469 (negativa),
1472 1411 1546 1473 per·

298 1496 423 1558 mitteres
447 1497 481 1560 et
502 1497 640 1578 punieris
652 1495 673 1560 ¹.

388 1599 509 1664 Omnes
532 1598 588 1664 isti
612 1603 706 1666 actus
730 1599 861 1683 proprie
884 1599 917 1665 in
938 1600 1011 1684 ipsa
1033 1601 1234 1684 obligatione
1255 1600 1465 1667 continentur
1487 1622 1547 1667 nec

298 1704 386 1770 aliud
417 1704 593 1786 designant
622 1727 720 1788 quam
751 1705 861 1772 varios
891 1706 1016 1782 modos,
1047 1706 1164 1788 quibus
1194 1706 1266 1790 ipsa
1295 1706 1452 1788 obligatio
1486 1707 1546 1773 bu-

298 1832 429 1876 manam
462 1811 670 1877 activitatem
703 1812 870 1894 attingere
899 1817 1027 1895 potest,
1061 1812 1222 1896 simulque
1253 1813 1402 1880 diversos
1433 1814 1547 1880 modos

299 1921 414 1984 contra
437 1918 575 1984 eandem
597 1918 764 2002 peccandi.

298 2053 368 2126 234.
459 2059 575 2142 Itaque
599 2063 761 2142 quatenus
780 2060 942 2142 obligatio
965 2060 1091 2126 inducit
1113 2061 1155 2126 ad
1172 2061 1299 2142 aliquos
1314 2065 1408 2127 actus
1424 2081 1546 2144 ponen-

298 2163 366 2242 dos,
384 2165 504 2230 dicitur
525 2166 729 2250 praecipiens
746 2187 803 2232 seu
820 2168 1020 2250 affirmativa
1027 2191 1042 2249 ;
1064 2172 1226 2249 quatenus
1241 2167 1365 2232 inducit
1381 2168 1422 2232 ed
1439 2173 1547 2234 certos

299 2274 394 2336 actus
417 2271 626 2348 omittendos,
652 2278 703 2339 est
726 2277 845 2339 vetans
869 2293 926 2338 seu
951 2277 1097 2356 nepetino
1104 2296 1118 2355 ;
1147 2278 1263 2340 contra
1285 2273 1428 2356 priorem
1452 2279 1547 2341 ornis-

299 2381 396 2458 simm,
427 2383 542 2444 contra
574 2378 712 2444 alteram
743 2381 896 2464 positione
927 2383 1023 2444 actus
1046 2383 1212 2462 peccatur.
1259 2380 1361 2446 Porro
1385 2385 1460 2446 utut
1480 2381 1548 2463 for-

298 2486 425 2550 maliter
448 2483 562 2549 eadem
586 2485 757 2568 utriusque
780 2486 824 2550 sit
849 2485 898 2550 vis
923 2485 1099 2568 obligandi,
1126 2485 1344 2552 materialiter
1365 2490 1478 2550 tamen
1502 2487 1548 2550 di·

299 2611 428 2655 versam
454 2590 633 2656 efficaciam
660 2591 792 2669 habent,
816 2591 995 2656 seeundum
1017 2590 1248 2675 pervulgatum
1264 2591 1298 2656 in
1313 2592 1384 2656 iure
1400 2591 1548 2657 axioma:

390 2708 479 2788 „Len
502 2707 701 2790 offirmotice
725 2709 841 2791 oblipot
863 2729 987 2792 semper
1009 2709 1066 2773 sed
1088 2728 1153 2772 non
1173 2730 1234 2792 pro
1258 2729 1388 2792 semper,
1421 2711 1471 2773 lex
1493 2731 1548 2774 ne-

298 2817 405 2898 petino
428 2835 500 2878 ces-o
525 2835 648 2899 seraper
673 2823 700 2880 et
718 2837 779 2900 pro
803 2815 954 2900 scrnper.“

389 2921 528 3006 Utroque
552 2921 678 3002 obligat
705 2941 843 3004 semper,
875 2941 917 2987 ex
948 2941 1013 3002 quo
1036 2920 1107 2986 lata
1130 2925 1182 2986 est
1205 2925 1239 2986 et
1262 2921 1416 3002 quamdiu
1440 2921 1547 2995 durat,

301 3025 378 3108 quia
402 3025 559 3108 obligatio
584 3028 720 3094 effeetus
743 3028 904 3094 naturalis
928 3031 981 3094 est
1004 3028 1109 3092 omnis
1132 3026 1224 3108 legis,
1250 3026 1305 3108 qui
1329 3027 1468 3092 delicere
1491 3049 1549 3092 ne-

301 3131 381 3213 quit,
415 3131 476 3197 nisi
510 3133 583 3217 ipsa
615 3133 670 3198 lex
702 3155 774 3199 esse
807 3134 951 3200 desierit.
1003 3135 1213 3218 Asfimnotivo
1245 3133 1364 3198 dicitur
1395 3156 1460 3199 non
1488 3157 1549 3218 pro

301 3261 423 3324 semper
455 3239 612 3322 obligare,
645 3239 721 3322 quia
754 3263 818 3306 non
852 3241 977 3324 obligat
1010 3262 1069 3324 pro
1102 3240 1240 3323 singulis
1272 3241 1457 3318 momentis,
1490 3241 1548 3304 sed

301 3345 406 3410 solum
430 3367 489 3428 pro
514 3351 604 3411 certo
628 3350 785 3428 tempore,
810 3367 869 3430 pro
887 3368 950 3427 quo
967 3346 1122 3429 imposuit
1138 3346 1294 3430 operandi
1310 3367 1408 3421 onus;
1433 3349 1550 3411 eontra
1606 3393 1609 3400 -

301 3451 357 3516 lex
379 3455 525 3536 nepetino
549 3451 681 3535 insuper
702 3476 762 3538 pro
786 3475 908 3538 semper
931 3451 1066 3534 obligat,
1097 3452 1174 3534 quia
1197 3453 1341 3535 negatio,
1372 3473 1470 3534 quam
1499 3451 1549 3515 in·

302 3557 414 3636 cludit,
438 3579 497 3641 pro
522 3559 608 3623 omni
632 3563 781 3642 tempore
804 3559 890 3625 sicut
913 3559 1090 3624 secundum
1110 3563 1215 3624 totam
1232 3557 1456 3626 extensionem
1473 3579 1549 3640 pro·

302 3663 469 3730 bibitionis
493 3686 572 3730 suae
597 3666 797 3742 enuntiatur,
822 3669 856 3731 et
879 3669 1102 3749 praeceptum,
1128 3685 1169 3730 ne
1192 3666 1323 3730 omnino
1342 3663 1463 3746 aliquid
1480 3666 1549 3739 fiat,

302 3772 489 3854 aequivalet
512 3771 602 3838 huic:
628 3795 668 3838 ne
692 3773 758 3838 ullo
783 3778 929 3856 tempore
952 3774 1021 3838 fiat.

302 3909 372 3981 235.
463 3883 733 3978 Permitterenon
758 3933 888 3996 semper
911 3917 945 3978 et
968 3913 1028 3977 sub
1053 3912 1140 3977 omui
1163 3917 1315 3996 respectu
1339 3916 1391 3978 est
1414 3911 1550 3976 effectus

303 4017 394 4100 legis.
443 4018 570 4084 Dicitur
594 4019 679 4085 enim
703 4019 825 4101 aliquid
849 4019 997 4102 permitti
1020 4018 1140 4102 duplici
1163 4019 1275 4084 modo:
1300 4020 1347 4082 oet
1368 4037 1428 4100 per
1446 4017 1548 4081 solam

302 4128 498 4208 nepotionem
522 4126 732 4210 oblipoticnis,
757 4145 822 4206 qua
845 4124 924 4188 illud
949 4124 1020 4189 sive
1034 4129 1249 4208 pracceptum
1265 4122 1336 4188 sive
1352 4121 1549 4205 prohibitum

302 4228 356 4306 sit,
381 4235 415 4296 et
440 4231 499 4294 boc
524 4231 619 4295 modo
642 4230 813 4314 permissio
830 4251 893 4296 non
914 4236 965 4296 est
981 4231 1119 4296 effectus
1134 4229 1228 4312 legis,
1252 4229 1311 4294 sed
1327 4228 1436 4312 potius
1453 4228 1550 4292 effec-

302 4341 356 4401 tus
379 4335 481 4419 ipsius
505 4337 676 4401 absentiae
706 4336 805 4418 legis;
837 4339 882 4402 cel
906 4336 1026 4402 dieitur
1049 4336 1196 4421 permitti
1214 4338 1359 4420 positive,
1392 4333 1413 4400 i.
1439 4353 1466 4398 c.
1491 4355 1551 4416 per

303 4446 411 4506 actum
436 4441 627 4518 voluntatis,
652 4462 715 4524 quo
735 4443 907 4523 legislator
922 4443 988 4506 volt
1002 4463 1063 4506 nec
1078 4442 1269 4525 praecipere
1284 4461 1344 4506 nec
1360 4439 1549 4523 prohibere;

305 4553 338 4614 et
360 4549 413 4613 hie
436 4549 526 4614 solus
549 4549 664 4614 modus
680 4548 904 4632 permissionis
920 4548 1090 4614 effectibus
1106 4547 1189 4630 legis
1205 4547 1412 4613 adnumerari
1429 4549 1549 4629 potest.

305 4653 467 4738 Distingui
499 4655 624 4738 pariter
654 4655 751 4721 debet
778 4653 949 4738 permissio
970 4654 1053 4736 fecti
1075 4658 1109 4720 el
1132 4654 1302 4737 permissio
1326 4655 1431 4733 inris,·
1463 4652 1552 4735 prior

305 4781 367 4825 non
384 4761 530 4827 excludit
545 4761 592 4826 rei
609 4761 870 4845 prohibitionem,
895 4760 952 4826 sed
969 4761 1074 4825 solum
1096 4759 1261 4842 significat
1283 4758 1423 4840 aliquem
1441 4763 1551 4824 actum

395 5021 403 5052 ¹
423 5018 464 5072 Oi.
485 5021 513 5072 S.
536 5020 637 5086 Thoen,
657 5019 683 5074 S.
704 5017 787 5072 theol.
808 5020 830 5084 l,
851 5019 874 5080 2,
895 5033 921 5085 q.
940 5015 985 5080 92,
1003 5032 1029 5069 a.
1050 5015 1075 5068 2.
