<?xml version="1.0" encoding="UTF-8"?>
<!DOCTYPE html PUBLIC "-//W3C//DTD XHTML 1.0 Transitional//EN"
    "http://www.w3.org/TR/xhtml1/DTD/xhtml1-transitional.dtd">
<html xmlns="http://www.w3.org/1999/xhtml" xml:lang="en" lang="en">
 <head>
  <title>
</title>
<meta http-equiv="Content-Type" content="text/html;charset=utf-8" />
  <meta name='ocr-system' content='tesseract 3.04.00' />
  <meta name='ocr-capabilities' content='ocr_page ocr_carea ocr_par ocr_line ocrx_word'/>
</head>
<body>
  <div class='ocr_page' id='page_1' title='image "./institutionesiu00meyegoog_0130.png"; bbox 0 0 3909 5842; ppageno 0'>
   <div class='ocr_carea' id='block_1_1' title="bbox 442 844 1749 1507">
    <p class='ocr_par' dir='ltr' id='par_1_1' title="bbox 442 844 1749 1507">
     <span class='ocr_line' id='line_1_1' title="bbox 442 844 1677 922; baseline -0.001 -19"><span class='ocrx_word' id='word_1_1' title='bbox 442 845 571 921; x_wconf 78' lang='lat' dir='ltr'><strong>professi</strong></span> <span class='ocrx_word' id='word_1_2' title='bbox 592 850 664 903; x_wconf 85' lang='lat' dir='ltr'>sunt</span> <span class='ocrx_word' id='word_1_3' title='bbox 684 864 720 903; x_wconf 89' lang='lat' dir='ltr'>ac</span> <span class='ocrx_word' id='word_1_4' title='bbox 740 864 828 921; x_wconf 92' lang='lat' dir='ltr'>porro</span> <span class='ocrx_word' id='word_1_5' title='bbox 849 844 1034 922; x_wconf 85' lang='lat' dir='ltr'>profitentur.</span> <span class='ocrx_word' id='word_1_6' title='bbox 1064 844 1090 903; x_wconf 84' lang='grc' dir='ltr'><strong>Ε</strong></span> <span class='ocrx_word' id='word_1_7' title='bbox 1112 844 1216 904; x_wconf 81' lang='lat' dir='ltr'>schole</span> <span class='ocrx_word' id='word_1_8' title='bbox 1237 864 1302 903; x_wconf 89' lang='lat' dir='ltr'>cum</span> <span class='ocrx_word' id='word_1_9' title='bbox 1324 844 1436 903; x_wconf 90' lang='lat' dir='ltr'>eisdem</span> <span class='ocrx_word' id='word_1_10' title='bbox 1456 850 1614 903; x_wconf 89' lang='lat' dir='ltr'>senserunt</span> <span class='ocrx_word' id='word_1_11' title='bbox 1630 864 1677 903; x_wconf 88' lang='lat' dir='ltr'>nou</span> 
     </span>
     <span class='ocr_line' id='line_1_2' title="bbox 443 940 1678 1017; baseline -0.002 -18"><span class='ocrx_word' id='word_1_12' title='bbox 443 942 538 1000; x_wconf 88' lang='lat' dir='ltr'>solum</span> <span class='ocrx_word' id='word_1_13' title='bbox 565 940 730 1012; x_wconf 87' lang='lat' dir='ltr'>Scotistee,</span> <span class='ocrx_word' id='word_1_14' title='bbox 758 960 861 1001; x_wconf 90' lang='lat' dir='ltr'>verum</span> <span class='ocrx_word' id='word_1_15' title='bbox 889 940 980 1001; x_wconf 79' lang='lat' dir='ltr'>etism</span> <span class='ocrx_word' id='word_1_16' title='bbox 1008 960 1045 999; x_wconf 84' lang='lat' dir='ltr'>ex</span> <span class='ocrx_word' id='word_1_17' title='bbox 1071 940 1287 1017; x_wconf 80' lang='lat' dir='ltr'>antiquioribus</span> <span class='ocrx_word' id='word_1_18' title='bbox 1308 940 1471 1001; x_wconf 84' lang='lat' dir='ltr'>Themistis</span> <span class='ocrx_word' id='word_1_19' title='bbox 1500 940 1678 1017; x_wconf 83' lang='lat' dir='ltr'>complures².</span> 
     </span>
     <span class='ocr_line' id='line_1_3' title="bbox 443 1037 1748 1115; baseline -0.003 -17"><span class='ocrx_word' id='word_1_20' title='bbox 443 1037 657 1098; x_wconf 78' lang='lat' dir='ltr'>Contradicunt</span> <span class='ocrx_word' id='word_1_21' title='bbox 691 1044 789 1097; x_wconf 83' lang='lat' dir='ltr'>sutem</span> <span class='ocrx_word' id='word_1_22' title='bbox 823 1040 1005 1115; x_wconf 74' lang='lat' dir='ltr'>posteriores</span> <span class='ocrx_word' id='word_1_23' title='bbox 1039 1038 1244 1111; x_wconf 77' lang='lat' dir='ltr'>,Thornistee“</span> <span class='ocrx_word' id='word_1_24' title='bbox 1258 1042 1277 1098; x_wconf 80' lang='lat'>².</span> <span class='ocrx_word' id='word_1_25' title='bbox 1325 1038 1414 1115; x_wconf 85' lang='lat' dir='ltr'>Apud</span> <span class='ocrx_word' id='word_1_26' title='bbox 1445 1056 1551 1097; x_wconf 87' lang='lat' dir='ltr'>ornnes</span> <span class='ocrx_word' id='word_1_27' title='bbox 1580 1037 1679 1113; x_wconf 87' lang='lat' dir='ltr'>quidem</span> <span class='ocrx_word' id='word_1_28' title='bbox 1747 1044 1748 1051; x_wconf 76' lang='grc'>’</span> 
     </span>
     <span class='ocr_line' id='line_1_4' title="bbox 443 1134 1680 1211; baseline -0.002 -18"><span class='ocrx_word' id='word_1_29' title='bbox 443 1135 564 1195; x_wconf 82' lang='lat' dir='ltr'>scholae</span> <span class='ocrx_word' id='word_1_30' title='bbox 586 1134 752 1195; x_wconf 87' lang='lat' dir='ltr'>catholicae</span> <span class='ocrx_word' id='word_1_31' title='bbox 775 1136 912 1197; x_wconf 85' lang='lat' dir='ltr'>doctores</span> <span class='ocrx_word' id='word_1_32' title='bbox 933 1138 1008 1196; x_wconf 82' lang='lat' dir='ltr'>liaeo</span> <span class='ocrx_word' id='word_1_33' title='bbox 1030 1137 1086 1196; x_wconf 93' lang='lat' dir='ltr'>duo</span> <span class='ocrx_word' id='word_1_34' title='bbox 1109 1142 1195 1197; x_wconf 79' lang='lat' dir='ltr'>extra</span> <span class='ocrx_word' id='word_1_35' title='bbox 1216 1156 1331 1197; x_wconf 86' lang='lat' dir='ltr'>omnem</span> <span class='ocrx_word' id='word_1_36' title='bbox 1347 1135 1586 1195; x_wconf 84' lang='lat' dir='ltr'>controversiam</span> <span class='ocrx_word' id='word_1_37' title='bbox 1599 1134 1680 1211; x_wconf 79' lang='lat' dir='ltr'>posita</span> 
     </span>
     <span class='ocr_line' id='line_1_5' title="bbox 443 1232 1680 1309; baseline -0.002 -16"><span class='ocrx_word' id='word_1_38' title='bbox 443 1239 528 1293; x_wconf 88' lang='lat' dir='ltr'>sunt:</span> <span class='ocrx_word' id='word_1_39' title='bbox 545 1235 570 1293; x_wconf 93' lang='lat'>1.</span> <span class='ocrx_word' id='word_1_40' title='bbox 586 1253 701 1293; x_wconf 89' lang='lat' dir='ltr'>omnem</span> <span class='ocrx_word' id='word_1_41' title='bbox 716 1253 836 1293; x_wconf 79' lang='lat' dir='ltr'>causum</span> <span class='ocrx_word' id='word_1_42' title='bbox 852 1236 1013 1294; x_wconf 85' lang='lat' dir='ltr'>secundam</span> <span class='ocrx_word' id='word_1_43' title='bbox 1030 1253 1089 1293; x_wconf 90' lang='lat' dir='ltr'>mon</span> <span class='ocrx_word' id='word_1_44' title='bbox 1103 1253 1193 1309; x_wconf 83' lang='lat' dir='ltr'>agere</span> <span class='ocrx_word' id='word_1_45' title='bbox 1207 1233 1265 1292; x_wconf 90' lang='lat' dir='ltr'>nisi</span> <span class='ocrx_word' id='word_1_46' title='bbox 1280 1232 1433 1291; x_wconf 85' lang='lat' dir='ltr'>invirtute</span> <span class='ocrx_word' id='word_1_47' title='bbox 1448 1252 1562 1291; x_wconf 85' lang='lat' dir='ltr'>causae</span> <span class='ocrx_word' id='word_1_48' title='bbox 1576 1232 1680 1308; x_wconf 79' lang='lat' dir='ltr'>primes,</span> 
     </span>
     <span class='ocr_line' id='line_1_6' title="bbox 444 1328 1749 1406; baseline -0.002 -16"><span class='ocrx_word' id='word_1_49' title='bbox 444 1336 471 1392; x_wconf 84' lang='lat'>2.</span> <span class='ocrx_word' id='word_1_50' title='bbox 492 1332 641 1391; x_wconf 76' lang='lat' dir='ltr'>humanae</span> <span class='ocrx_word' id='word_1_51' title='bbox 661 1331 826 1401; x_wconf 85' lang='lat' dir='ltr'>voluntati,</span> <span class='ocrx_word' id='word_1_52' title='bbox 848 1352 908 1391; x_wconf 87' lang='lat' dir='ltr'>non</span> <span class='ocrx_word' id='word_1_53' title='bbox 930 1334 1069 1391; x_wconf 84' lang='lat' dir='ltr'>obstante</span> <span class='ocrx_word' id='word_1_54' title='bbox 1090 1332 1147 1391; x_wconf 87' lang='lat' dir='ltr'>hac</span> <span class='ocrx_word' id='word_1_55' title='bbox 1168 1330 1339 1391; x_wconf 84' lang='lat' dir='ltr'>necessaria</span> <span class='ocrx_word' id='word_1_56' title='bbox 1360 1330 1425 1389; x_wconf 88' lang='lat' dir='ltr'>eius</span> <span class='ocrx_word' id='word_1_57' title='bbox 1447 1350 1466 1389; x_wconf 87' lang='lat' dir='ltr'>a</span> <span class='ocrx_word' id='word_1_58' title='bbox 1486 1328 1586 1406; x_wconf 87' lang='lat' dir='ltr'>prima</span> <span class='ocrx_word' id='word_1_59' title='bbox 1606 1349 1682 1387; x_wconf 82' lang='lat' dir='ltr'>causa</span> <span class='ocrx_word' id='word_1_60' title='bbox 1748 1392 1749 1405; x_wconf 49' lang='lat'>,</span> 
     </span>
     <span class='ocr_line' id='line_1_7' title="bbox 445 1426 1681 1507; baseline -0.003 -19"><span class='ocrx_word' id='word_1_61' title='bbox 445 1428 651 1507; x_wconf 82' lang='lat' dir='ltr'>dependentia,</span> <span class='ocrx_word' id='word_1_62' title='bbox 672 1448 775 1487; x_wconf 79' lang='lat' dir='ltr'>veram</span> <span class='ocrx_word' id='word_1_63' title='bbox 795 1429 964 1489; x_wconf 88' lang='lat' dir='ltr'>libertatem</span> <span class='ocrx_word' id='word_1_64' title='bbox 977 1448 1138 1505; x_wconf 88' lang='lat' dir='ltr'>verumque</span> <span class='ocrx_word' id='word_1_65' title='bbox 1153 1428 1313 1487; x_wconf 87' lang='lat' dir='ltr'>dominium</span> <span class='ocrx_word' id='word_1_66' title='bbox 1328 1446 1448 1486; x_wconf 89' lang='lat' dir='ltr'>suorum</span> <span class='ocrx_word' id='word_1_67' title='bbox 1470 1434 1595 1486; x_wconf 83' lang='lat' dir='ltr'>actuum</span> <span class='ocrx_word' id='word_1_68' title='bbox 1614 1426 1681 1484; x_wconf 84' lang='lat' dir='ltr'>attri-</span> 
     </span>
    </p>
   </div>
   <div class='ocr_carea' id='block_1_2' title="bbox 443 666 1424 738">
    <p class='ocr_par' dir='ltr' id='par_1_2' title="bbox 443 666 1424 738">
     <span class='ocr_line' id='line_1_8' title="bbox 443 666 1424 738; baseline -0.001 -16"><span class='ocrx_word' id='word_1_69' title='bbox 443 672 485 735; x_wconf 81' lang='grc'>78</span> <span class='ocrx_word' id='word_1_70' title='bbox 665 668 755 724; x_wconf 82' lang='lat' dir='ltr'>Sectis</span> <span class='ocrx_word' id='word_1_71' title='bbox 773 668 794 722; x_wconf 92' lang='grc' dir='ltr'>Ι.</span> <span class='ocrx_word' id='word_1_72' title='bbox 832 667 913 722; x_wconf 88' lang='lat' dir='ltr'>Liber</span> <span class='ocrx_word' id='word_1_73' title='bbox 931 669 952 721; x_wconf 93' lang='lat' dir='ltr'>l.</span> <span class='ocrx_word' id='word_1_74' title='bbox 990 666 1079 738; x_wconf 83' lang='lat' dir='ltr'>Csput</span> <span class='ocrx_word' id='word_1_75' title='bbox 1098 667 1145 722; x_wconf 88' lang='lat'>111.</span> <span class='ocrx_word' id='word_1_76' title='bbox 1183 667 1325 722; x_wconf 83' lang='lat' dir='ltr'>Articulus</span> <span class='ocrx_word' id='word_1_77' title='bbox 1344 668 1369 721; x_wconf 80' lang='lat'>2.</span> <span class='ocrx_word' id='word_1_78' title='bbox 1408 666 1424 735; x_wconf 65' lang='grc' dir='ltr'><strong>ἕ</strong></span> 
     </span>
    </p>
   </div>
   <div class='ocr_carea' id='block_1_3' title="bbox 440 1525 1753 4253">
    <p class='ocr_par' dir='ltr' id='par_1_3' title="bbox 443 1525 1683 1604">
     <span class='ocr_line' id='line_1_9' title="bbox 443 1525 1683 1604; baseline -0.004 -17"><span class='ocrx_word' id='word_1_79' title='bbox 443 1527 590 1587; x_wconf 90' lang='lat' dir='ltr'>buendum</span> <span class='ocrx_word' id='word_1_80' title='bbox 611 1546 687 1599; x_wconf 89' lang='lat' dir='ltr'>esse,</span> <span class='ocrx_word' id='word_1_81' title='bbox 709 1532 812 1604; x_wconf 84' lang='lat' dir='ltr'>utpote</span> <span class='ocrx_word' id='word_1_82' title='bbox 833 1526 1009 1604; x_wconf 86' lang='lat' dir='ltr'>principium</span> <span class='ocrx_word' id='word_1_83' title='bbox 1032 1526 1128 1586; x_wconf 87' lang='lat' dir='ltr'>omnis</span> <span class='ocrx_word' id='word_1_84' title='bbox 1149 1526 1271 1586; x_wconf 89' lang='lat' dir='ltr'>moralis</span> <span class='ocrx_word' id='word_1_85' title='bbox 1292 1525 1545 1603; x_wconf 87' lang='lat' dir='ltr'>imputabilitatis.</span> <span class='ocrx_word' id='word_1_86' title='bbox 1589 1526 1683 1583; x_wconf 83' lang='lat' dir='ltr'>Verum</span> 
     </span>
    </p>

    <p class='ocr_par' dir='ltr' id='par_1_4' title="bbox 442 1620 1750 1990">
     <span class='ocr_line' id='line_1_10' title="bbox 442 1620 1683 1701; baseline -0.002 -19"><span class='ocrx_word' id='word_1_87' title='bbox 442 1624 473 1683; x_wconf 93' lang='lat' dir='ltr'>in</span> <span class='ocrx_word' id='word_1_88' title='bbox 494 1624 672 1700; x_wconf 79' lang='lat' dir='ltr'>explicando</span> <span class='ocrx_word' id='word_1_89' title='bbox 693 1624 789 1695; x_wconf 91' lang='lat' dir='ltr'>modo,</span> <span class='ocrx_word' id='word_1_90' title='bbox 811 1644 867 1700; x_wconf 91' lang='lat' dir='ltr'>quo</span> <span class='ocrx_word' id='word_1_91' title='bbox 888 1624 945 1683; x_wconf 89' lang='lat' dir='ltr'>hae</span> <span class='ocrx_word' id='word_1_92' title='bbox 966 1624 1042 1683; x_wconf 89' lang='lat' dir='ltr'>duae</span> <span class='ocrx_word' id='word_1_93' title='bbox 1057 1624 1201 1683; x_wconf 84' lang='lat' dir='ltr'>veritates</span> <span class='ocrx_word' id='word_1_94' title='bbox 1216 1628 1286 1701; x_wconf 91' lang='lat' dir='ltr'>apte</span> <span class='ocrx_word' id='word_1_95' title='bbox 1301 1622 1508 1695; x_wconf 73' lang='lat' dir='ltr'>concilientur,</span> <span class='ocrx_word' id='word_1_96' title='bbox 1533 1620 1683 1681; x_wconf 75' lang='lat' dir='ltr'>doctissimi</span> 
     </span>
     <span class='ocr_line' id='line_1_11' title="bbox 442 1718 1684 1798; baseline -0.005 -17"><span class='ocrx_word' id='word_1_97' title='bbox 442 1722 580 1798; x_wconf 90' lang='lat' dir='ltr'>utrinque</span> <span class='ocrx_word' id='word_1_98' title='bbox 593 1721 651 1780; x_wconf 83' lang='lat' dir='ltr'>viri</span> <span class='ocrx_word' id='word_1_99' title='bbox 672 1720 752 1780; x_wconf 89' lang='lat' dir='ltr'>iuter</span> <span class='ocrx_word' id='word_1_100' title='bbox 772 1742 805 1780; x_wconf 89' lang='lat' dir='ltr'>se</span> <span class='ocrx_word' id='word_1_101' title='bbox 820 1721 1009 1793; x_wconf 89' lang='lat' dir='ltr'>dissentiunt,</span> <span class='ocrx_word' id='word_1_102' title='bbox 1031 1722 1140 1798; x_wconf 83' lang='lat' dir='ltr'>partim</span> <span class='ocrx_word' id='word_1_103' title='bbox 1155 1721 1245 1780; x_wconf 84' lang='lat' dir='ltr'>etium</span> <span class='ocrx_word' id='word_1_104' title='bbox 1260 1719 1398 1795; x_wconf 83' lang='lat' dir='ltr'>Angelioi</span> <span class='ocrx_word' id='word_1_105' title='bbox 1413 1720 1559 1779; x_wconf 87' lang='lat' dir='ltr'>Doctoris</span> <span class='ocrx_word' id='word_1_106' title='bbox 1573 1718 1684 1777; x_wconf 80' lang='lat' dir='ltr'>auctori·</span> 
     </span>
     <span class='ocr_line' id='line_1_12' title="bbox 442 1816 1750 1895; baseline -0.005 -16"><span class='ocrx_word' id='word_1_107' title='bbox 442 1824 550 1889; x_wconf 86' lang='lat' dir='ltr'>tutem,</span> <span class='ocrx_word' id='word_1_108' title='bbox 579 1818 713 1877; x_wconf 83' lang='lat' dir='ltr'>adhibita</span> <span class='ocrx_word' id='word_1_109' title='bbox 741 1818 805 1877; x_wconf 89' lang='lat' dir='ltr'>eius</span> <span class='ocrx_word' id='word_1_110' title='bbox 826 1820 984 1878; x_wconf 87' lang='lat' dir='ltr'>verborum</span> <span class='ocrx_word' id='word_1_111' title='bbox 1012 1816 1259 1895; x_wconf 85' lang='lat' dir='ltr'>interpretatione</span> <span class='ocrx_word' id='word_1_112' title='bbox 1287 1817 1354 1893; x_wconf 90' lang='lat' dir='ltr'>plus</span> <span class='ocrx_word' id='word_1_113' title='bbox 1381 1817 1521 1876; x_wconf 88' lang='lat' dir='ltr'>minusve</span> <span class='ocrx_word' id='word_1_114' title='bbox 1543 1816 1684 1893; x_wconf 79' lang='lat' dir='ltr'>probabili.</span> <span class='ocrx_word' id='word_1_115' title='bbox 1749 1840 1750 1893; x_wconf 64' lang='grc' dir='ltr'>ι</span> 
     </span>
     <span class='ocr_line' id='line_1_13' title="bbox 443 1914 776 1990; baseline -0.003 -16"><span class='ocrx_word' id='word_1_116' title='bbox 443 1915 581 1990; x_wconf 90' lang='lat' dir='ltr'>utrinque</span> <span class='ocrx_word' id='word_1_117' title='bbox 601 1914 776 1973; x_wconf 78' lang='lat' dir='ltr'>invocando.</span> 
     </span>
    </p>

    <p class='ocr_par' dir='ltr' id='par_1_5' title="bbox 441 2018 1753 3559">
     <span class='ocr_line' id='line_1_14' title="bbox 532 2018 1685 2097; baseline -0.003 -18"><span class='ocrx_word' id='word_1_118' title='bbox 532 2022 718 2081; x_wconf 75' lang='lat' dir='ltr'>Posteriores</span> <span class='ocrx_word' id='word_1_119' title='bbox 744 2021 949 2093; x_wconf 83' lang='lat' dir='ltr'>,Themistae“</span> <span class='ocrx_word' id='word_1_120' title='bbox 980 2021 1135 2093; x_wconf 82' lang='lat' dir='ltr'>videlicet,</span> <span class='ocrx_word' id='word_1_121' title='bbox 1164 2040 1201 2080; x_wconf 88' lang='lat' dir='ltr'>ne</span> <span class='ocrx_word' id='word_1_122' title='bbox 1230 2020 1297 2096; x_wconf 93' lang='lat' dir='ltr'>quid</span> <span class='ocrx_word' id='word_1_123' title='bbox 1324 2020 1412 2097; x_wconf 91' lang='lat' dir='ltr'>pleno</span> <span class='ocrx_word' id='word_1_124' title='bbox 1434 2020 1493 2079; x_wconf 88' lang='lat' dir='ltr'>Dei</span> <span class='ocrx_word' id='word_1_125' title='bbox 1515 2018 1685 2079; x_wconf 78' lang='lat' dir='ltr'>dominicis</span> 
     </span>
     <span class='ocr_line' id='line_1_15' title="bbox 443 2118 1685 2195; baseline -0.004 -16"><span class='ocrx_word' id='word_1_126' title='bbox 443 2139 550 2179; x_wconf 84' lang='lat' dir='ltr'>cousus</span> <span class='ocrx_word' id='word_1_127' title='bbox 569 2119 717 2180; x_wconf 76' lang='lat' dir='ltr'>secundae</span> <span class='ocrx_word' id='word_1_128' title='bbox 731 2120 820 2178; x_wconf 85' lang='lat' dir='ltr'>etiam</span> <span class='ocrx_word' id='word_1_129' title='bbox 834 2119 944 2178; x_wconf 84' lang='lat' dir='ltr'>liberes</span> <span class='ocrx_word' id='word_1_130' title='bbox 958 2119 1141 2191; x_wconf 86' lang='lat' dir='ltr'>detrahatur,</span> <span class='ocrx_word' id='word_1_131' title='bbox 1163 2118 1272 2195; x_wconf 88' lang='lat' dir='ltr'>requiri</span> <span class='ocrx_word' id='word_1_132' title='bbox 1286 2124 1394 2195; x_wconf 91' lang='lat' dir='ltr'>putant</span> <span class='ocrx_word' id='word_1_133' title='bbox 1408 2118 1446 2178; x_wconf 87' lang='lat' dir='ltr'>ad</span> <span class='ocrx_word' id='word_1_134' title='bbox 1461 2138 1584 2178; x_wconf 87' lang='lat' dir='ltr'>omnem</span> <span class='ocrx_word' id='word_1_135' title='bbox 1598 2136 1685 2194; x_wconf 88' lang='lat' dir='ltr'>opera·</span> 
     </span>
     <span class='ocr_line' id='line_1_16' title="bbox 442 2216 1686 2295; baseline -0.002 -19"><span class='ocrx_word' id='word_1_136' title='bbox 442 2217 554 2277; x_wconf 88' lang='lat' dir='ltr'>tionem</span> <span class='ocrx_word' id='word_1_137' title='bbox 583 2223 739 2277; x_wconf 73' lang='lat' dir='ltr'>creaturae</span> <span class='ocrx_word' id='word_1_138' title='bbox 760 2236 799 2275; x_wconf 86' lang='lat' dir='ltr'>ex</span> <span class='ocrx_word' id='word_1_139' title='bbox 818 2222 906 2293; x_wconf 85' lang='lat' dir='ltr'>perte</span> <span class='ocrx_word' id='word_1_140' title='bbox 926 2234 1037 2277; x_wconf 81' lang='lat' dir='ltr'>causes</span> <span class='ocrx_word' id='word_1_141' title='bbox 1058 2216 1170 2293; x_wconf 83' lang='lat' dir='ltr'>primae</span> <span class='ocrx_word' id='word_1_142' title='bbox 1186 2221 1414 2295; x_wconf 77' lang='lat' dir='ltr'>promotionem</span> <span class='ocrx_word' id='word_1_143' title='bbox 1435 2217 1686 2295; x_wconf 60' lang='lat' dir='ltr'>(promeruiss-</span> 
     </span>
     <span class='ocr_line' id='line_1_17' title="bbox 442 2314 1751 2393; baseline -0.004 -18"><span class='ocrx_word' id='word_1_144' title='bbox 442 2318 561 2390; x_wconf 82' lang='lat' dir='ltr'>tr&#39;onem)</span> <span class='ocrx_word' id='word_1_145' title='bbox 584 2317 754 2393; x_wconf 71' lang='lat' dir='ltr'>physicam,</span> <span class='ocrx_word' id='word_1_146' title='bbox 780 2332 857 2389; x_wconf 89' lang='lat' dir='ltr'>quae</span> <span class='ocrx_word' id='word_1_147' title='bbox 884 2333 922 2372; x_wconf 85' lang='lat' dir='ltr'>ex</span> <span class='ocrx_word' id='word_1_148' title='bbox 949 2318 1057 2372; x_wconf 83' lang='lat' dir='ltr'>nature</span> <span class='ocrx_word' id='word_1_149' title='bbox 1085 2332 1140 2373; x_wconf 89' lang='lat' dir='ltr'>sua</span> <span class='ocrx_word' id='word_1_150' title='bbox 1169 2320 1200 2371; x_wconf 88' lang='lat' dir='ltr'>et</span> <span class='ocrx_word' id='word_1_151' title='bbox 1229 2314 1430 2373; x_wconf 73' lang='lat' dir='ltr'>essentialiter</span> <span class='ocrx_word' id='word_1_152' title='bbox 1461 2315 1520 2374; x_wconf 88' lang='lat' dir='ltr'>eibi</span> <span class='ocrx_word' id='word_1_153' title='bbox 1552 2332 1686 2373; x_wconf 84' lang='lat' dir='ltr'>conexum</span> <span class='ocrx_word' id='word_1_154' title='bbox 1750 2334 1751 2379; x_wconf 58' lang='grc' dir='ltr'>ι</span> 
     </span>
     <span class='ocr_line' id='line_1_18' title="bbox 442 2409 1685 2487; baseline -0.005 -15"><span class='ocrx_word' id='word_1_155' title='bbox 442 2413 552 2472; x_wconf 81' lang='lat' dir='ltr'>hebeat</span> <span class='ocrx_word' id='word_1_156' title='bbox 573 2417 680 2472; x_wconf 89' lang='lat' dir='ltr'>actum.</span> <span class='ocrx_word' id='word_1_157' title='bbox 715 2410 887 2487; x_wconf 76' lang='lat' dir='ltr'>Propterea,</span> <span class='ocrx_word' id='word_1_158' title='bbox 909 2416 943 2468; x_wconf 92' lang='lat' dir='ltr'>ut</span> <span class='ocrx_word' id='word_1_159' title='bbox 962 2410 1155 2469; x_wconf 87' lang='lat' dir='ltr'>nihilominus</span> <span class='ocrx_word' id='word_1_160' title='bbox 1177 2411 1262 2469; x_wconf 87' lang='lat' dir='ltr'>selva</span> <span class='ocrx_word' id='word_1_161' title='bbox 1283 2411 1406 2470; x_wconf 87' lang='lat' dir='ltr'>libertas</span> <span class='ocrx_word' id='word_1_162' title='bbox 1428 2418 1572 2470; x_wconf 77' lang='lat' dir='ltr'>constare</span> <span class='ocrx_word' id='word_1_163' title='bbox 1593 2409 1685 2487; x_wconf 74' lang='lat' dir='ltr'>possit,</span> 
     </span>
     <span class='ocr_line' id='line_1_19' title="bbox 442 2506 1686 2585; baseline -0.005 -16"><span class='ocrx_word' id='word_1_164' title='bbox 442 2510 530 2570; x_wconf 89' lang='lat' dir='ltr'>huius</span> <span class='ocrx_word' id='word_1_165' title='bbox 558 2516 694 2569; x_wconf 78' lang='lat' dir='ltr'>naturam</span> <span class='ocrx_word' id='word_1_166' title='bbox 724 2514 754 2567; x_wconf 89' lang='lat' dir='ltr'>et</span> <span class='ocrx_word' id='word_1_167' title='bbox 777 2513 952 2583; x_wconf 88' lang='lat' dir='ltr'>conceptum</span> <span class='ocrx_word' id='word_1_168' title='bbox 974 2506 1018 2566; x_wconf 94' lang='lat' dir='ltr'>illi</span> <span class='ocrx_word' id='word_1_169' title='bbox 1038 2507 1353 2584; x_wconf 82' lang='lat' dir='ltr'>praedeterminetioni</span> <span class='ocrx_word' id='word_1_170' title='bbox 1372 2508 1518 2585; x_wconf 80' lang='lat' dir='ltr'>physicae</span> <span class='ocrx_word' id='word_1_171' title='bbox 1540 2507 1686 2584; x_wconf 88' lang='lat' dir='ltr'>quomodo·</span> 
     </span>
     <span class='ocr_line' id='line_1_20' title="bbox 444 2605 1685 2685; baseline -0.006 -18"><span class='ocrx_word' id='word_1_172' title='bbox 444 2628 568 2685; x_wconf 89' lang='lat' dir='ltr'>cumque</span> <span class='ocrx_word' id='word_1_173' title='bbox 596 2606 818 2667; x_wconf 80' lang='lat' dir='ltr'>accommodare</span> <span class='ocrx_word' id='word_1_174' title='bbox 840 2612 995 2683; x_wconf 82' lang='lat' dir='ltr'>eoguntur.</span> <span class='ocrx_word' id='word_1_175' title='bbox 1037 2606 1154 2665; x_wconf 90' lang='lat' dir='ltr'>Dooent</span> <span class='ocrx_word' id='word_1_176' title='bbox 1182 2606 1274 2681; x_wconf 86' lang='lat' dir='ltr'>igitur</span> <span class='ocrx_word' id='word_1_177' title='bbox 1294 2609 1331 2665; x_wconf 92' lang='lat' dir='ltr'>ad</span> <span class='ocrx_word' id='word_1_178' title='bbox 1353 2606 1526 2665; x_wconf 81' lang='lat' dir='ltr'>libertatem</span> <span class='ocrx_word' id='word_1_179' title='bbox 1548 2605 1685 2671; x_wconf 82' lang='lat' dir='ltr'>sufficere,</span> 
     </span>
     <span class='ocr_line' id='line_1_21' title="bbox 443 2702 1752 2783; baseline -0.006 -19"><span class='ocrx_word' id='word_1_180' title='bbox 443 2712 476 2764; x_wconf 93' lang='lat' dir='ltr'>ut</span> <span class='ocrx_word' id='word_1_181' title='bbox 496 2706 551 2763; x_wconf 87' lang='lat' dir='ltr'>sub</span> <span class='ocrx_word' id='word_1_182' title='bbox 571 2702 697 2781; x_wconf 87' lang='lat' dir='ltr'>physica</span> <span class='ocrx_word' id='word_1_183' title='bbox 718 2702 921 2780; x_wconf 78' lang='lat' dir='ltr'>praemotione</span> <span class='ocrx_word' id='word_1_184' title='bbox 943 2703 1044 2761; x_wconf 80' lang='lat' dir='ltr'>divina</span> <span class='ocrx_word' id='word_1_185' title='bbox 1066 2702 1103 2761; x_wconf 93' lang='lat' dir='ltr'>ad</span> <span class='ocrx_word' id='word_1_186' title='bbox 1125 2709 1237 2761; x_wconf 82' lang='lat' dir='ltr'>certum</span> <span class='ocrx_word' id='word_1_187' title='bbox 1259 2702 1472 2779; x_wconf 88' lang='lat' dir='ltr'>operationem,</span> <span class='ocrx_word' id='word_1_188' title='bbox 1494 2704 1610 2763; x_wconf 71' lang='lat' dir='ltr'>cerredi</span> <span class='ocrx_word' id='word_1_189' title='bbox 1622 2720 1686 2759; x_wconf 75' lang='lat' dir='ltr'>reru</span> <span class='ocrx_word' id='word_1_190' title='bbox 1751 2762 1752 2783; x_wconf 28' lang='lat'>1</span> 
     </span>
     <span class='ocr_line' id='line_1_22' title="bbox 442 2798 1686 2877; baseline -0.003 -16"><span class='ocrx_word' id='word_1_191' title='bbox 442 2806 612 2877; x_wconf 80' lang='lat' dir='ltr'>necessario,</span> <span class='ocrx_word' id='word_1_192' title='bbox 629 2800 715 2860; x_wconf 90' lang='lat' dir='ltr'>simul</span> <span class='ocrx_word' id='word_1_193' title='bbox 730 2807 828 2859; x_wconf 84' lang='lat' dir='ltr'>sutem</span> <span class='ocrx_word' id='word_1_194' title='bbox 843 2820 881 2859; x_wconf 86' lang='lat' dir='ltr'>ex</span> <span class='ocrx_word' id='word_1_195' title='bbox 897 2800 1060 2859; x_wconf 91' lang='lat' dir='ltr'>deliberata</span> <span class='ocrx_word' id='word_1_196' title='bbox 1075 2798 1320 2859; x_wconf 88' lang='lat' dir='ltr'>determinatione</span> <span class='ocrx_word' id='word_1_197' title='bbox 1334 2800 1499 2859; x_wconf 84' lang='lat' dir='ltr'>voluntatis</span> <span class='ocrx_word' id='word_1_198' title='bbox 1515 2806 1686 2867; x_wconf 84' lang='lat' dir='ltr'>secuturam,</span> 
     </span>
     <span class='ocr_line' id='line_1_23' title="bbox 443 2892 1687 2973; baseline -0.005 -16"><span class='ocrx_word' id='word_1_199' title='bbox 443 2898 589 2958; x_wconf 86' lang='lat' dir='ltr'>subsistat</span> <span class='ocrx_word' id='word_1_200' title='bbox 609 2898 640 2955; x_wconf 92' lang='lat' dir='ltr'>in</span> <span class='ocrx_word' id='word_1_201' title='bbox 660 2898 816 2957; x_wconf 83' lang='lat' dir='ltr'>voluntate</span> <span class='ocrx_word' id='word_1_202' title='bbox 831 2901 961 2973; x_wconf 81' lang='lat' dir='ltr'>potentia</span> <span class='ocrx_word' id='word_1_203' title='bbox 982 2916 1042 2956; x_wconf 92' lang='lat' dir='ltr'>nou</span> <span class='ocrx_word' id='word_1_204' title='bbox 1064 2896 1170 2973; x_wconf 78' lang='lat' dir='ltr'>agendi</span> <span class='ocrx_word' id='word_1_205' title='bbox 1185 2898 1233 2955; x_wconf 87' lang='lat' dir='ltr'>vel</span> <span class='ocrx_word' id='word_1_206' title='bbox 1253 2896 1388 2973; x_wconf 89' lang='lat' dir='ltr'>potentia</span> <span class='ocrx_word' id='word_1_207' title='bbox 1409 2896 1565 2956; x_wconf 86' lang='lat' dir='ltr'>adactum</span> <span class='ocrx_word' id='word_1_208' title='bbox 1581 2892 1687 2973; x_wconf 88' lang='lat' dir='ltr'>opposi-</span> 
     </span>
     <span class='ocr_line' id='line_1_24' title="bbox 443 2990 1686 3071; baseline -0.006 -16"><span class='ocrx_word' id='word_1_209' title='bbox 443 3004 512 3056; x_wconf 90' lang='lat' dir='ltr'>tum.</span> <span class='ocrx_word' id='word_1_210' title='bbox 555 2996 638 3067; x_wconf 82' lang='lat' dir='ltr'>Quae</span> <span class='ocrx_word' id='word_1_211' title='bbox 661 2999 790 3071; x_wconf 78' lang='lat' dir='ltr'>potentie</span> <span class='ocrx_word' id='word_1_212' title='bbox 819 3014 884 3054; x_wconf 90' lang='lat' dir='ltr'>oum</span> <span class='ocrx_word' id='word_1_213' title='bbox 913 3000 946 3053; x_wconf 90' lang='lat' dir='ltr'>ut</span> <span class='ocrx_word' id='word_1_214' title='bbox 973 2995 1045 3055; x_wconf 90' lang='lat' dir='ltr'>talis</span> <span class='ocrx_word' id='word_1_215' title='bbox 1066 3014 1125 3055; x_wconf 91' lang='lat' dir='ltr'>non</span> <span class='ocrx_word' id='word_1_216' title='bbox 1147 2996 1300 3053; x_wconf 85' lang='lat' dir='ltr'>auferatur</span> <span class='ocrx_word' id='word_1_217' title='bbox 1321 3014 1374 3071; x_wconf 90' lang='lat' dir='ltr'>per</span> <span class='ocrx_word' id='word_1_218' title='bbox 1394 2994 1468 3065; x_wconf 91' lang='lat' dir='ltr'>hoc,</span> <span class='ocrx_word' id='word_1_219' title='bbox 1498 2994 1578 3071; x_wconf 92' lang='lat' dir='ltr'>quod</span> <span class='ocrx_word' id='word_1_220' title='bbox 1599 2990 1686 3070; x_wconf 86' lang='lat' dir='ltr'>posito</span> 
     </span>
     <span class='ocr_line' id='line_1_25' title="bbox 442 3090 1753 3175; baseline -0.006 -22"><span class='ocrx_word' id='word_1_221' title='bbox 442 3093 493 3153; x_wconf 92' lang='lat' dir='ltr'>illo</span> <span class='ocrx_word' id='word_1_222' title='bbox 521 3094 634 3153; x_wconf 83' lang='lat' dir='ltr'>influxu</span> <span class='ocrx_word' id='word_1_223' title='bbox 654 3092 711 3151; x_wconf 90' lang='lat' dir='ltr'>Dei</span> <span class='ocrx_word' id='word_1_224' title='bbox 737 3092 1028 3169; x_wconf 83' lang='lat' dir='ltr'>praedeterminante</span> <span class='ocrx_word' id='word_1_225' title='bbox 1055 3095 1090 3153; x_wconf 86' lang='lat' dir='ltr'>de</span> <span class='ocrx_word' id='word_1_226' title='bbox 1115 3096 1192 3168; x_wconf 81' lang='lat' dir='ltr'>sacto</span> <span class='ocrx_word' id='word_1_227' title='bbox 1219 3092 1360 3152; x_wconf 88' lang='lat' dir='ltr'>voluntas</span> <span class='ocrx_word' id='word_1_228' title='bbox 1386 3112 1446 3151; x_wconf 89' lang='lat' dir='ltr'>nou</span> <span class='ocrx_word' id='word_1_229' title='bbox 1474 3094 1576 3169; x_wconf 86' lang='lat' dir='ltr'>possit</span> <span class='ocrx_word' id='word_1_230' title='bbox 1595 3090 1685 3149; x_wconf 83' lang='lat' dir='ltr'>hicet</span> <span class='ocrx_word' id='word_1_231' title='bbox 1752 3166 1753 3175; x_wconf 13' lang='grc' dir='ltr'>ἦ</span> 
     </span>
     <span class='ocr_line' id='line_1_26' title="bbox 442 3189 1685 3267; baseline -0.005 -18"><span class='ocrx_word' id='word_1_232' title='bbox 442 3209 520 3249; x_wconf 89' lang='lat' dir='ltr'>nunc</span> <span class='ocrx_word' id='word_1_233' title='bbox 541 3210 600 3249; x_wconf 92' lang='lat' dir='ltr'>non</span> <span class='ocrx_word' id='word_1_234' title='bbox 621 3209 711 3265; x_wconf 82' lang='lat' dir='ltr'>agere</span> <span class='ocrx_word' id='word_1_235' title='bbox 732 3198 785 3249; x_wconf 85' lang='lat' dir='ltr'>eut</span> <span class='ocrx_word' id='word_1_236' title='bbox 805 3209 894 3264; x_wconf 83' lang='lat' dir='ltr'>egere</span> <span class='ocrx_word' id='word_1_237' title='bbox 916 3189 1105 3261; x_wconf 87' lang='lat' dir='ltr'>contrarium,</span> <span class='ocrx_word' id='word_1_238' title='bbox 1128 3189 1252 3248; x_wconf 89' lang='lat' dir='ltr'>liberum</span> <span class='ocrx_word' id='word_1_239' title='bbox 1273 3208 1387 3267; x_wconf 90' lang='lat' dir='ltr'>quoque</span> <span class='ocrx_word' id='word_1_240' title='bbox 1407 3210 1531 3249; x_wconf 86' lang='lat' dir='ltr'>menore</span> <span class='ocrx_word' id='word_1_241' title='bbox 1549 3190 1685 3249; x_wconf 87' lang='lat' dir='ltr'>intactum</span> 
     </span>
     <span class='ocr_line' id='line_1_27' title="bbox 442 3286 1686 3365; baseline -0.006 -18"><span class='ocrx_word' id='word_1_242' title='bbox 442 3288 628 3349; x_wconf 87' lang='lat' dir='ltr'>concludunt.</span> <span class='ocrx_word' id='word_1_243' title='bbox 656 3290 756 3365; x_wconf 87' lang='lat' dir='ltr'>Atque</span> <span class='ocrx_word' id='word_1_244' title='bbox 770 3287 813 3346; x_wconf 87' lang='lat' dir='ltr'>ite</span> <span class='ocrx_word' id='word_1_245' title='bbox 828 3307 901 3347; x_wconf 89' lang='lat' dir='ltr'>sane</span> <span class='ocrx_word' id='word_1_246' title='bbox 915 3287 1121 3364; x_wconf 88' lang='lat' dir='ltr'>consequitur:</span> <span class='ocrx_word' id='word_1_247' title='bbox 1139 3286 1262 3346; x_wconf 87' lang='lat' dir='ltr'>liberum</span> <span class='ocrx_word' id='word_1_248' title='bbox 1277 3286 1387 3363; x_wconf 86' lang='lat' dir='ltr'>aliquid</span> <span class='ocrx_word' id='word_1_249' title='bbox 1402 3306 1436 3347; x_wconf 90' lang='lat' dir='ltr'>ec</span> <span class='ocrx_word' id='word_1_250' title='bbox 1451 3287 1519 3363; x_wconf 90' lang='lat' dir='ltr'>ipso</span> <span class='ocrx_word' id='word_1_251' title='bbox 1534 3293 1565 3347; x_wconf 91' lang='lat' dir='ltr'>et</span> <span class='ocrx_word' id='word_1_252' title='bbox 1579 3302 1686 3360; x_wconf 86' lang='lat' dir='ltr'>semper</span> 
     </span>
     <span class='ocr_line' id='line_1_28' title="bbox 442 3383 1685 3461; baseline -0.004 -17"><span class='ocrx_word' id='word_1_253' title='bbox 442 3404 519 3456; x_wconf 89' lang='lat' dir='ltr'>esse,</span> <span class='ocrx_word' id='word_1_254' title='bbox 540 3391 687 3461; x_wconf 91' lang='lat' dir='ltr'>quatenus</span> <span class='ocrx_word' id='word_1_255' title='bbox 709 3405 727 3444; x_wconf 93' lang='lat' dir='ltr'>a</span> <span class='ocrx_word' id='word_1_256' title='bbox 747 3385 904 3444; x_wconf 75' lang='lat' dir='ltr'>voluntate</span> <span class='ocrx_word' id='word_1_257' title='bbox 924 3404 985 3443; x_wconf 93' lang='lat' dir='ltr'>non</span> <span class='ocrx_word' id='word_1_258' title='bbox 1007 3390 1039 3443; x_wconf 89' lang='lat' dir='ltr'>ut</span> <span class='ocrx_word' id='word_1_259' title='bbox 1060 3392 1168 3443; x_wconf 82' lang='lat' dir='ltr'>nature</span> <span class='ocrx_word' id='word_1_260' title='bbox 1190 3384 1242 3443; x_wconf 88' lang='lat' dir='ltr'>sed</span> <span class='ocrx_word' id='word_1_261' title='bbox 1264 3390 1297 3443; x_wconf 90' lang='lat' dir='ltr'>ut</span> <span class='ocrx_word' id='word_1_262' title='bbox 1311 3384 1450 3443; x_wconf 83' lang='lat' dir='ltr'>voluutas</span> <span class='ocrx_word' id='word_1_263' title='bbox 1472 3391 1528 3457; x_wconf 86' lang='lat' dir='ltr'>est,</span> <span class='ocrx_word' id='word_1_264' title='bbox 1551 3384 1569 3444; x_wconf 92' lang='lat' dir='ltr'>i.</span> <span class='ocrx_word' id='word_1_265' title='bbox 1592 3404 1617 3443; x_wconf 89' lang='lat' dir='ltr'>e.</span> <span class='ocrx_word' id='word_1_266' title='bbox 1638 3383 1685 3440; x_wconf 88' lang='lat' dir='ltr'>sub</span> 
     </span>
     <span class='ocr_line' id='line_1_29' title="bbox 441 3482 1033 3559; baseline -0.002 -17"><span class='ocrx_word' id='word_1_267' title='bbox 441 3484 641 3543; x_wconf 82' lang='lat' dir='ltr'>indifferentia</span> <span class='ocrx_word' id='word_1_268' title='bbox 662 3482 851 3559; x_wconf 82' lang='lat' dir='ltr'>cognitionis,</span> <span class='ocrx_word' id='word_1_269' title='bbox 871 3482 1006 3559; x_wconf 88' lang='lat' dir='ltr'>procedit</span> <span class='ocrx_word' id='word_1_270' title='bbox 1015 3486 1033 3541; x_wconf 85' lang='lat'>⁸.</span> 
     </span>
    </p>

    <p class='ocr_par' dir='ltr' id='par_1_6' title="bbox 440 3588 1685 4253">
     <span class='ocr_line' id='line_1_30' title="bbox 531 3588 1685 3664; baseline -0.007 -15"><span class='ocrx_word' id='word_1_271' title='bbox 531 3590 592 3650; x_wconf 91' lang='lat' dir='ltr'>Nos</span> <span class='ocrx_word' id='word_1_272' title='bbox 620 3610 658 3649; x_wconf 84' lang='lat' dir='ltr'>ex</span> <span class='ocrx_word' id='word_1_273' title='bbox 685 3590 811 3649; x_wconf 86' lang='lat' dir='ltr'>adverso</span> <span class='ocrx_word' id='word_1_274' title='bbox 839 3608 905 3649; x_wconf 83' lang='lat' dir='ltr'>cunr</span> <span class='ocrx_word' id='word_1_275' title='bbox 927 3588 1066 3649; x_wconf 86' lang='lat' dir='ltr'>Scotistis</span> <span class='ocrx_word' id='word_1_276' title='bbox 1095 3589 1192 3664; x_wconf 91' lang='lat' dir='ltr'>quoad</span> <span class='ocrx_word' id='word_1_277' title='bbox 1213 3608 1321 3649; x_wconf 85' lang='lat' dir='ltr'>causus</span> <span class='ocrx_word' id='word_1_278' title='bbox 1342 3589 1489 3649; x_wconf 78' lang='lat' dir='ltr'>secundas</span> <span class='ocrx_word' id='word_1_279' title='bbox 1511 3589 1622 3647; x_wconf 90' lang='lat' dir='ltr'>liberas</span> <span class='ocrx_word' id='word_1_280' title='bbox 1643 3604 1685 3642; x_wconf 87' lang='lat' dir='ltr'>me·</span> 
     </span>
     <span class='ocr_line' id='line_1_31' title="bbox 441 3686 1683 3764; baseline -0.002 -18"><span class='ocrx_word' id='word_1_281' title='bbox 441 3706 546 3763; x_wconf 86' lang='lat' dir='ltr'>gamus</span> <span class='ocrx_word' id='word_1_282' title='bbox 574 3688 683 3763; x_wconf 90' lang='lat' dir='ltr'>requiri</span> <span class='ocrx_word' id='word_1_283' title='bbox 711 3686 1059 3764; x_wconf 85' lang='lat' dir='ltr'>praedeterminetionern</span> <span class='ocrx_word' id='word_1_284' title='bbox 1080 3687 1233 3763; x_wconf 81' lang='lat' dir='ltr'>physicam</span> <span class='ocrx_word' id='word_1_285' title='bbox 1256 3686 1287 3745; x_wconf 91' lang='lat' dir='ltr'>in</span> <span class='ocrx_word' id='word_1_286' title='bbox 1308 3706 1398 3745; x_wconf 89' lang='lat' dir='ltr'>sensu</span> <span class='ocrx_word' id='word_1_287' title='bbox 1423 3686 1683 3758; x_wconf 73' lang='lat' dir='ltr'>,&#39;l&#39;homistarum‘,</span> 
     </span>
     <span class='ocr_line' id='line_1_32' title="bbox 442 3778 1683 3855; baseline -0.006 -12"><span class='ocrx_word' id='word_1_288' title='bbox 442 3792 475 3843; x_wconf 89' lang='lat' dir='ltr'>ut</span> <span class='ocrx_word' id='word_1_289' title='bbox 502 3784 617 3844; x_wconf 93' lang='lat' dir='ltr'>iuribus</span> <span class='ocrx_word' id='word_1_290' title='bbox 638 3784 695 3843; x_wconf 91' lang='lat' dir='ltr'>Dei</span> <span class='ocrx_word' id='word_1_291' title='bbox 723 3784 754 3843; x_wconf 92' lang='lat' dir='ltr'>in</span> <span class='ocrx_word' id='word_1_292' title='bbox 785 3790 938 3843; x_wconf 80' lang='lat' dir='ltr'>creaturas</span> <span class='ocrx_word' id='word_1_293' title='bbox 961 3784 1105 3855; x_wconf 85' lang='lat' dir='ltr'>satisfiat,</span> <span class='ocrx_word' id='word_1_294' title='bbox 1136 3784 1350 3842; x_wconf 88' lang='lat' dir='ltr'>contendentes</span> <span class='ocrx_word' id='word_1_295' title='bbox 1378 3783 1415 3841; x_wconf 87' lang='lat' dir='ltr'>ad</span> <span class='ocrx_word' id='word_1_296' title='bbox 1436 3782 1584 3842; x_wconf 86' lang='lat' dir='ltr'>rationem</span> <span class='ocrx_word' id='word_1_297' title='bbox 1606 3778 1683 3840; x_wconf 89' lang='lat' dir='ltr'>liberi</span> 
     </span>
     <span class='ocr_line' id='line_1_33' title="bbox 442 3880 1682 3959; baseline -0.004 -19"><span class='ocrx_word' id='word_1_298' title='bbox 442 3882 557 3940; x_wconf 86' lang='lat' dir='ltr'>arbitrii</span> <span class='ocrx_word' id='word_1_299' title='bbox 578 3882 744 3959; x_wconf 86' lang='lat' dir='ltr'>pertinere,</span> <span class='ocrx_word' id='word_1_300' title='bbox 773 3890 807 3941; x_wconf 86' lang='lat' dir='ltr'>ut</span> <span class='ocrx_word' id='word_1_301' title='bbox 828 3901 893 3940; x_wconf 89' lang='lat' dir='ltr'>oum</span> <span class='ocrx_word' id='word_1_302' title='bbox 915 3882 1050 3939; x_wconf 88' lang='lat' dir='ltr'>omnibus</span> <span class='ocrx_word' id='word_1_303' title='bbox 1071 3880 1222 3957; x_wconf 85' lang='lat' dir='ltr'>requisitis</span> <span class='ocrx_word' id='word_1_304' title='bbox 1244 3900 1283 3941; x_wconf 87' lang='lat' dir='ltr'>ex</span> <span class='ocrx_word' id='word_1_305' title='bbox 1303 3886 1389 3957; x_wconf 85' lang='lat' dir='ltr'>perte</span> <span class='ocrx_word' id='word_1_306' title='bbox 1411 3880 1483 3951; x_wconf 83' lang='lat' dir='ltr'>Dei,</span> <span class='ocrx_word' id='word_1_307' title='bbox 1513 3880 1539 3939; x_wconf 89' lang='lat' dir='ltr'>si</span> <span class='ocrx_word' id='word_1_308' title='bbox 1560 3899 1614 3958; x_wconf 91' lang='lat' dir='ltr'>pro</span> <span class='ocrx_word' id='word_1_309' title='bbox 1634 3898 1682 3937; x_wconf 88' lang='lat' dir='ltr'>sua</span> 
     </span>
     <span class='ocr_line' id='line_1_34' title="bbox 442 3977 1682 4057; baseline -0.006 -18"><span class='ocrx_word' id='word_1_310' title='bbox 442 3980 620 4039; x_wconf 84' lang='lat' dir='ltr'>csusslitete</span> <span class='ocrx_word' id='word_1_311' title='bbox 640 3980 767 4057; x_wconf 85' lang='lat' dir='ltr'>physion</span> <span class='ocrx_word' id='word_1_312' title='bbox 788 3985 972 4057; x_wconf 86' lang='lat' dir='ltr'>spectantur,</span> <span class='ocrx_word' id='word_1_313' title='bbox 995 3978 1084 4037; x_wconf 87' lang='lat' dir='ltr'>etiam</span> <span class='ocrx_word' id='word_1_314' title='bbox 1106 3982 1234 4039; x_wconf 76' lang='lat' dir='ltr'>carentis</span> <span class='ocrx_word' id='word_1_315' title='bbox 1255 3988 1335 4038; x_wconf 82' lang='lat' dir='ltr'>oclus</span> <span class='ocrx_word' id='word_1_316' title='bbox 1356 3979 1405 4037; x_wconf 89' lang='lat' dir='ltr'>vel</span> <span class='ocrx_word' id='word_1_317' title='bbox 1426 3984 1512 4037; x_wconf 84' lang='lat' dir='ltr'>actus</span> <span class='ocrx_word' id='word_1_318' title='bbox 1535 3977 1682 4055; x_wconf 86' lang='lat' dir='ltr'>oppositus</span> 
     </span>
     <span class='ocr_line' id='line_1_35' title="bbox 442 4076 1682 4154; baseline -0.006 -17"><span class='ocrx_word' id='word_1_319' title='bbox 442 4078 578 4154; x_wconf 85' lang='lat' dir='ltr'>componi</span> <span class='ocrx_word' id='word_1_320' title='bbox 597 4076 703 4154; x_wconf 90' lang='lat' dir='ltr'>possit,</span> <span class='ocrx_word' id='word_1_321' title='bbox 725 4097 778 4136; x_wconf 92' lang='lat' dir='ltr'>seu</span> <span class='ocrx_word' id='word_1_322' title='bbox 799 4083 832 4135; x_wconf 92' lang='lat' dir='ltr'>ut</span> <span class='ocrx_word' id='word_1_323' title='bbox 852 4077 993 4135; x_wconf 83' lang='lat' dir='ltr'>voluntas</span> <span class='ocrx_word' id='word_1_324' title='bbox 1014 4076 1203 4135; x_wconf 88' lang='lat' dir='ltr'>mihilominus</span> <span class='ocrx_word' id='word_1_325' title='bbox 1225 4082 1345 4135; x_wconf 83' lang='lat' dir='ltr'>maneat</span> <span class='ocrx_word' id='word_1_326' title='bbox 1367 4079 1530 4135; x_wconf 79' lang='lat' dir='ltr'>immediate</span> <span class='ocrx_word' id='word_1_327' title='bbox 1543 4077 1682 4151; x_wconf 76' lang='lat' dir='ltr'>sufficiens</span> 
     </span>
     <span class='ocr_line' id='line_1_36' title="bbox 440 4180 683 4253; baseline -0.004 -17"><span class='ocrx_word' id='word_1_328' title='bbox 440 4180 481 4236; x_wconf 84' lang='lat' dir='ltr'>ad</span> <span class='ocrx_word' id='word_1_329' title='bbox 501 4184 655 4253; x_wconf 78' lang='lat' dir='ltr'>utrimnque</span> <span class='ocrx_word' id='word_1_330' title='bbox 665 4182 683 4235; x_wconf 83' lang='lat'>⁴.</span> 
     </span>
    </p>
   </div>
   <div class='ocr_carea' id='block_1_4' title="bbox 440 4425 1680 5054">
    <p class='ocr_par' dir='ltr' id='par_1_7' title="bbox 441 4425 1680 4586">
     <span class='ocr_line' id='line_1_37' title="bbox 517 4425 1680 4495; baseline -0.007 -12"><span class='ocrx_word' id='word_1_331' title='bbox 517 4431 541 4461; x_wconf 88' lang='lat'>·¹</span> <span class='ocrx_word' id='word_1_332' title='bbox 560 4428 601 4483; x_wconf 79' lang='lat' dir='ltr'>cf.</span> <span class='ocrx_word' id='word_1_333' title='bbox 622 4428 820 4491; x_wconf 83' lang='lat' dir='ltr'>Schneemunu,</span> <span class='ocrx_word' id='word_1_334' title='bbox 849 4426 1024 4481; x_wconf 75' lang='lat' dir='ltr'>controvers.</span> <span class='ocrx_word' id='word_1_335' title='bbox 1045 4428 1077 4481; x_wconf 85' lang='lat' dir='ltr'>ds</span> <span class='ocrx_word' id='word_1_336' title='bbox 1097 4427 1207 4481; x_wconf 82' lang='lat' dir='ltr'>divinae</span> <span class='ocrx_word' id='word_1_337' title='bbox 1226 4426 1332 4495; x_wconf 78' lang='lat' dir='ltr'>gratiae</span> <span class='ocrx_word' id='word_1_338' title='bbox 1351 4426 1483 4495; x_wconf 85' lang='lat' dir='ltr'>liberique</span> <span class='ocrx_word' id='word_1_339' title='bbox 1502 4425 1608 4480; x_wconf 87' lang='lat' dir='ltr'>srbitrii</span> <span class='ocrx_word' id='word_1_340' title='bbox 1627 4440 1680 4477; x_wconf 87' lang='lat' dir='ltr'>ooo·</span> 
     </span>
     <span class='ocr_line' id='line_1_38' title="bbox 441 4516 956 4586; baseline -0.002 -14"><span class='ocrx_word' id='word_1_341' title='bbox 441 4518 539 4582; x_wconf 84' lang='lat' dir='ltr'>cordis,</span> <span class='ocrx_word' id='word_1_342' title='bbox 559 4518 685 4585; x_wconf 81' lang='lat' dir='ltr'>Friburgi</span> <span class='ocrx_word' id='word_1_343' title='bbox 705 4518 749 4571; x_wconf 91' lang='lat' dir='ltr'>Br.</span> <span class='ocrx_word' id='word_1_344' title='bbox 770 4516 848 4577; x_wconf 82' lang='lat'>1881.</span> <span class='ocrx_word' id='word_1_345' title='bbox 868 4516 902 4571; x_wconf 89' lang='grc'>98</span> <span class='ocrx_word' id='word_1_346' title='bbox 915 4535 956 4586; x_wconf 88' lang='lat' dir='ltr'>eq.</span> 
     </span>
    </p>

    <p class='ocr_par' dir='ltr' id='par_1_8' title="bbox 440 4612 1678 4847">
     <span class='ocr_line' id='line_1_39' title="bbox 531 4612 1678 4685; baseline -0.009 -14"><span class='ocrx_word' id='word_1_347' title='bbox 531 4618 634 4672; x_wconf 79' lang='lat' dir='ltr'>’Inter</span> <span class='ocrx_word' id='word_1_348' title='bbox 652 4615 721 4669; x_wconf 78' lang='lat' dir='ltr'>elios</span> <span class='ocrx_word' id='word_1_349' title='bbox 741 4616 885 4685; x_wconf 81' lang='lat' dir='ltr'>praecipue</span> <span class='ocrx_word' id='word_1_350' title='bbox 905 4614 1059 4669; x_wconf 83' lang='lat' dir='ltr'>nominandi</span> <span class='ocrx_word' id='word_1_351' title='bbox 1080 4618 1157 4668; x_wconf 88' lang='lat' dir='ltr'>sunt:</span> <span class='ocrx_word' id='word_1_352' title='bbox 1177 4612 1435 4677; x_wconf 82' lang='lat' dir='ltr'>DidaeusAlverez,</span> <span class='ocrx_word' id='word_1_353' title='bbox 1455 4613 1552 4677; x_wconf 77' lang='lat' dir='ltr'>Bsfisz,</span> <span class='ocrx_word' id='word_1_354' title='bbox 1573 4614 1678 4667; x_wconf 74' lang='lat' dir='ltr'>loannes</span> 
     </span>
     <span class='ocr_line' id='line_1_40' title="bbox 441 4698 1677 4770; baseline -0.007 -11"><span class='ocrx_word' id='word_1_355' title='bbox 441 4704 502 4759; x_wconf 82' lang='lat' dir='ltr'>aS.</span> <span class='ocrx_word' id='word_1_356' title='bbox 522 4704 640 4770; x_wconf 80' lang='lat' dir='ltr'>Thonis,</span> <span class='ocrx_word' id='word_1_357' title='bbox 660 4702 791 4765; x_wconf 81' lang='lat' dir='ltr'>Billusrt,</span> <span class='ocrx_word' id='word_1_358' title='bbox 811 4704 973 4757; x_wconf 81' lang='lat' dir='ltr'>Plsssruenn</span> <span class='ocrx_word' id='word_1_359' title='bbox 994 4707 1058 4767; x_wconf 82' lang='lat' dir='ltr'>etc,</span> <span class='ocrx_word' id='word_1_360' title='bbox 1085 4702 1130 4757; x_wconf 92' lang='lat' dir='ltr'>ubi</span> <span class='ocrx_word' id='word_1_361' title='bbox 1150 4702 1194 4755; x_wconf 89' lang='lat' dir='ltr'>vel</span> <span class='ocrx_word' id='word_1_362' title='bbox 1214 4704 1246 4755; x_wconf 90' lang='lat' dir='ltr'>de</span> <span class='ocrx_word' id='word_1_363' title='bbox 1266 4700 1378 4755; x_wconf 83' lang='lat' dir='ltr'>auxiliis</span> <span class='ocrx_word' id='word_1_364' title='bbox 1397 4702 1502 4769; x_wconf 85' lang='lat' dir='ltr'>gratiae</span> <span class='ocrx_word' id='word_1_365' title='bbox 1522 4701 1567 4755; x_wconf 88' lang='lat' dir='ltr'>vel</span> <span class='ocrx_word' id='word_1_366' title='bbox 1585 4702 1617 4755; x_wconf 90' lang='lat' dir='ltr'>de</span> <span class='ocrx_word' id='word_1_367' title='bbox 1634 4698 1677 4753; x_wconf 87' lang='lat' dir='ltr'>Dei</span> 
     </span>
     <span class='ocr_line' id='line_1_41' title="bbox 440 4788 1561 4847; baseline -0.004 0"><span class='ocrx_word' id='word_1_368' title='bbox 440 4793 555 4847; x_wconf 82' lang='lat' dir='ltr'>scientis</span> <span class='ocrx_word' id='word_1_369' title='bbox 574 4793 727 4846; x_wconf 84' lang='lat' dir='ltr'>futurorum</span> <span class='ocrx_word' id='word_1_370' title='bbox 747 4791 791 4845; x_wconf 83' lang='lat' dir='ltr'>rel</span> <span class='ocrx_word' id='word_1_371' title='bbox 810 4791 844 4844; x_wconf 91' lang='lat' dir='ltr'>de</span> <span class='ocrx_word' id='word_1_372' title='bbox 863 4790 969 4845; x_wconf 81' lang='lat' dir='ltr'>actibus</span> <span class='ocrx_word' id='word_1_373' title='bbox 989 4790 1114 4845; x_wconf 86' lang='lat' dir='ltr'>humanis</span> <span class='ocrx_word' id='word_1_374' title='bbox 1134 4794 1162 4845; x_wconf 94' lang='lat' dir='ltr'>et</span> <span class='ocrx_word' id='word_1_375' title='bbox 1180 4790 1265 4844; x_wconf 86' lang='lat' dir='ltr'>libero</span> <span class='ocrx_word' id='word_1_376' title='bbox 1284 4789 1397 4842; x_wconf 90' lang='lat' dir='ltr'>arbitrio</span> <span class='ocrx_word' id='word_1_377' title='bbox 1416 4788 1561 4843; x_wconf 85' lang='lat' dir='ltr'>disserunt.</span> 
     </span>
    </p>

    <p class='ocr_par' dir='ltr' id='par_1_9' title="bbox 531 4887 1402 4961">
     <span class='ocr_line' id='line_1_42' title="bbox 531 4887 1402 4961; baseline -0.005 -16"><span class='ocrx_word' id='word_1_378' title='bbox 531 4890 601 4945; x_wconf 69' lang='grc' dir='ltr'>Ὀἱ</span> <span class='ocrx_word' id='word_1_379' title='bbox 622 4890 701 4943; x_wconf 88' lang='lat' dir='ltr'>Card.</span> <span class='ocrx_word' id='word_1_380' title='bbox 720 4890 855 4957; x_wconf 63' lang='lat' dir='ltr'>Zieliorc,</span> <span class='ocrx_word' id='word_1_381' title='bbox 875 4890 987 4943; x_wconf 88' lang='lat' dir='ltr'>Summa</span> <span class='ocrx_word' id='word_1_382' title='bbox 1006 4888 1194 4961; x_wconf 85' lang='lat' dir='ltr'>philosophice</span> <span class='ocrx_word' id='word_1_383' title='bbox 1213 4888 1261 4953; x_wconf 87' lang='grc' dir='ltr'><strong>ΙΙΙ,</strong></span> <span class='ocrx_word' id='word_1_384' title='bbox 1280 4888 1296 4955; x_wconf 62' lang='grc' dir='ltr'><strong>ξ</strong></span> <span class='ocrx_word' id='word_1_385' title='bbox 1317 4888 1358 4952; x_wconf 89' lang='grc'>19,</span> <span class='ocrx_word' id='word_1_386' title='bbox 1378 4887 1402 4941; x_wconf 88' lang='grc'>2.</span> 
     </span>
    </p>

    <p class='ocr_par' dir='ltr' id='par_1_10' title="bbox 530 4984 1466 5054">
     <span class='ocr_line' id='line_1_43' title="bbox 530 4984 1466 5054; baseline -0.002 -14"><span class='ocrx_word' id='word_1_387' title='bbox 530 4991 540 5021; x_wconf 90' lang='lat'>⁴</span> <span class='ocrx_word' id='word_1_388' title='bbox 560 4986 600 5041; x_wconf 83' lang='lat' dir='ltr'>Cl.</span> <span class='ocrx_word' id='word_1_389' title='bbox 622 4990 735 5054; x_wconf 70' lang='lat' dir='ltr'>Sorores,</span> <span class='ocrx_word' id='word_1_390' title='bbox 754 4986 863 5052; x_wconf 83' lang='lat' dir='ltr'>Proleg.</span> <span class='ocrx_word' id='word_1_391' title='bbox 883 4985 917 5039; x_wconf 80' lang='lat' dir='ltr'>ud</span> <span class='ocrx_word' id='word_1_392' title='bbox 938 4990 1018 5039; x_wconf 86' lang='lat' dir='ltr'>tract.</span> <span class='ocrx_word' id='word_1_393' title='bbox 1039 4986 1071 5039; x_wconf 90' lang='lat' dir='ltr'>ds</span> <span class='ocrx_word' id='word_1_394' title='bbox 1091 4992 1175 5053; x_wconf 81' lang='lat' dir='ltr'>grat.;</span> <span class='ocrx_word' id='word_1_395' title='bbox 1196 4984 1316 5054; x_wconf 87' lang='lat' dir='ltr'>Metsph.</span> <span class='ocrx_word' id='word_1_396' title='bbox 1336 4984 1404 5053; x_wconf 88' lang='lat' dir='ltr'>disp.</span> <span class='ocrx_word' id='word_1_397' title='bbox 1427 4985 1466 5038; x_wconf 88' lang='grc'>19.</span> 
     </span>
    </p>
   </div>
   <div class='ocr_carea' id='block_1_5' title="bbox 0 0 1960 5842">
    <p class='ocr_par' dir='ltr' id='par_1_11' title="bbox 0 0 1960 5842">
     <span class='ocr_line' id='line_1_44' title="bbox 0 0 1960 5842; baseline 0 0"><span class='ocrx_word' id='word_1_398' title='bbox 0 0 1960 5842; x_wconf 95' lang='lat' dir='ltr'> </span> 
     </span>
    </p>
   </div>
  </div>
 </body>
</html>
