3909 5842
427 634 493 698 410
649 629 738 683 Sectio
757 629 792 684 ΙΙ.
830 630 910 684 Liber
929 630 963 684 Il.
1002 629 1091 700 Caput
1109 631 1130 684 l.
1167 629 1309 684 Articulua
1327 630 1353 684 4.
1390 629 1452 697 §2-

426 803 632 871 rectitudinis
665 805 796 871 socialis
828 804 945 873 stricte
975 804 1083 872 dictae
1114 826 1173 871 seu
1202 805 1340 871 strictae
1369 805 1519 872 iustitiae
1549 804 1682 870 socialis
1774 803 1776 850 7

427 913 584 993 continet,
619 915 731 979 ultima
762 920 790 977 et
821 914 966 998 specifico
998 911 1079 977 iuris
1110 912 1199 980 intra
1229 932 1323 977 suum
1353 932 1458 995 genus
1492 911 1681 995 differentia

427 1020 576 1100 habetur,
601 1020 634 1085 in
658 1040 723 1102 qua
746 1019 851 1085 omnis
874 1017 1145 1086 characteristica
1167 1018 1247 1085 iuris
1262 1018 1459 1103 proprietas,
1483 1018 1682 1083 nominatim
1774 1009 1776 1056 7

427 1127 528 1193 etiam
551 1126 701 1193 coactiva
724 1124 959 1192 inviolabilitas
982 1124 1149 1192 fundatur.

520 1230 710 1316 ,βένίσιαηια
735 1230 892 1299 videlicet
914 1231 1074 1297 iustitiam
1098 1231 1244 1311 dicimus,
1275 1235 1314 1298 ut
1341 1252 1414 1297 eam
1436 1252 1502 1295 non
1527 1230 1640 1295 solum
1663 1250 1681 1294 a

427 1337 555 1404 iustitia
575 1341 815 1423 generalissime
838 1347 974 1424 accepto,
999 1338 1058 1404 sed
1077 1340 1178 1406 etiam
1194 1360 1215 1405 a
1230 1338 1358 1405 iustitia
1372 1336 1486 1403 sociali
1501 1340 1682 1423 improprie

429 1444 524 1525 dicta,
553 1444 574 1511 i.
598 1466 626 1511 e.
651 1445 693 1509 ab
717 1444 834 1510 officiis
857 1444 1033 1511 socialibus
1058 1448 1230 1532 repedetis
1252 1449 1286 1511 et
1310 1445 1459 1511 tondetis
1482 1448 1606 1527 utpote
1629 1465 1682 1509 co·
1774 1471 1776 1476 ·

428 1550 547 1617 actioni
572 1550 660 1617 haud
683 1550 833 1617 obnoxiis
856 1551 1114 1635 distinguamus3
1146 1572 1230 1634 quae
1260 1551 1426 1617 distinctio
1449 1550 1493 1616 ad
1514 1550 1681 1617 iustitiam
1774 1573 1776 1576 ·

427 1660 497 1722 turn
530 1657 801 1724 commutativam
834 1661 903 1723 turn
936 1657 1077 1739 legalem
1109 1662 1143 1723 et
1173 1657 1419 1724 distributivam
1448 1656 1610 1741 pertinet.
1639 1693 1681 1702 -

427 1762 520 1827 Haec
543 1762 616 1829 ideo
640 1764 804 1829 monuisse
827 1764 939 1841 refert,
964 1763 1052 1846 quod
1076 1764 1237 1830 vocabula
1258 1764 1310 1829 ius
1332 1763 1519 1841 ,strictum‘
1542 1764 1601 1828 vel
1622 1764 1681 1840 ‚ri-

428 1872 601 1950 gorosum‘
621 1871 663 1936 ad
679 1869 927 1952 significandum
945 1870 1108 1937 obiectum
1128 1869 1284 1951 ,strictae
1301 1869 1465 1936 iustitiae*
1485 1869 1682 1951 frequentor
1774 1857 1776 1862 ’

427 1994 525 2040 sensu
549 1976 658 2059 aliquo
682 1978 786 2043 multo
811 1976 1003 2059 angustiore
1030 1981 1066 2044 et
1087 1976 1159 2042 fere
1181 1976 1311 2042 nonnisi
1335 1976 1377 2042 de
1398 1976 1470 2042 iure
1488 1998 1552 2061 pro
1573 1978 1680 2060 faral-

428 2087 491 2147 totc
519 2085 636 2148 morali
666 2090 788 2168 accepto
818 2082 970 2167 usurpari
997 2083 1115 2149 solent.
1162 2083 1234 2149 Hoc
1258 2082 1354 2149 modo
1378 2082 1531 2150 strictum
1555 2084 1616 2149 vel
1639 2085 1680 2147 ri·

427 2207 580 2269 gorosum
597 2188 729 2272 aliquod
744 2190 795 2256 ius
811 2189 881 2255 fere
898 2194 1035 2256 eatenus
1049 2195 1179 2257 tantum
1195 2190 1307 2257 vocari
1324 2190 1496 2273 contingit,
1513 2194 1681 2273 quatenus

427 2298 560 2377 praeter
582 2294 867 2364 inviolabilitatem
892 2296 1074 2363 coactivam
1098 2296 1147 2363 ita
1160 2297 1295 2381 insuper
1309 2296 1342 2363 in
1358 2298 1553 2382 particulari
1569 2298 1680 2364 deter·
1774 2339 1776 2352 ·

428 2399 586 2467 minatam
618 2403 791 2469 materiam
824 2403 943 2481 habet,
979 2402 1076 2469 utin
1107 2424 1186 2469 casu
1215 2402 1370 2469 laesionis
1400 2402 1558 2470 similiter
1588 2408 1679 2470 certa

427 2526 581 2573 mensura
609 2507 718 2575 iustae
748 2508 1025 2593 compensationis
1053 2508 1125 2593 ipso
1155 2510 1225 2574 iure
1252 2509 1447 2577 innotescat.
1494 2511 1613 2592 Atque
1635 2511 1679 2575 ita
1774 2539 1776 2542 ·

427 2612 558 2695 quidem
590 2614 641 2679 ius
673 2614 855 2697 rigorosum
886 2615 928 2680 ad
958 2614 1118 2682 iustitiam
1148 2618 1278 2681 tantum
1306 2614 1582 2681 commutativam
1606 2637 1679 2700 per-

426 2718 533 2784 tinere
556 2719 769 2803 intellegitur.

518 2824 643 2890 Eadem
672 2846 770 2909 porro
801 2826 945 2893 delinitio
976 2847 1049 2892 eam
1078 2826 1184 2911 ipsam
1208 2830 1292 2892 iaris
1315 2828 1422 2893 ideam
1445 2826 1564 2905 refert,
1596 2849 1679 2911 quae

428 2928 553 3012 pridem
584 2932 625 2997 ab
648 2930 829 2999 Aristotele
859 2934 924 3000 iam
954 2933 1159 3017 praelineata
1188 2933 1275 3018 apud
1299 2933 1331 2999 S.
1356 2933 1514 2999 Thomam
1541 2940 1578 3001 et
1608 2936 1678 3000 uui·

428 3056 559 3101 versam
589 3037 734 3103 scholam
765 3038 978 3105 christianam
1009 3038 1132 3123 passim
1162 3041 1276 3105 exstat
1306 3042 1364 3103 aut
1394 3038 1552 3121 explicite
1576 3060 1678 3105 enuu·

428 3142 513 3208 tiata
536 3148 594 3210 aut
617 3148 785 3227 tamquam
810 3145 944 3211 evidens
966 3145 1070 3213 tacite
1093 3146 1272 3229 supposita.

429 3289 494 3361 513.
582 3288 755 3363 Sabellum.
797 3302 842 3361 Ex
871 3301 1109 3361 consideratione
1136 3302 1282 3360 hactonus
1311 3300 1359 3360 ins
1373 3301 1451 3360 ituta
1477 3320 1539 3361 non
1569 3303 1677 3362 incom-

427 3396 512 3456 mode
533 3398 663 3473 genuina
691 3417 805 3477 quoque
832 3400 938 3460 relatio
963 3401 1042 3459 inter
1069 3398 1225 3458 scientiam
1252 3399 1326 3457 iuris
1354 3404 1384 3457 ot
1404 3398 1565 3458 scientiam
1586 3419 1676 3459 mom·
1774 3397 1776 3406 ²

427 3495 485 3554 lem
506 3515 560 3554 seu
581 3496 660 3556 inter
681 3495 773 3575 μηθ’(
795 3502 826 3557 et
847 3496 1020 3576 „Etbicam“
1042 3497 1225 3569 illustratur;
1255 3516 1330 3573 quac
1357 3496 1474 3572 quidam
1495 3515 1559 3556 uon
1579 3505 1677 3573 poten
1774 3545 1776 3550 .

427 3612 488 3652 non
509 3612 575 3653 esee
596 3594 728 3670 perfecte
749 3596 877 3671 analoga
904 3596 1058 3666 relationi,
1087 3615 1163 3671 quae
1190 3595 1269 3655 inter
1296 3594 1449 3671 utriusque
1476 3594 1601 3671 propria
1631 3598 1675 3654 ob
1774 3645 1776 3668 ,

426 3690 506 3749 iacta
536 3690 701 3753 intercedit.
750 3692 836 3753 Unde
871 3694 1061 3769 consequitur
1094 3693 1174 3752 intra
1204 3693 1345 3752 ambitum
1379 3691 1526 3752 scientiae
1556 3693 1675 3751 moralis

427 3788 585 3847 universae
613 3808 666 3848 seu
693 3791 812 3851 Etbicoe
841 3794 896 3852 luto
928 3796 1020 3851 dame
1051 3790 1207 3850 seientiam
1235 3791 1319 3850 Iuris
1347 3788 1495 3864 (socialis)
1525 3794 1675 3866 tamquam

427 3886 587 3962 specialem
609 3886 672 3947 eius
692 3894 807 3966 partem
830 3889 991 3959 contineri,
1019 3908 1115 3964 neque
1137 3891 1174 3947 ab
1195 3888 1263 3959 illa,
1292 3888 1378 3947 salvs
1400 3887 1464 3946 eins
1491 3886 1676 3962 integritate.
1774 3929 1776 3942 .

427 3984 561 4059 separari
583 4004 679 4061 posse.
1774 4053 1776 4066 Ι

517 4082 627 4154 Quodsi
655 4102 726 4143 vero
754 4083 827 4143 iuris
855 4102 962 4143 noman
991 4102 1050 4143 uon
1079 4083 1117 4143 ad
1147 4083 1228 4143 solos
1255 4082 1337 4141 vitae
1367 4080 1489 4140 socialis
1519 4086 1675 4158 respectus
1774 4145 1776 4148 ,

426 4184 612 4251 coarctatur,
643 4181 696 4240 ssd
725 4180 761 4239 ad
791 4200 912 4241 normas
939 4180 1073 4240 iustitiae
1100 4179 1247 4239 latissime
1278 4182 1414 4255 sumptae
1441 4196 1496 4237 seu
1523 4178 1564 4237 ad
1593 4179 1675 4254 leges

426 4277 546 4337 moralis
574 4278 686 4337 ordinis
714 4277 847 4338 universi
868 4278 1055 4349 extenditur,
1083 4277 1159 4337 satis
1189 4282 1315 4353 apparet
1342 4276 1399 4335 hoc
1426 4274 1513 4335 modo
1533 4276 1590 4335 Ius
1617 4295 1676 4335 nou
1774 4273 1776 4280 '

425 4380 486 4434 tam
508 4380 623 4451 partem
651 4374 777 4451 aliquam
800 4376 957 4435 universae
986 4375 1161 4451 disciplinae
1182 4374 1320 4445 moralia,
1349 4392 1436 4449 quam
1462 4378 1559 4431 totum
1588 4374 1675 4433 huius
1774 4435 1776 4442 ,

426 4472 567 4532 ambitum
590 4474 736 4533 obiective
757 4473 928 4551 complecti,
959 4492 1016 4532 nec
1035 4473 1122 4550 proin
1143 4474 1181 4531 ab
1202 4471 1310 4531 Ethica
1331 4472 1392 4530 late
1413 4475 1539 4546 accepta
1561 4472 1624 4531 ulla
1645 4492 1676 4530 re
1774 4545 1776 4550 Ι

426 4569 484 4628 nisi
513 4570 631 4629 nomina
660 4570 786 4631 differre.
828 4570 876 4629 Ita
896 4571 925 4629 S.
951 4571 1076 4630 Thomas
1096 4574 1127 4629 et
1147 4574 1265 4627 vetares
1292 4568 1422 4645 passim,
1450 4568 1500 4626 ubi
1521 4568 1551 4626 in
1576 4571 1674 4646 speeie
1774 4637 1776 4642 ¹

425 4666 472 4725 ius
493 4672 619 4726 naturas
641 4686 659 4725 a
679 4668 743 4726 iure
764 4666 893 4745 positivo
921 4666 1123 4743 distinguunt,
1152 4672 1205 4725 aut
1225 4666 1294 4741 quid
1315 4668 1380 4725 iure
1399 4672 1524 4725 natum
1545 4666 1675 4743 prohibi·

426 4769 487 4823 tum
509 4766 556 4824 vel
578 4770 768 4843 praeceptum
790 4764 838 4836 sit,
861 4764 1030 4840 inquirunt,
1054 4765 1110 4823 hac
1132 4762 1370 4823 denominatione
1391 4782 1449 4822 non
1472 4764 1567 4823 solum
1589 4770 1675 4823 natu·

425 4861 501 4921 ralia
522 4868 682 4939 praecepta
704 4862 824 4922 socialis
845 4861 994 4934 iustitiae,
1023 4862 1076 4920 sed
1096 4863 1298 4939 lepislatr'onem
1327 4862 1510 4937 naturalem,
1538 4881 1597 4938 pua
1617 4862 1673 4919 lure

422 4967 518 5037 patet,
545 4959 718 5033 intellegere
740 4958 845 5019 solent,
888 4958 982 5028 Quem
1002 4977 1112 5019 morem
1135 4964 1166 5017 et
1185 4960 1271 5036 Hispo
1291 4958 1412 5017 Grotius
1433 4962 1465 5017 et
1485 4958 1579 5017 ceteri
1599 4958 1673 5017 iuria
1774 4959 1776 4964 '
