3909 5842
649 703 855 759 Materialistica
874 703 941 759 iuris
960 703 1131 774 appretiatio.
1449 705 1515 771 413

357 882 459 960 Quam
483 880 665 949 doctrinam
689 881 771 947 adeo
796 882 901 950 omnis
924 882 1093 950 societatis
1117 881 1353 949 destructivam
1371 884 1430 947 olli
1446 881 1517 964 qui-

267 990 341 1055 dem
372 988 496 1055 directe
526 992 560 1055 et
590 989 745 1072 explicite
774 989 921 1073 profiteri
951 989 1038 1055 haud
1070 988 1299 1072 dedignantur,
1330 991 1390 1055 clii
1418 988 1516 1070 longe

266 1096 377 1179 plures
407 1095 591 1161 verecunde
622 1096 729 1178 magis
759 1116 798 1162 ac
828 1095 930 1161 tacite
958 1098 1146 1179 supponunt
1170 1099 1228 1161 aut
1251 1094 1336 1160 belle
1360 1094 1515 1161 vestitam

266 1202 490 1280 dissimulare
519 1201 651 1286 reipsa
675 1188 786 1269 autem
810 1224 910 1268 eoum
933 1201 1084 1283 idemque
1108 1222 1181 1267 cum
1204 1200 1270 1267 illis
1292 1221 1397 1283 genus
1419 1199 1515 1265 iuris·

266 1308 469 1397 prudentiae
484 1307 649 1387 exhibent,
674 1309 760 1391 quod
783 1308 901 1374 merito
925 1308 991 1374 arti
1014 1307 1223 1373 mechanicae
1239 1310 1458 1390 eomparatur,
1482 1309 1517 1371 et

267 1416 320 1483 cui
342 1421 511 1497 tamquam
539 1436 689 1499 suprema
713 1417 824 1501 rapula
847 1414 1016 1498 praesidet
1038 1417 1162 1481 utililas
1185 1422 1214 1481 el
1231 1414 1378 1500 prudens
1399 1415 1516 1477 viriam

268 1525 456 1588 aestimatio.

269 1644 335 1716 516.
426 1646 450 1713 Ι.
482 1646 575 1712 Inter
597 1645 666 1711 eius
690 1650 847 1730 patronos
870 1665 950 1728 prae
974 1645 1094 1711 ceteris
1116 1643 1304 1709 nominandi
1328 1646 1415 1721 sunt,
1446 1641 1517 1723 qui·

269 1774 408 1836 cumque
431 1756 546 1837 aperte
568 1754 766 1818 materialem
785 1754 975 1818 momismum
991 1752 1197 1834 profitentur,
1222 1754 1257 1815 et
1272 1770 1409 1832 quorum
1423 1748 1518 1831 igno·

268 1859 365 1925 bilem
388 1858 505 1926 seriem
529 1864 599 1926 tum
623 1858 759 1940 antiqua
782 1862 852 1925 tum
876 1857 1040 1923 recentior
1062 1856 1202 1922 historia
1224 1855 1449 1941 philosophiae
1465 1875 1518 1919 re·

269 1969 390 2033 censet.
437 1967 547 2048 Atque
575 1964 713 2031 istorum
744 1964 875 2047 quidem
906 1966 1049 2028 mentem
1079 1983 1145 2028 non
1174 1962 1279 2027 solum
1308 1964 1348 2027 de
1370 1960 1517 2037 iuridico,

270 2072 327 2138 sed
355 2072 507 2137 universo
532 2072 645 2137 ordine
668 2071 784 2137 morali
808 2070 890 2137 satis
914 2090 973 2153 per
996 2089 1032 2134 se
1055 2068 1271 2135 manifestant
1295 2069 1395 2134 effata
1418 2066 1518 2149 vulgo
1546 2069 1550 2085 '

269 2178 445 2248 notissima,
464 2182 498 2244 et
521 2177 598 2243 alibi
622 2178 686 2243 iam
711 2178 976 2252 commemorata,
1001 2174 1118 2257 quibus
1138 2196 1180 2239 ne
1196 2174 1372 2256 vestigium
1389 2173 1518 2256 quidem

270 2284 340 2350 sive
363 2284 437 2351 finis
459 2283 574 2349 idealis
598 2283 669 2348 sive
693 2303 812 2349 causae
836 2282 968 2363 agentis
992 2280 1173 2366 spiritualis
1195 2281 1229 2347 in
1248 2281 1367 2346 mundo
1384 2276 1517 2362 agnosci

270 2391 474 2474 permittunt.

271 2510 335 2583 517.
427 2515 466 2581 Π.
484 2515 545 2580 Hie
557 2514 706 2599 proxime
719 2513 952 2590 assimilantur,
971 2511 1036 2594 qui,
1050 2512 1114 2578 etsi
1126 2512 1168 2577 ad
1180 2510 1384 2577 materialem
1397 2509 1519 2574 monis·

269 2642 357 2685 mum
373 2620 553 2687 theoretice
576 2642 640 2685 non
657 2620 848 2704 procedunt,
872 2640 967 2685 omne
983 2622 1094 2685 tamen
1111 2619 1282 2684 discrimen
1298 2618 1371 2682 loni
1388 2623 1415 2681 et
1430 2616 1518 2696 moli,

270 2730 347 2793 laeli
371 2736 399 2793 el
421 2730 535 2793 laicali
556 2748 621 2792 non
645 2727 687 2791 ab
710 2725 840 2792 interna
864 2728 898 2791 et
919 2723 1115 2790 immutabili
1130 2724 1269 2802 ratione,
1293 2722 1351 2789 sed
1368 2724 1408 2787 ab
1424 2722 1519 2786 aesli-

271 2837 407 2899 mote'ome
430 2836 573 2900 hemona
598 2837 792 2900 extrinsecae
814 2835 948 2911 inducta
971 2834 1134 2916 repetunt.

276 2956 279 2961 '
360 2940 412 3004 Ex
437 2944 579 3027 omllqula
602 2940 714 3006 schola
735 2940 998 3023 ,Sophistarum“
1019 2938 1083 3003 huc
1099 2958 1220 3019 magna
1235 2941 1331 3020 parte
1346 2933 1521 3000 referenda

272 3045 439 3121 videtur¹;
470 3068 554 3128 quae
586 3046 664 3111 lieet
691 3066 712 3111 a
738 3044 921 3111 sanioribus
944 3043 1047 3111 initiis
1069 3042 1220 3127 profecta
1242 3062 1318 3105 mox
1342 3046 1455 3107 tamen
1478 3038 1520 3105 ad

272 3151 489 3236 perniciosum
511 3153 602 3218 illum
627 3152 868 3236 aceptioismum
893 3150 1038 3225 deflexit,
1063 3170 1126 3230 quo
1151 3169 1256 3230 neque
1274 3148 1400 3213 veritas
1415 3166 1521 3228 neque

273 3262 323 3324 lea
345 3262 569 3325 universaliter
587 3261 697 3324 aalide
714 3262 959 3339 agnosceretur,
983 3256 1041 3321 sed
1057 3264 1193 3340 utroque
1208 3263 1332 3319 tamtum
1348 3254 1521 3319 secumdum

274 3387 458 3430 mensuram
488 3366 676 3430 collectivae
706 3366 873 3447 opinionis.
921 3362 1002 3426 Inde
1025 3361 1111 3426 enim
1134 3363 1252 3444 sponte
1274 3360 1421 3425 fluebant
1444 3379 1522 3422 con·

274 3470 417 3535 sectaria
439 3490 503 3534 non
527 3469 663 3534 obscure
683 3471 928 3551 ominemielica,
953 3488 1037 3549 quae
1053 3466 1138 3551 apud
1155 3466 1327 3531 Platonem
1343 3469 1378 3531 et
1392 3462 1522 3528 Aristo·

274 3575 373 3641 telem
398 3574 543 3657 pluribus
566 3574 653 3639 illius
669 3574 800 3640 scholae
817 3573 983 3657 discipulis
999 3573 1201 3657 exprobrata
1215 3572 1364 3653 legimus.
1402 3568 1523 3646 Quodsi

276 3681 361 3745 enim
393 3680 425 3745 id
456 3701 569 3745 verum
602 3680 699 3763 idque
728 3680 850 3745 iustum
880 3680 1051 3744 dicendum
1083 3683 1143 3757 est,
1175 3678 1259 3760 quod
1291 3676 1463 3758 unicuique
1486 3678 1524 3740 ut

275 3787 344 3852 tale
368 3791 516 3871 apparet,
540 3808 677 3870 pronum
702 3791 756 3853 est
775 3786 983 3851 concludere:
1007 3785 1180 3866 unicuique
1194 3784 1265 3849 iure
1280 3787 1420 3849 naturae
1435 3802 1523 3847 oom-

275 3896 388 3977 petere
411 3914 504 3959 suam
527 3892 559 3958 in
576 3894 724 3959 omnibus
740 3892 923 3977 opinionem
940 3911 1098 3973 suumque
1114 3889 1284 3956 arbitrium
1301 3888 1408 3971 sequi3
1433 3888 1524 3969 leges

274 4004 387 4065 autem
418 4020 457 4065 ac
487 4019 595 4063 mores
625 3999 776 4078 traditos,
808 3998 923 4081 quibus
947 3996 1154 4081 impediatur,
1185 4001 1355 4077 tamquam
1378 3994 1524 4058 violenta

276 4103 355 4169 iuris
379 4109 517 4171 naturae
541 4106 720 4185 obstacula,
745 4106 799 4171 ubi
822 4106 910 4170 vires
926 4106 1113 4188 suppetant,
1138 4102 1339 4187 spernendos
1355 4121 1438 4166 esse.
1473 4100 1526 4165 Ita

277 4210 363 4293 apud
388 4210 583 4277 Platonem²
606 4212 693 4279 inter
716 4212 798 4278 alios
822 4212 982 4277 Kollllrlee
1005 4210 1126 4273 docens
1148 4208 1328 4274 inducitur:
1352 4208 1525 4272 seeundum

278 4324 431 4382 aeleram
461 4321 512 4383 ius
542 4322 666 4385 mudum
697 4340 761 4383 ease
789 4320 855 4383 misi
885 4318 936 4381 lus
965 4316 1133 4399 fortiori&
1163 4312 1247 4397 quod
1272 4318 1383 4379 autem
1405 4311 1526 4395 publici

277 4444 386 4487 mores
410 4427 444 4490 et
466 4425 557 4507 leges
580 4424 627 4489 illi
653 4424 858 4501 dissentiant,
890 4422 961 4487 ideo
986 4420 1145 4500 evenisse,
1177 4420 1254 4503 quia
1276 4420 1374 4501 longe
1396 4417 1527 4502 plurimi

279 4596 332 4649 rito
352 4598 504 4667 proscripta
523 4602 587 4651 sunt
606 4600 634 4651 et
652 4596 695 4651 his
713 4596 884 4667 potissimum
903 4594 1029 4649 formulis
1051 4594 1223 4648 continentur
1243 4590 1353 4660 (Thasie
1372 4591 1434 4658 59):
1462 4591 1528 4659 ,luo

278 4689 310 4739 la
328 4688 465 4739 materiali
488 4688 561 4753 farlo
587 4688 721 4754 conatelil,
747 4692 770 4737 et
795 4686 885 4738 omnio
909 4685 1049 4737 hominum
1074 4683 1165 4749 officio
1189 4688 1252 4735 canl
1278 4696 1374 4734 nonem
1397 4683 1480 4733 inane
1504 4686 1529 4733 el

278 4777 371 4830 omnia
389 4776 510 4829 humano
526 4777 602 4843 foeta
621 4778 693 4828 iuris
715 4780 767 4827 vim
786 4770 907 4827 hobenl.‘¹
934 4801 967 4810 -
994 4772 1030 4825 Et
1051 4770 1159 4839 (Thasia
1178 4770 1241 4838 61):
1269 4770 1441 4838 „Fortunata
1459 4770 1529 4835 scell

278 4865 416 4917 trilualitlo
435 4866 539 4917 nullum
558 4866 631 4917 iuria
648 4866 786 4917 sanctitati
805 4864 992 4915 detrimentum
1010 4857 1116 4928 offemf‘

374 4954 381 4985 ¹
401 4952 443 5006 Ol.
461 4954 557 5019 Zeller,
578 4952 752 5022 Philosophia
771 4952 819 5005 der
838 4949 971 5005 Griechen
991 4950 1003 5002 l
1023 4951 1075 5005 916
1088 4966 1130 5017 sq.

372 5041 383 5073 ¹
402 5040 484 5109 Gorg.
503 5042 566 5097 482.
585 5041 680 5111 Esqq.
