3909 5842
769 700 875 756 Relatio
894 701 1016 756 iuridica.
1451 707 1517 771 383

361 877 618 962 Principium
642 878 825 962 primum.

405 987 494 1052 laria
524 989 589 1052 eice
618 987 791 1054 subiectam
817 991 881 1054 aina
903 991 1059 1054 terminas
1083 1008 1147 1053 ease
1170 1009 1235 1052 noa
1251 995 1354 1072 potest
1376 989 1442 1052 oie-i
1465 1009 1520 1053 eae

360 1095 517 1159 rationale
540 1115 594 1158 eeu
617 1115 756 1178 perrorat
779 1097 824 1160 oet
845 1081 979 1180 physion
1004 1097 1049 1160 oet
1071 1095 1213 1159 moralia.

359 1199 422 1264 Est
444 1199 530 1265 enim
552 1200 603 1265 ius
626 1204 775 1284 potestas
798 1221 862 1266 non
886 1201 1032 1285 physica,
1057 1200 1114 1266 sed
1130 1203 1263 1266 moralia
1278 1199 1425 1283 adeoque
1440 1201 1518 1266 solis

257 1305 496 1396 spiritualibus
525 1307 653 1373 naturis
676 1307 818 1392 propria,
848 1308 1031 1392 importans
1055 1311 1239 1374 relationem
1261 1309 1422 1388 mordeo,
1454 1329 1518 1389 qua

257 1410 312 1474 illi
339 1412 480 1496 officium
504 1413 537 1478 in
561 1413 700 1480 termino
723 1415 911 1498 respondet,
934 1415 956 1481 i.
973 1435 1002 1481 a.
1026 1435 1092 1497 qua
1109 1413 1291 1479 subiectum
1307 1413 1387 1478 iuris
1402 1413 1518 1478 volun·

258 1520 375 1583 tatem
397 1518 529 1584 termini
553 1519 676 1586 directe
699 1519 760 1586 sibi
783 1519 953 1586 moraliter
976 1519 1169 1586 obstrictam
1191 1519 1300 1585 habet.

260 1651 335 1724 461.
425 1653 614 1728 Corollaria:
638 1659 662 1728 Ι,
682 1660 858 1744 Perperam
874 1659 976 1742 igitur
991 1660 1091 1726 etiam
1107 1660 1212 1726 brutis
1228 1659 1422 1726 animalibus
1438 1681 1517 1726 vara

261 1758 340 1824 iura
365 1781 446 1842 erga
469 1762 631 1830 hominem
654 1769 713 1832 aut
735 1766 857 1832 homini
878 1765 958 1832 iuria
982 1767 1092 1832 officia
1113 1787 1194 1850 erga
1209 1767 1267 1833 illa
1282 1767 1516 1844 attribuuntur,

262 1885 354 1946 quaa
385 1867 513 1948 quidem
543 1870 693 1936 doctrina
715 1893 780 1937 non
803 1871 933 1938 unicum
958 1873 1133 1939 absurdum
1158 1877 1220 1952 eat,
1253 1871 1339 1956 quod
1362 1871 1517 1938 moderno

264 1970 476 2053 panthaismo
500 1975 658 2057 originem
682 1977 811 2044 debet¹.
852 1977 934 2044 Sunt
957 1999 1037 2043 sane
1061 1983 1096 2045 et
1114 1977 1222 2044 officia
1238 1977 1378 2044 hominis
1395 2016 1437 2026 -
1451 1999 1517 2044 non

263 2097 349 2159 erga
372 2114 415 2122 -
438 2079 496 2145 aad
526 2083 612 2146 eirca
642 2081 799 2148 animalia
828 2083 942 2160 bruta,
972 2103 1037 2148 non
1067 2103 1162 2148 secus
1194 2103 1233 2149 ac
1263 2083 1350 2148 circa
1373 2083 1516 2165 reliquas

263 2203 321 2246 rea
347 2189 487 2264 creatas,
516 2188 655 2268 quaein
680 2187 750 2254 eius
773 2209 867 2254 usum
891 2191 925 2254 et
948 2188 1119 2254 servitium
1142 2189 1286 2255 traditae
1309 2192 1394 2254 sunt.
1439 2188 1517 2266 Qui·

266 2287 329 2354 bus
359 2289 386 2355 si
417 2291 490 2373 quis
512 2294 731 2361 irrationabili
754 2294 889 2361 arbitrio
914 2298 948 2362 et
971 2295 1019 2360 sic
1043 2300 1158 2361 centra
1180 2295 1395 2362 intentionem
1418 2294 1516 2360 Crea-

265 2395 351 2460 toris
382 2398 547 2478 abutatur,
573 2403 730 2467 iniurium
755 2401 884 2484 quidem
906 2400 1065 2479 Creatori,
1098 2422 1163 2466 non
1186 2405 1295 2467 autem
1316 2400 1397 2486 ipsis
1419 2400 1517 2466 rebus

266 2501 405 2584 irrogat.

363 2732 371 2764 ¹
390 2731 520 2786 Rationes
539 2737 630 2788 antem
649 2739 704 2790 tam
724 2735 873 2802 singularis
892 2736 1063 2790 reverentiae
1081 2752 1148 2803 erga
1167 2736 1247 2790 bruta
1264 2735 1393 2790 animalia
1410 2736 1438 2789 in
1457 2736 1516 2792 diae

270 2819 377 2873 abunde
395 2821 552 2891 suppeditat
573 2823 728 2890 ,scientia“‚
748 2825 847 2895 quippe
866 2841 920 2894 qua
933 2824 987 2878 iam
1001 2829 1169 2895 compertum
1182 2842 1243 2879 esse
1255 2825 1415 2892 gloriantur,
1434 2842 1515 2894 quam

269 2907 370 2975 exiguo
395 2909 481 2977 gradu
507 2915 621 2964 naturae
640 2929 672 2966 ac
692 2912 835 2980 dignitatis
853 2912 933 2968 homo
952 2929 1034 2983 supra
1052 2914 1134 2968 bruta
1153 2914 1278 2967 emineat.
1315 2914 1357 2967 lta
1375 2913 1393 2968 i.
1413 2931 1437 2966 a.
1456 2913 1515 2983 ipse

270 2997 308 3050 M.
328 2999 409 3065 Perty
429 2985 533 3065 (,llbar
558 2999 606 3053 dae
625 2999 801 3054 Seelenleban
826 3001 875 3054 dar
893 3001 1005 3067 Tiara“,
1031 3001 1144 3071 Leipzig
1167 3002 1221 3054 und
1247 3001 1412 3070 Heidelberg
1438 3001 1514 3066 1865,

272 3085 423 3153 134—136)
450 3089 549 3141 testam
576 3089 706 3142 invocans
726 3091 931 3158 Schopenboaer
957 3089 985 3142 in
1010 3090 1082 3144 hanc
1100 3108 1157 3144 rem
1176 3090 1284 3144 scribit:
1314 3089 1384 3156 „Der
1402 3090 1514 3144 Meneeh

270 3175 473 3229 untarscheidet
491 3175 550 3232 sich
568 3194 630 3230 rem
650 3177 729 3230 'Piera
747 3177 825 3231 nicht
843 3177 928 3232 durch
948 3178 1000 3231 den
1020 3178 1202 3246 eigentlichen
1222 3178 1303 3244 Kern,
1323 3179 1372 3232 das
1385 3167 1515 3241 Primdre,

270 3279 327 3316 was
346 3261 554 3334 Schopenhauer
567 3263 668 3318 Willan
688 3271 780 3328 nannt,
800 3267 915 3321 sondern
936 3285 989 3321 nur
1007 3267 1092 3321 durch
1112 3267 1155 3320 dia
1173 3266 1258 3322 bbher
1269 3266 1435 3334 gasteigarte
1448 3265 1514 3319 Var-

269 3354 363 3418 nunlt,
390 3354 432 3408 die
452 3353 496 3408 ain
515 3353 687 3410 Seknnddrea
708 3355 739 3424 (l)
759 3357 813 3410 und
833 3373 867 3410 an
886 3357 936 3410 dae
955 3355 1040 3410 hbhcr
1058 3355 1232 3410 entwiekelta
1251 3353 1353 3409 Gebirn
1371 3353 1516 3422 gabundan
1553 3406 1555 3415 ,

270 3442 331 3496 ist*
344 3443 460 3513 'Deinde
480 3443 617 3513 ipsissima
636 3444 720 3498 verba
739 3445 860 3499 eiusdem
874 3443 1085 3514 Schopenhauar
1102 3445 1225 3498 referens
1237 3444 1341 3513 pergit:
1363 3441 1414 3508 ,So
1427 3442 1514 3496 ciuem

272 3529 515 3590 occidentalischan
534 3531 743 3586 Tierrertchter
768 3533 821 3587 und
841 3533 1095 3587 Vernnnftidolator
1120 3550 1196 3587 muas
1214 3531 1323 3586 manin
1343 3531 1515 3598 Erinncrnng

270 3622 397 3688 bringeri,
416 3621 494 3684 deas,
513 3620 564 3673 nia
583 3639 613 3674 er
631 3637 683 3674 von
701 3625 789 3676 aanor
807 3621 925 3686 Mutter,
951 3639 982 3676 so
1001 3621 1071 3676 auch
1090 3621 1138 3675 dar
1155 3623 1241 3675 Hand
1258 3637 1312 3674 ron
1331 3619 1379 3673 dar
1396 3622 1515 3688 eriniaco

272 3712 386 3780 gesdugt
403 3708 512 3762 worden
531 3710 575 3763 ist.
601 3709 673 3764 Deae
692 3711 735 3763 die
753 3711 841 3764 Moral
859 3711 907 3764 das
927 3709 1129 3764 Christantuma
1148 3710 1191 3764 die
1209 3710 1288 3762 Tiare
1306 3708 1383 3762 nicht
1401 3707 1514 3762 ber-dolr-

272 3799 389 3866 aichtigt,
408 3798 446 3850 iat
464 3797 507 3850 ein
526 3797 651 3864 Mangal,
671 3798 722 3851 den
741 3817 771 3852 ea
789 3799 884 3852 besaer
902 3799 937 3852 iel
956 3797 1167 3867 einzngeatahen
1186 3799 1227 3853 ala
1245 3815 1279 3851 zu
1297 3797 1511 3867 perpetuitatem·

274 3917 307 3928 -—
324 3887 361 3940 Ut
378 3885 442 3940 huic
460 3884 611 3955 sapientiae
631 3885 713 3940 etiam
731 3887 875 3941 ridiculum
894 3904 946 3942 non
966 3888 1046 3953 (lesit,¹
1064 3887 1134 3941 hanc
1146 3887 1234 3957 ipsam
1247 3887 1382 3956 puriorem
1395 3886 1513 3940 ethicam

274 3979 299 4032 in
318 3975 380 4030 lolio
399 3973 506 4044 publico
525 3975 558 4028 de
576 3973 685 4041 vulgari
705 3975 870 4029 liberalismo
889 3992 937 4046 par
949 3975 1123 4030 Germaniam
1136 3975 1205 4029 bena
1223 3975 1320 4029 marito
1335 3974 1417 4043 (anno
1432 3975 1512 4041 1872)

274 4067 310 4120 ita
326 4065 444 4135 practice
462 4062 628 4117 illustratam
648 4063 813 4133 reperimus:
836 4063 912 4129 ,Und
933 4071 1005 4118 ware
1018 4063 1093 4118 dieaa
1105 4063 1230 4130 Aufgabe
1251 4064 1312 4127 (dae
1324 4063 1447 4117 Knabeln
1466 4063 1515 4116 dar

275 4153 465 4208 Schlachttiere
484 4169 517 4206 zu
535 4151 688 4218 varbieten)
709 4150 779 4206 auch
797 4153 867 4206 noch
885 4169 916 4206 eo
934 4151 1080 4220 schwierig
1098 4169 1132 4205 zu
1147 4152 1232 4218 lesen,
1250 4152 1373 4206 dennoch
1385 4169 1461 4205 musa
1473 4152 1514 4205 aia

275 4244 357 4310 gaidat
381 4241 503 4304 wardan3
531 4241 600 4295 denn
627 4257 657 4294 es
682 4241 791 4294 bastabt
816 4244 858 4293 ein
884 4243 1157 4295 bimmoiechreiendea
1174 4243 1289 4296 Unraebt
1304 4258 1386 4309 pogen
1403 4248 1515 4294 etumma

279 4335 356 4401 Tiora,
375 4332 424 4386 das
443 4347 495 4383 nur
513 4330 556 4384 bei
576 4331 664 4384 einam
682 4330 751 4384 noch
772 4330 813 4383 bis
831 4347 881 4384 vor
899 4329 1010 4384 hurzem
1030 4331 1058 4383 in
1076 4330 1206 4384 mancher
1223 4329 1380 4396 Beziahnng
1398 4330 1455 4382 feet
1473 4346 1513 4382 er·

275 4421 411 4475 sterbenen
430 4417 713 4472 Raehtsbewuaatsein
739 4419 841 4472 fflhlloa
866 4421 921 4473 und
946 4419 1124 4474 vorwurfaloe
1148 4420 1200 4473 mit
1223 4418 1379 4486 angesehen
1404 4418 1512 4472 werden

275 4510 376 4564 konnte.
401 4507 483 4562 Disae
502 4507 757 4576 Gleichgbltigkeit,
777 4508 866 4562 dieser
883 4508 975 4562 Wahn
995 4510 1043 4562 der
1061 4507 1389 4562 Unverantwortlichkeit
1406 4509 1451 4560 ihr
1468 4506 1512 4560 dia

276 4597 477 4668 systematiacba
495 4597 657 4664 Martemng
675 4614 729 4649 von
749 4596 846 4652 Gottes
865 4597 1047 4668 Geschdpien,
1066 4597 1109 4650 dia
1128 4597 1188 4650 dam
1207 4596 1355 4650 Mensehen
1374 4613 1422 4650 zur
1440 4595 1512 4650 Nah-

276 4703 339 4756 mng
356 4687 451 4740 dienen
471 4692 589 4751 mdaaan,
608 4684 717 4739 besteht
736 4685 812 4740 nieht
830 4686 908 4740 mehr
925 4685 962 4740 im
976 4686 1126 4740 dautachen
1139 4685 1227 4739 Volha
1245 4685 1299 4739 seit
1311 4684 1513 4739 Deuiechlands

276 4775 483 4843 Wiedargaburt.
519 4774 581 4828 Wis
601 4774 655 4827 ihm
676 4773 762 4828 selbst
780 4775 831 4828 mit
850 4775 937 4828 dieser
955 4777 1026 4828 aeine
1043 4775 1139 4827 Recbte
1156 4774 1300 4841 geworden
1319 4774 1388 4838 aiud,
1407 4773 1463 4826 will
1482 4791 1512 4828 ea

277 4863 338 4918 anch
355 4865 459 4916 andem
477 4865 524 4915 ἰὴν
544 4865 624 4916 Rectt
642 4862 764 4932 gegeben
783 4862 875 4927 aehen,
893 4864 964 4916 auch
982 4865 1032 4915 den
1055 4863 1174 4916 Τιἰνενι.ιι
1204 4891 1239 4900 -
1264 4861 1300 4914 Et
1316 4861 1384 4915 baec
1402 4861 1510 4930 quidam

277 4969 304 5005 eo
320 4951 375 5020 ipso
393 4955 515 5021 tempora
532 4953 636 5022 scripta
655 4955 726 5018 aunt,
746 4969 800 5021 quo
818 4952 846 5005 in
859 4951 1005 5006 Germania
1023 4950 1208 5004 liberaliamus
1226 4951 1260 5003 ad
1274 4951 1433 5019 deneganda
1445 4949 1511 5004 civi·

277 5039 321 5093 bus
338 5038 477 5094 catholicis
496 5040 541 5094 rel
560 5041 619 5110 ipsa
639 5031 703 5094 iare
722 5043 897 5095 conscientae
914 5041 1022 5111 publice
1040 5057 1071 5093 se
1089 5039 1251 5107 accingebat
1260 5039 1302 5107 (i).
