3909 5842
520 650 555 703 ll.
573 648 614 704 De
632 652 694 703 ortu
712 653 742 703 et
759 666 908 720 progressu
926 649 1058 705 scientiae
1077 648 1144 702 iuris
1163 648 1304 703 naturalis.
1490 666 1539 705 xm

377 828 411 894 0.
436 827 716 893 Restauratio
737 826 976 892 christiana
996 825 1104 890 iuris
1124 825 1357 903 naturalis,
1380 846 1453 909 per
1473 848 1539 891 no·

266 954 378 999 vam
401 933 587 1000 scholam
611 933 869 999 catholicam
891 931 1089 999 feliciter
1110 931 1321 999 inchoata.
1354 932 1538 997 Mirandum

268 1059 369 1104 sane
392 1060 458 1105 non
481 1044 543 1115 est,
567 1039 655 1121 quod
677 1043 755 1123 post
776 1042 830 1105 tot
852 1060 892 1105 ac
907 1042 1022 1106 tantas
1037 1038 1201 1103 humanae
1216 1037 1355 1105 rationis
1371 1058 1391 1103 a
1407 1039 1539 1123 superni

267 1145 420 1212 luminis
442 1147 543 1213 ductu
567 1147 796 1231 emancipatae
818 1146 930 1212 clades
953 1166 993 1211 ao
1016 1145 1145 1221 ruinas,
1176 1165 1261 1227 quae
1285 1149 1319 1211 et
1342 1145 1539 1211 catholicam

269 1250 460 1317 scientiam
484 1251 657 1335 multiplici
679 1251 929 1337 perturbatione
952 1250 1159 1328 afficiebant,
1191 1250 1278 1316 docti
1301 1250 1364 1315 viri
1388 1250 1540 1317 catholici

269 1357 374 1424 serio
397 1359 616 1443 retrospicere
639 1359 681 1424 ad
704 1359 800 1425 initia
822 1358 939 1425 horum
962 1358 1123 1425 malorum
1140 1360 1329 1441 coeperunt.
1361 1358 1437 1424 Non
1453 1360 1538 1425 enim

270 1464 351 1529 nisi
372 1470 549 1549 perspecta
570 1465 676 1531 morbi
700 1486 801 1531 causa
824 1464 945 1531 efficax
969 1468 1004 1529 et
1027 1467 1212 1548 opportuna
1235 1462 1284 1529 illi
1299 1464 1460 1531 medicina
1480 1486 1538 1549 pa·

271 1574 391 1636 ratur.
444 1570 624 1637 Enimvero
652 1570 734 1635 nihil
763 1570 913 1655 profecto
943 1568 1125 1635 luctuosius
1158 1589 1217 1652 pro
1249 1568 1404 1635 universa
1433 1570 1539 1654 philo·

272 1676 405 1759 sophia
434 1680 535 1759 atque
564 1676 725 1761 imprimis
755 1698 815 1761 pro
846 1676 1051 1761 philosophia
1081 1674 1199 1741 morali
1222 1675 1372 1741 accidere
1396 1680 1539 1760 poterat,

273 1804 387 1865 quam
417 1782 487 1849 eius
516 1787 642 1849 temere
670 1782 764 1849 facta
793 1804 814 1848 a
838 1783 986 1867 probatis
1016 1803 1055 1849 ac
1086 1782 1169 1849 tutis
1199 1782 1349 1865 vestigiis
1379 1784 1539 1850 maiorum

274 1889 455 1957 alienatio.
501 1889 588 1955 Hinc
618 1890 704 1955 enim
735 1890 842 1955 omnis
865 1890 942 1955 mali
965 1890 1074 1965 labes,
1108 1888 1183 1955 hino
1206 1910 1269 1955 non
1293 1893 1363 1955 tam
1387 1890 1540 1957 veritatis

275 1996 487 2062 scrutandae
516 2018 614 2079 quam
645 1996 767 2061 erroris
789 1996 1027 2080 multiplicandi
1058 2000 1158 2079 atque
1181 1996 1358 2081 perniciem
1382 1998 1539 2063 moralem

275 2104 356 2170 late
379 2104 509 2169 serendi
532 2104 669 2169 libertas
692 2108 727 2169 et
750 2102 898 2181 audacia,
922 2102 998 2167 hino
1015 2107 1049 2170 et
1071 2102 1252 2168 communis
1268 2102 1438 2169 doctrinae
1454 2102 1540 2168 chri-

278 2209 419 2275 stianae
441 2209 635 2275 inficiendas
657 2209 855 2293 periculum,
887 2209 962 2275 hinc
993 2208 1132 2292 denique
1162 2208 1322 2276 scientiae
1346 2208 1538 2288 catholicae,

280 2314 354 2380 etsi
375 2314 409 2379 in
432 2314 497 2379 fide
520 2314 700 2391 unanimis,
730 2315 763 2379 in
795 2315 882 2380 omni
905 2314 976 2381 fere
999 2316 1124 2398 reliquo
1155 2315 1268 2381 habitu
1297 2319 1396 2398 rupta
1418 2315 1538 2394 unitas,

281 2442 353 2503 quo
376 2422 496 2499 fiebat,
528 2426 567 2487 ut
588 2442 655 2487 non
676 2422 742 2486 iam
766 2422 900 2487 iunctae
922 2421 1097 2505 phalangis
1119 2422 1226 2489 instar
1248 2422 1392 2489 hostium
1416 2421 1540 2503 agmini

279 2548 323 2593 se
348 2527 503 2606 obiceret,
528 2528 587 2593 sed
610 2528 768 2613 dispersis
790 2527 915 2593 viribus
939 2548 979 2593 ac
1002 2528 1124 2612 raptim
1148 2528 1293 2594 adhibito
1316 2527 1463 2610 quolibet
1485 2548 1539 2593 ar·

278 2654 415 2698 morum
439 2654 571 2716 genere,
595 2654 655 2699 nec
678 2655 808 2717 semper
831 2637 915 2711 tuto,
938 2656 1084 2718 pugnam
1107 2656 1166 2719 pro
1183 2635 1327 2701 veritate
1351 2633 1538 2700 sustineret.

281 2740 562 2824 Recuperandam
585 2740 687 2824 igitur
710 2762 731 2806 a
753 2740 923 2807 veteribus
944 2741 1120 2821 traditam,
1151 2742 1210 2807 sed
1240 2741 1396 2807 oblivioni
1426 2741 1539 2808 datam

283 2844 450 2912 scientiae
479 2846 714 2924 hereditatem,
744 2846 941 2929 scholasque
972 2847 1171 2914 christianae
1194 2848 1372 2927 unitatem,
1404 2848 1446 2913 ab
1470 2848 1540 2913 eius

281 2951 437 3035 principe
460 2952 492 3017 S.
517 2952 645 3017 Thema
667 2951 883 3030 delineatam,
916 2953 1099 3019 coniunctis
1122 2954 1246 3019 viribus
1279 2952 1540 3019 resuscitandam

282 3079 379 3137 esse,
410 3056 568 3142 aprimis
590 3058 656 3124 iam
681 3058 847 3125 decenniis
876 3060 1000 3125 saeculi
1024 3060 1101 3125 XIX
1132 3060 1330 3127 doctissimis
1360 3059 1440 3125 viris
1470 3063 1540 3125 tarn

281 3164 453 3247 theologie
484 3184 581 3247 quam
612 3164 813 3249 philosophis
840 3186 1033 3249 persuasum
1066 3170 1148 3233 erat.
1195 3165 1312 3248 Neque
1340 3164 1426 3231 enim
1458 3164 1540 3231 haec

283 3271 402 3337 studia
432 3292 492 3355 per
521 3271 739 3354 apostolicum
769 3272 907 3338 verbum
936 3274 1056 3339 Leonis
1086 3272 1182 3351 Xlll,
1216 3272 1334 3339 summi
1364 3272 1540 3351 pontificis,

283 3378 431 3463 primum
454 3378 613 3456 excitata,
637 3379 695 3443 sed
718 3378 784 3444 iam
809 3378 1007 3446 exsistentia
1031 3382 1234 3457 confirmata,
1259 3400 1410 3461 novoque
1425 3379 1541 3461 vigore

284 3484 438 3551 animata
461 3489 496 3551 et
518 3484 737 3550 universalius
760 3490 947 3569 propagata
969 3490 1057 3553 sunt.
1089 3486 1308 3569 Iampridem
1333 3486 1452 3571 quippe
1476 3506 1540 3551 non

284 3591 482 3669 defuerunt,
513 3590 624 3673 quiin
648 3612 688 3655 ea
711 3612 748 3655 re
771 3612 858 3656 novo
888 3595 958 3657 tum
983 3592 1114 3674 quidem
1138 3592 1288 3675 exemplo
1316 3592 1420 3657 fortes
1443 3612 1540 3675 prae-

283 3700 394 3773 irent;
421 3701 522 3779 atque
546 3696 648 3761 semel
671 3699 788 3779 aperta
811 3697 865 3763 via
888 3697 923 3763 in
946 3698 1034 3763 omni
1057 3697 1177 3782 populo
1202 3698 1363 3763 catholico
1386 3716 1540 3763 surrexe·

284 3809 378 3881 runt,
402 3802 458 3885 qui
480 3802 582 3869 alacri
606 3800 715 3867 studio
739 3808 966 3885 sequerentur.

380 3909 425 3975 Et
453 3910 539 3973 iuris
561 3915 699 3973 naturae
728 3909 858 3990 quidem
887 3908 1064 3974 secundum
1089 3912 1238 3974 veterum
1269 3907 1540 3974 scholasticorum

286 4015 452 4101 principia
468 4014 687 4093 restaurandi,
712 4015 873 4097 simulque
895 4037 981 4081 novo
1004 4016 1144 4101 tempori
1168 4014 1447 4093 accommodandi,
1472 4014 1540 4081 dux

286 4124 323 4187 in
360 4121 458 4189 Italia
489 4120 554 4188 fuit
588 4122 751 4207 Toporelli
785 4124 949 4208 d’Azeqlio
984 4144 1042 4189 suo
1076 4122 1247 4207 praeclaro
1283 4126 1318 4187 et
1352 4122 1540 4189 etiamnunc

288 4228 550 4295 commendando
573 4247 672 4311 opere
697 4226 838 4311 ,Saggio
861 4228 1022 4295 teoretico
1046 4228 1077 4295 di
1102 4228 1215 4295 diritto
1240 4228 1391 4293 naturale
1415 4247 1540 4310 appog-

288 4336 383 4417 giato
406 4334 457 4400 sul
483 4334 589 4400 fatto“
617 4332 879 4417 (lero—1843).
926 4335 1028 4412 Quem
1059 4356 1136 4400 mox
1167 4334 1365 4418 complures,
1396 4334 1540 4400 maxime

289 4441 418 4507 Romae
447 4444 482 4506 et
511 4437 668 4521 Neapoli,
700 4439 805 4506 secuti
834 4445 929 4517 sunt,
962 4440 1013 4505 ius
1046 4446 1185 4507 naturae
1218 4440 1271 4505 vel
1306 4461 1379 4505 cum
1414 4440 1540 4522 reliqua

289 4546 499 4632 philosophia
522 4545 576 4610 vel
599 4546 780 4628 separatim
803 4547 1077 4630 complectentes,
1108 4551 1145 4613 ut
1168 4548 1340 4630 Dmoweki,
1371 4549 1538 4629 solimani,

294 4654 442 4733 Tutemet,
466 4652 616 4733 Audiaio,
634 4652 832 4736 Liberatore,
852 4654 1032 4740 Tonpiorpi,
1052 4654 1214 4735 Cornoldi,
1238 4654 1416 4736 scriptores
1432 4653 1540 4736 perio·

290 4759 354 4825 dici
374 4760 511 4842 ,Ciriltd
527 4759 703 4840 cartolam,
720 4760 848 4841 Roaelli,
864 4760 1022 4846 Zipliora,
1047 4764 1269 4841 sanemarium,
1286 4760 1407 4841 Prisco,
1429 4761 1540 4843 819ηο-

291 4870 377 4949 rollo,
413 4866 555 4949 Telamo,
593 4866 714 4931 Tarino
746 4866 884 4948 aliique;
918 4867 959 4931 de
991 4867 1062 4931 iure
1092 4869 1220 4953 publico
1253 4864 1426 4949 specialius
1456 4865 1476 4933 i.
1508 4886 1538 4932 a.

292 4974 325 5038 0.
349 4975 497 5057 Aspice,
531 4966 612 5049 ,Del
635 4970 755 5036 Potere
786 4971 883 5038 civile
908 4994 926 5038 e
950 4972 1003 5038 dei
1033 4972 1104 5038 suoi
1135 4971 1247 5037 limiti‘
1277 4974 1413 5039 Ancona
1443 4974 1538 5040 1871.
