3909 5842
718 701 759 757 De
780 702 927 776 ,principio
945 703 1135 758 moralitatis‘.
1484 710 1547 774 163

296 883 376 964 quis
399 881 545 950 ostendit
568 880 661 947 nobis
685 882 795 948 bona?
833 881 1005 965 Signatum
1029 885 1081 948 est
1103 901 1284 965 supernos
1306 882 1417 949 lumen
1439 885 1551 951 vultus

295 987 362 1066 tui,
386 988 541 1066 Domine;
572 987 666 1072 quasi
697 987 838 1055 diceret:
861 987 985 1054 Lumen
1016 986 1164 1066 rationis,
1195 989 1282 1070 quod
1310 987 1345 1054 in
1370 989 1465 1056 nobis
1487 995 1549 1070 est,

296 1093 334 1159 in
366 1098 498 1162 tantum
527 1098 640 1179 potest
668 1092 762 1159 nobis
792 1093 965 1160 ostendere
996 1093 1083 1160 bona
1111 1097 1146 1160 et
1175 1098 1322 1161 nostram
1346 1097 1551 1164 voluntatem

297 1202 467 1284 regulare,
490 1201 524 1268 in
548 1203 708 1284 quantum
731 1205 784 1268 est
806 1200 916 1266 lumen
938 1200 1052 1267 vultus
1074 1200 1133 1278 tui,
1156 1200 1179 1268 i.
1195 1220 1223 1266 e.
1241 1221 1262 1267 a
1281 1202 1377 1269 vultu
1391 1206 1450 1269 tuo
1465 1204 1552 1269 deri·

299 1311 431 1375 vatum.
475 1307 571 1375 Unde
593 1305 806 1373 manifestum
829 1309 891 1384 est,
916 1306 1002 1388 quod
1024 1305 1128 1373 multo
1150 1305 1258 1388 magis
1279 1308 1401 1392 pendet
1423 1309 1553 1376 bonitas

299 1414 488 1481 voluntatis
511 1434 532 1480 a
554 1414 627 1498 lege
651 1416 789 1479 aeterne
811 1433 909 1495 quam
932 1433 953 1478 a
975 1412 1105 1479 ratione
1127 1411 1326 1481 humana.¹'l

393 1521 429 1603 b)
447 1525 616 1603 tamquam
631 1523 737 1606 inape
753 1520 798 1584 ad
812 1541 907 1586 saum
917 1527 1120 1606 prototypum
1127 1543 1142 1602 ,·
1158 1519 1245 1586 unde
1259 1520 1436 1605 analogum
1450 1521 1554 1589 ratio·

301 1625 425 1693 ciuium
441 1625 569 1692 institui
584 1629 712 1710 potest:
737 1625 864 1704 Omnia,
881 1645 966 1707 qnae
981 1624 1215 1710 praedicantur
1230 1626 1271 1693 de
1286 1626 1397 1710 aliqua
1410 1627 1554 1712 imagine

300 1734 487 1818 formaliter
510 1741 545 1798 ut
566 1734 635 1818 tali,
659 1732 680 1800 i.
698 1753 726 1800 e.
743 1753 809 1816 qua
831 1731 1077 1799 similitudinem
1100 1732 1267 1800 referente
1289 1732 1426 1800 alicuius
1440 1739 1553 1818 proto·

301 1839 388 1924 typi,
421 1839 632 1925 principalius
665 1841 700 1905 et
731 1837 887 1922 primario
917 1837 1094 1904 convenire
1123 1838 1244 1905 debent
1273 1839 1335 1923 ipsi
1365 1844 1553 1926 prototypo.

302 1947 406 2031 Atqui
435 1945 643 2012 rationalitas
672 1944 706 2010 in
735 1944 866 2011 homine
896 1947 1015 2029 suapte
1036 1949 1157 2012 natura
1181 1949 1233 2012 est
1256 1949 1370 2013 creata
1392 1948 1554 2029 quaedam

304 2051 485 2118 similitudo
509 2051 638 2117 divinae
661 2050 898 2118 rationalitatis
917 2055 951 2118 et
966 2050 1172 2130 sanctitatis3
1196 2051 1356 2135 simulque
1371 2051 1555 2122 formaliter

303 2161 343 2225 ut
372 2158 452 2226 talis
474 2157 686 2242 praedicatur
709 2177 783 2224 esse
805 2157 969 2225 obiectiva
991 2158 1191 2226 morahtatis
1213 2179 1339 2226 norma.
1385 2159 1473 2245 Erpa
1494 2159 1556 2228 hoc

304 2264 532 2351 praedicatum
560 2267 722 2350 primario
745 2275 775 2331 et
798 2265 939 2332 absolute
961 2264 1083 2331 rationi
1105 2264 1237 2331 dianae
1260 2266 1476 2350 (prototypo),
1507 2289 1555 2334 se·

306 2372 471 2438 cundario
500 2374 630 2438 tantum
660 2378 687 2436 et
714 2373 843 2438 relative
865 2370 1028 2436 humanae
1051 2369 1172 2436 rationi
1194 2370 1358 2455 (imagini)
1381 2371 1556 2440 conveniat

305 2498 442 2545 neccsse
466 2481 527 2545 est.

306 2590 373 2664 let.
466 2588 658 2661 Corollaria:
689 2591 715 2658 I.
739 2590 937 2675 Principium
967 2590 1168 2658 moralitatis
1194 2591 1373 2658 secundum
1394 2593 1557 2660 rationem

307 2698 463 2766 obiectivi
482 2700 605 2764 oritoni
617 2700 758 2783 pronmi
774 2697 816 2764 ad
831 2697 893 2764 has
907 2697 978 2763 fere
994 2697 1155 2764 formulas
1169 2685 1268 2763 senen
1284 2697 1439 2780 aequales
1452 2697 1558 2781 redigi

307 2809 436 2890 potest:
469 2803 625 2870 Actiones
655 2803 817 2870 hnmanae
849 2804 1009 2870 honestae
1041 2806 1118 2870 sunt
1150 2807 1209 2870 aut
1244 2803 1454 2870 inhonestae:
1494 2807 1559 2870 noe

309 2915 474 2995 quatenus
503 2913 625 2976 rationi
653 2913 816 2997 practicae
838 2909 890 2990 (in
920 2931 1016 2977 sensu
1045 2911 1165 2976 theseos
1194 2911 1354 2996 acceptae)
1383 2909 1560 2993 consonare

309 3027 385 3085 sunt
409 3027 465 3084 aut
489 3017 672 3100 difforme&
694 3055 739 3066 -
761 3021 826 3083 siue
849 3021 1012 3099 quatenns
1035 3025 1212 3102 congruunt
1231 3024 1289 3082 aut
1303 3039 1368 3082 non
1382 3025 1560 3102 conpnsuut

309 3127 422 3191 ordini
444 3124 654 3210 operatilinm
671 3125 850 3189 universali
864 3126 1062 3190 naturaliter
1084 3126 1223 3208 capnito;
1244 3160 1288 3172 -
1312 3125 1377 3188 noe
1397 3127 1559 3206 quatenus

311 3231 504 3317 respondent
536 3237 593 3294 aut
622 3237 802 3314 repugnant
830 3231 1025 3294 evidentibus
1046 3231 1198 3314 prastias
1219 3230 1390 3313 principiis
1413 3231 1559 3295 rationis.

311 3337 405 3404 Circa
432 3335 517 3401 hanc
545 3335 694 3401 ultimam
723 3335 843 3420 quippe
872 3333 1139 3402 substitutionem
1162 3333 1359 3400 notandum:
1390 3334 1476 3400 ratio
1499 3355 1560 3400 sua

310 3443 370 3508 illa
400 3441 569 3507 essentiali
599 3441 732 3508 notione
755 3439 951 3507 universalis
981 3443 1048 3506 veri
1077 3444 1112 3506 et
1134 3439 1330 3506 universalis
1353 3443 1479 3506 ordinis
1500 3462 1560 3508 na·

311 3547 466 3617 turaliter
495 3547 600 3613 utitur
622 3569 682 3632 per
704 3547 836 3612 modum
864 3549 1102 3633 principiorum
1130 3545 1252 3630 partim
1282 3546 1559 3630 speculativornm

312 3654 435 3741 partim
466 3653 696 3738 practicarum,
730 3675 868 3736 qnorum
900 3653 1015 3720 statim
1048 3653 1201 3737 deinceps
1233 3652 1355 3737 dantur
1384 3653 1418 3718 in
1450 3657 1561 3719 mente

311 3762 446 3829 habitus
468 3761 653 3838 naturales;
678 3781 742 3843 quo
765 3761 812 3840 fit,
837 3765 875 3826 ut
897 3760 983 3826 ratio
1006 3759 1163 3843 practica,
1187 3759 1365 3826 secundum
1385 3759 1562 3826 essentiale

313 3869 477 3934 obiectum
501 3865 718 3944 considerata,
744 3865 993 3948 aequivalenter
1016 3865 1212 3932 exhibeatur
1234 3886 1295 3950 per
1315 3866 1388 3950 ipsa
1404 3869 1561 3933 ecideruia

313 3979 451 4042 rationis
475 3977 643 4060 principia
672 3977 815 4059 practica
824 3974 846 4039 ὓ.
881 4009 926 4018 —
954 3973 1047 4038 Haec
1079 3973 1187 4038 omnia
1218 3972 1376 4057 implicite
1407 3973 1561 4039 subaudit

314 4081 509 4148 brevissima
536 4079 687 4158 formula,
720 4099 817 4162 quam
842 4079 964 4146 Doctor
987 4079 1167 4162 Angelious
1188 4079 1340 4162 suggerit
1361 4078 1412 4144 his
1434 4079 1560 4145 verbis:

319 4192 391 4271 ,Illi
413 4211 514 4256 mores
539 4189 691 4253 discantur
714 4188 797 4268 tani,
826 4189 881 4274 qni
903 4191 1025 4253 rationi
1047 4194 1235 4272 conpruunt,
1258 4189 1338 4252 mali
1360 4193 1474 4267 auten,
1505 4188 1562 4270 qui

316 4319 336 4361 a
359 4299 484 4362 ratione
507 4294 749 4362 oliscordant.“B

404 4401 446 4469 ΙΙ.
459 4401 655 4468 Manendum
668 4406 795 4467 tamen:
811 4404 849 4467 ut
860 4421 960 4467 verae
973 4405 1051 4467 sunt
1062 4399 1148 4467 istae
1160 4400 1320 4466 formulae
1332 4399 1374 4465 ad
1387 4399 1561 4482 designan-

316 4509 391 4575 dum
416 4509 612 4576 obiectivum
636 4507 834 4574 moralitatis
858 4508 1024 4574 criterium
1047 4510 1229 4593 proximum
1253 4514 1280 4572 et
1303 4507 1489 4588 denudum,
1513 4506 1562 4573 ita

316 4637 374 4700 per
404 4636 441 4681 se
471 4615 575 4681 falsae
599 4617 634 4680 et
656 4614 814 4680 kantiano
838 4615 942 4680 errori
966 4614 1129 4680 obnoxiae
1151 4615 1278 4691 fierent,
1310 4612 1560 4696 quamprimum,

316 4723 369 4788 vel
399 4725 521 4803 negato
544 4721 599 4786 vel
621 4719 774 4801 neglecto
798 4719 965 4786 essentiali
990 4724 1142 4803 respectu
1165 4719 1207 4785 ad
1231 4718 1479 4784 fundamentum
1503 4720 1562 4785 ab·

407 4869 461 4924 ¹S.
480 4867 563 4922 theol.
585 4870 607 4931 l,
626 4868 650 4932 2,
670 4885 695 4936 q.
717 4867 758 4930 19,
777 4884 801 4921 a.
820 4868 846 4921 4.

406 4957 473 5010 ¹lb.
495 4957 517 5022 1,
537 4957 569 5020 2,
592 4973 618 5025 q.
638 4957 689 5024 51,
715 4973 739 5009 a.
761 4955 788 5018 1;
815 4973 840 5024 q.
862 4955 910 5021 10,
939 4971 963 5009 a.
985 4955 997 5008 l
1028 4953 1075 5022 (cl.
1094 4954 1118 5008 si
1136 4953 1227 5007 lubet:
1253 4951 1304 5006 Die
1327 4951 1496 5006 Grundstttze
1515 4953 1563 5007 der

317 5043 486 5099 Sittlichkeit
503 5044 558 5097 und
578 5043 626 5098 des
645 5041 748 5098 Rechts
766 5061 791 5096 n.
812 5043 869 5111 52).
979 5041 1046 5095 lib.
1067 5042 1091 5105 l,
1110 5041 1135 5107 2,
1154 5059 1180 5110 q.
1202 5039 1261 5105 loo,
1280 5057 1305 5094 a.
1326 5041 1350 5094 1.

1301 5129 1354 5182 ll*
