3909 5842
448 649 512 713 316
674 641 764 698 Sectio
783 641 817 696 11.
855 641 936 696 Liber
954 641 975 697 1.
1016 642 1107 712 (lapnt
1123 641 1146 696 1.
1182 639 1324 695 Articulus
1342 639 1368 694 1.
1405 639 1470 707 54.

447 819 606 898 stantiali,
631 819 672 886 ab
695 819 825 884 interno
849 817 976 885 scilicet
998 817 1158 903 principio
1173 817 1270 884 vitali
1284 816 1398 883 oritur.
1431 816 1481 881 nt
1498 835 1587 880 sane
1601 817 1687 879 actnn

448 931 538 994 esset
567 925 667 992 etiam
698 924 738 992 de
768 924 859 990 finali
889 924 960 990 eius
989 925 1129 1003 unitate,
1159 924 1224 990 uisi
1246 923 1377 1006 singula
1399 921 1473 988 eius
1500 921 1689 987 membraet

448 1053 574 1117 organa
598 1031 761 1098 communi
783 1031 831 1096 illi
854 1030 1014 1116 principio
1036 1031 1212 1097 subessent
1234 1033 1270 1098 et
1291 1050 1352 1115 pro
1374 1028 1461 1096 mua
1477 1048 1549 1093 sua
1564 1023 1692 1111 propria·

447 1144 555 1208 tatum
579 1144 613 1206 et
636 1137 839 1205 functionum
862 1138 1028 1206 varietate
1050 1137 1173 1221 iugiter
1195 1157 1255 1222 per
1276 1136 1358 1202 illud
1380 1137 1591 1218 regerentur
1613 1129 1692 1196 etad

448 1246 682 1330 praestitutum
704 1247 802 1312 finem
825 1245 1011 1311 naturalem
1029 1243 1133 1311 totius
1149 1243 1235 1310 entis
1249 1241 1440 1308 harmonice
1455 1241 1693 1307 ordinarentur.

448 1352 486 1418 ld
508 1353 613 1436 ipsum
638 1355 747 1418 autem
771 1350 889 1418 altiore
913 1354 948 1419 et
970 1350 1168 1435 perfectiora
1189 1348 1287 1415 modo
1302 1348 1338 1414 in
1352 1348 1553 1431 organismo
1569 1346 1695 1412 humum

448 1457 779 1524 sensitivo-rationali
811 1461 961 1540 apparet,
993 1456 1085 1522 cuius
1108 1455 1244 1541 propria
1265 1452 1464 1520 excellentia
1487 1453 1530 1518 in
1554 1447 1696 1518 raficani

449 1565 538 1632 vitae
560 1563 719 1650 principio
743 1566 843 1646 atque
866 1561 1025 1645 regimine
1048 1561 1209 1639 consistit,
1232 1565 1268 1627 et
1289 1560 1341 1627 cui
1363 1559 1512 1627 societas
1538 1563 1697 1638 umqum

448 1692 585 1756 persona
609 1673 741 1736 moralis
762 1669 912 1753 proxime
936 1668 1149 1736 assimilatur.
1173 1705 1218 1716 -
1240 1667 1328 1752 Ergo
1350 1666 1385 1732 vi
1399 1665 1499 1732 huius
1517 1662 1696 1744 analogiae,

448 1797 533 1858 quae
555 1776 589 1842 in
611 1776 684 1860 ipsa
706 1779 828 1842 natura
850 1775 1022 1842 societatis
1044 1774 1213 1851 fundatur,
1243 1791 1378 1840 necesse
1408 1776 1470 1848 eat,
1501 1775 1549 1838 ut
1581 1775 1619 1836 et
1640 1787 1696 1832 cor·

449 1879 520 1965 pori
536 1880 659 1961 sociali,
682 1885 846 1964 quatenus
861 1903 940 1948 vere
955 1882 1126 1948 moraliter
1140 1901 1241 1946 unum
1257 1884 1292 1948 et
1313 1899 1456 1964 persona
1476 1876 1628 1944 moralis
1648 1882 1696 1940 eat

448 1988 612 2054 internum
635 1987 766 2072 aliquod
789 1989 984 2074 principium
1006 1987 1132 2054 morale
1154 1987 1243 2062 insit,
1267 1985 1427 2071 principio
1449 1983 1556 2052 vitali
1570 1979 1696 2067 physion

449 2094 625 2177 analogum
649 2099 683 2161 et
705 2095 878 2174 rationale,
903 2095 924 2163 i.
949 2116 977 2161 e.
1003 2097 1178 2161 audentea
1199 2095 1328 2160 socialia
1338 2095 1361 2159 ¹.

451 2243 505 2252 —.-.

541 2331 549 2364 ¹
569 2332 596 2385 S.
621 2332 711 2386 Tbom
733 2330 777 2386 vel
795 2335 891 2386 auctor
915 2331 978 2386 libri
998 2331 1039 2386 De
1056 2332 1152 2400 regim.
1171 2332 1257 2401 princ.
1275 2330 1294 2386 l.
1317 2332 1345 2397 1,
1371 2349 1395 2386 c.
1416 2332 1430 2386 1
1450 2333 1573 2385 cunetas
1597 2328 1649 2382 tras
1665 2340 1697 2376 n·

448 2419 537 2474 tiones
554 2419 594 2476 ita
613 2419 751 2490 analytice
769 2419 973 2491 complectitur:
1002 2419 1049 2486 ,lu
1067 2420 1208 2485 omnibus,
1234 2437 1304 2489 qnae
1329 2420 1464 2474 adfinem
1490 2418 1621 2488 aliquem
1637 2411 1695 2467 onii

449 2511 556 2573 nentur,
575 2509 602 2562 in
616 2509 715 2578 quibus
728 2509 863 2576 contingit
874 2509 914 2564 aic
927 2512 956 2563 et
968 2508 1049 2563 aliter
1060 2509 1215 2580 procedere,
1234 2525 1303 2578 opas
1316 2511 1359 2562 eat
1377 2507 1468 2578 aliquo
1487 2507 1641 2576 dirigente,
1657 2518 1696 2571 pa

450 2597 521 2666 quod
540 2597 642 2651 directe
661 2596 782 2652 debitum
801 2597 977 2668 perveniatur
995 2597 1030 2652 ad
1049 2597 1139 2652 finem.
1170 2595 1231 2651 Non
1249 2596 1322 2650 enim
1340 2595 1429 2660 navis,
1448 2611 1533 2663 quam
1552 2590 1693 2648 soenudun

451 2685 620 2741 diversorum
646 2690 791 2741 ventorum
817 2687 964 2759 impulsum
989 2687 1018 2742 in
1044 2687 1153 2742 diversa
1177 2687 1284 2740 moveri
1302 2686 1451 2754 contingit,
1477 2684 1511 2738 ad
1532 2683 1694 2738 destinatam

449 2773 532 2827 linem
550 2774 713 2843 perveniret,
732 2774 784 2829 nisi
803 2791 852 2846 per
870 2775 1061 2843 gubernatoris
1079 2775 1241 2829 industriam
1261 2773 1425 2844 dirigeretur
1442 2773 1477 2827 ad
1495 2779 1620 2844 portum.
1650 2766 1692 2820 fit

448 2861 529 2916 minis
548 2865 640 2916 autem
659 2865 701 2917 est
721 2862 821 2932 aliquis
838 2861 916 2930 finis,
935 2863 969 2916 ad
990 2879 1070 2932 quem
1088 2866 1148 2918 tota
1166 2862 1226 2917 rita
1244 2862 1303 2916 eins
1321 2865 1350 2916 et
1368 2861 1440 2915 actio
1459 2861 1692 2922 ordinatinem

449 2948 486 3004 sit
503 2965 589 3017 agens
607 2966 656 3020 per
674 2949 851 3016 intellectum,
871 2951 949 3006 cuius
967 2953 1011 3006 ast
1028 2951 1176 3006 manifeste
1193 2953 1305 3021 propter
1322 2949 1405 3005 finem
1417 2948 1533 3021 operari.
1562 2942 1692 3010 Contingit

449 3040 542 3090 antem
561 3037 742 3093 diversimode
760 3039 883 3094 homiues
902 3039 936 3094 ad
955 3039 1035 3094 finam
1055 3039 1190 3094 intentum
1208 3040 1362 3110 procedere,
1382 3039 1453 3107 quod
1472 3039 1534 3109 ipsa
1554 3033 1692 3092 diversitas

449 3123 627 3181 humanorum
654 3127 805 3182 studiorum
831 3131 859 3182 et
884 3128 1021 3182 actionum
1047 3127 1178 3182 declarat
1214 3127 1324 3194 indiget
1349 3127 1434 3194 igitur
1451 3125 1531 3180 homo
1552 3125 1645 3192 aliquo
1661 3119 1691 3172 di·

449 3215 555 3282 rigente
573 3214 607 3268 ad
633 3215 723 3270 finem.
761 3215 812 3270 Est
837 3221 929 3272 autam
949 3215 1095 3285 unicuique
1113 3215 1252 3271 hominum
1271 3213 1435 3269 naturaliter
1453 3212 1568 3267 insitam
1588 3207 1690 3266 rationis

449 3301 548 3369 lumen,
568 3321 620 3373 quo
640 3305 669 3359 in
687 3305 745 3360 suis
764 3304 872 3360 actibus
890 3305 1026 3372 dirigatur
1044 3305 1079 3359 ad
1097 3305 1188 3360 finem.
1214 3303 1250 3358 Et
1267 3303 1400 3373 siquidem
1420 3302 1521 3356 homini
1540 3298 1691 3357 conveniret

448 3392 625 3460 singulariter
644 3393 754 3459 vivere,
780 3395 853 3448 elcut
871 3394 966 3448 multis
986 3393 1159 3457 animalium,
1187 3392 1262 3447 nullo
1281 3392 1335 3446 alio
1354 3391 1490 3458 dirigente
1509 3391 1647 3460 indigeret
1661 3383 1688 3438 al

448 3481 546 3546 finem,
566 3481 615 3536 aed
634 3481 693 3550 ipsa
711 3480 763 3537 eibi
782 3481 970 3552 unnsquisque
990 3485 1064 3535 esset
1082 3498 1131 3535 rex
1150 3481 1201 3535 sub
1220 3480 1277 3534 Deo
1294 3496 1401 3534 summo
1420 3496 1500 3547 rege,
1517 3479 1548 3532 in
1567 3481 1688 3549 quantun

449 3585 497 3638 per
516 3568 607 3622 lumen
627 3568 741 3624 rationis
760 3569 893 3624 divinitus
912 3569 1006 3624 datum
1024 3570 1076 3625 sibi
1095 3570 1123 3623 in
1142 3570 1201 3624 suis
1219 3567 1326 3623 actibus
1344 3584 1376 3622 ee
1393 3568 1483 3637 ipsum
1496 3567 1636 3636 dirigeret

449 3655 477 3710 Si
492 3697 498 3710 .
513 3697 539 3710 ..
559 3657 683 3711 naturale
702 3661 745 3712 est
762 3657 878 3724 homini,
907 3657 978 3727 quod
997 3658 1025 3711 in
1044 3658 1175 3712 societate
1193 3657 1340 3711 maltorum
1359 3657 1452 3722 vivat,
1476 3673 1593 3712 necasse
1611 3657 1652 3710 est
1666 3652 1688 3704 in

449 3743 602 3798 hominibus
628 3762 702 3811 essa,
729 3764 777 3816 per
803 3747 874 3816 quod
900 3746 1048 3800 multitudo
1073 3749 1194 3814 regatur.
1231 3745 1327 3799 Multis
1346 3746 1418 3798 enim
1437 3745 1634 3801 exsistentibus
1649 3742 1686 3795 ho

450 3832 568 3887 minibus
594 3837 622 3886 et
647 3850 809 3904 unoquoque
834 3835 861 3891 id
887 3836 957 3905 quod
984 3841 1027 3890 est
1052 3835 1103 3890 sibi
1130 3851 1279 3902 congruum
1305 3834 1479 3904 providente,
1504 3833 1650 3890 multitudo
1664 3827 1686 3881 in

450 3921 559 3976 diversa
578 3923 789 3993 dispergeretur,
807 3925 861 3980 nisi
880 3925 962 3979 etiarn
983 3927 1058 3980 esset
1076 3923 1177 3993 aliquis
1195 3923 1229 3977 de
1248 3941 1294 3988 eo,
1313 3923 1384 3992 qnod
1404 3922 1438 3976 ad
1457 3923 1557 3977 bonum
1577 3920 1685 3978 multita-

450 4009 521 4066 dinis
539 4011 672 4081 pertinet,
698 4029 790 4067 curam
809 4013 927 4078 habana;
954 4013 1028 4067 sicut
1051 4017 1080 4067 et
1105 4029 1203 4082 corpus
1221 4011 1339 4066 hominia
1360 4015 1390 4065 et
1407 4010 1553 4067 cuiuslibet
1572 4005 1686 4067 animalit

450 4090 595 4158 delineret,
623 4093 675 4148 nisi
694 4097 768 4147 esset
786 4093 878 4163 aliqua
897 4093 941 4148 vis
959 4093 1079 4166 regitino
1097 4092 1247 4147 communis
1265 4093 1294 4145 iu
1312 4109 1437 4163 corpore,
1456 4109 1527 4162 qnae
1544 4092 1580 4146 ad
1599 4094 1684 4147 boum

450 4197 591 4234 commune
617 4181 736 4235 omnium
761 4183 944 4236 membrorum
969 4182 1130 4236 intenderet
1173 4179 1249 4246 Quod
1277 4180 1452 4235 considerans
1477 4180 1605 4236 Salomon
1630 4174 1684 4231 dicit

455 4267 547 4335 (Prov.
570 4271 610 4334 ll,
640 4271 700 4338 14):
728 4271 780 4326 Ubi
806 4287 859 4325 non
885 4273 928 4324 eat
952 4271 1132 4338 gubernator,
1158 4267 1335 4339 dissipabitur
1360 4269 1484 4339 populus
1521 4267 1581 4324 Hoc
1606 4271 1684 4324 summ

452 4357 650 4412 rationabiliter
668 4358 781 4422 accidit;
807 4377 860 4413 non
879 4359 951 4412 enim
969 4359 1042 4413 idem
1060 4362 1118 4423 eat,
1144 4358 1216 4427 quod
1235 4358 1375 4428 proprium
1401 4362 1430 4412 et
1448 4355 1520 4427 qnod
1539 4369 1682 4412 commune:

449 4445 597 4500 secundum
616 4445 725 4516 propria
743 4447 852 4516 quidam
871 4446 1013 4511 differunt,
1039 4447 1188 4503 secundum
1206 4449 1298 4502 autem
1317 4464 1459 4502 commune
1477 4446 1617 4501 uniuntur.
1648 4440 1683 4496 Ili·
1748 4490 1749 4497 ,

450 4551 592 4588 versorum
610 4539 702 4589 autem
721 4534 848 4590 diversae
866 4537 932 4589 sunt
950 4552 1057 4591 causae.
1093 4535 1209 4606 Oportet
1227 4535 1314 4604 igitur
1331 4538 1441 4606 praeter
1459 4535 1496 4600 id,
1515 4535 1587 4604 qnod
1605 4531 1681 4588 movet
1748 4525 1749 4547 ¹

451 4623 484 4678 ad
503 4623 639 4694 proprium
667 4625 766 4678 bonum
784 4623 1012 4694 uniuscuiusque,
1038 4642 1099 4679 esse
1124 4624 1228 4694 aliquid
1254 4625 1324 4694 quod
1343 4628 1437 4678 moret
1454 4625 1489 4678 ad
1508 4624 1608 4678 bonnm
1625 4637 1681 4678 con·

450 4727 531 4764 mune
550 4711 711 4777 multorum
736 4715 847 4784 propter
871 4712 942 4781 quod
962 4715 990 4766 et
1008 4713 1036 4766 iu
1055 4713 1193 4779 omuibus,
1219 4730 1290 4783 qnae
1308 4713 1336 4766 in
1355 4730 1438 4767 unum
1456 4713 1629 4778 ordinantur,
1644 4707 1680 4764 ali·

450 4799 515 4868 quid
534 4799 675 4854 invenitur
693 4800 807 4855 alterius
825 4801 982 4870 regitivum.
1009 4803 1040 4856 ln
1058 4801 1240 4856 universitate
1260 4801 1332 4854 enim
1350 4817 1493 4870 corporum
1512 4817 1561 4871 per
1578 4800 1679 4871 primum

1747 4786 1752 4898 l

450 4905 563 4958 corpus,
589 4888 694 4944 seilicet
712 4889 844 4956 caeleste,
871 4890 925 4945 alia
943 4908 1057 4962 corpora
1075 4891 1168 4945 ordina
1186 4891 1303 4961 quodam
1323 4889 1431 4945 divinae
1449 4890 1636 4960 providentiae
1649 4901 1678 4939 rr
1748 4916 1750 4975 ζ

450 4981 567 5046 guntur,
593 4979 736 5048 omniaque
761 4997 875 5050 corpora
899 4997 947 5050 per
972 4983 1126 5036 creaturam
1151 4979 1320 5036 rationalem.
1358 4979 1390 5034 In
1414 4996 1468 5034 uno
1486 4978 1572 5036 etiam
1589 4975 1679 5034 hanua
