3909 5842
440 680 480 736 De
498 681 565 735 iuris
584 680 737 748 cognitione
756 684 785 735 et
802 698 923 751 congrua
941 681 1096 751 partitione.
1116 710 1150 719 —
1170 680 1210 735 De
1228 680 1350 735 fontibus
1369 682 1445 735 iuris.
1502 686 1567 751 453

323 863 353 917 et
373 857 579 931 utilitarismo,
608 858 657 917 vel
678 878 716 917 ex
737 858 907 933 germanico
936 858 1092 919 idealismo
1113 863 1144 918 et
1164 857 1352 935 pantheismo
1373 859 1422 916 vel
1444 858 1568 935 denique

321 974 360 1014 ex
390 956 536 1015 communi
565 955 774 1023 naturalistioo
804 956 886 1017 fonte
917 956 1051 1017 moderni
1080 954 1267 1033 positivismi.
1316 954 1439 1015 Interim
1468 960 1568 1015 tamen

322 1052 398 1129 apud
420 1058 525 1129 gentes
547 1052 692 1113 historica
712 1054 873 1115 traditione
895 1054 1077 1125 catholicas,
1098 1053 1271 1113 nominatim
1292 1053 1323 1111 in
1344 1051 1458 1125 Gallia,
1480 1053 1569 1113 ltalia

321 1156 352 1209 et
365 1150 521 1228 Hispania,
543 1152 730 1229 philosophia
750 1174 813 1213 aere
827 1155 963 1232 indipma
977 1153 1008 1212 in
1023 1152 1096 1211 iuris
1110 1152 1238 1211 scientia
1252 1152 1373 1211 scholae
1387 1151 1569 1211 christianae

322 1247 496 1307 documenta
518 1256 691 1309 constanter
711 1250 789 1310 tueri
810 1256 899 1328 atque
921 1250 1099 1327 alienigenis
1120 1251 1304 1309 novitatibus
1319 1268 1468 1327 opponere
1488 1269 1567 1308 num·

322 1364 407 1421 quam
430 1347 569 1407 cessavit.

838 1441 959 1553 Caput
985 1441 1055 1527 111.

491 1602 547 1676 De
574 1602 668 1676 iuris
696 1602 906 1697 cognitione
934 1606 973 1677 et
1001 1626 1164 1696 congrua
1191 1602 1402 1699 partitione.

794 1809 1037 1877 Articulus
1060 1808 1092 1876 1.

780 1938 829 2003 Dc
850 1938 994 2020 fontibus
1017 1939 1111 2002 iuria.

321 2073 391 2145 546.
482 2076 566 2143 Iuris
589 2078 713 2143 fontem
739 2081 953 2165 oripirmricm
977 2098 1017 2143 ao
1032 2098 1220 2161 supremum
1236 2076 1364 2141 nonnisi
1380 2099 1479 2142 uriam
1496 2096 1569 2141 esse

321 2202 417 2265 posse
441 2203 579 2265 eumque
603 2205 804 2250 communem
830 2184 973 2250 universi
998 2184 1120 2250 ordinis
1143 2182 1287 2263 moralis,
1315 2183 1441 2248 scilicet
1463 2182 1568 2267 ipsam

321 2289 414 2371 iopam
432 2290 494 2355 Dei
509 2292 700 2373 matur-olem,
726 2290 789 2355 iam
812 2295 903 2357 certo
926 2288 1106 2357 didicimus.
1140 2290 1261 2354 Verum
1285 2288 1437 2372 quoniam
1462 2308 1568 2369 neque

322 2394 478 2477 obligatio
510 2394 645 2461 moralis
677 2397 710 2460 in
742 2396 935 2479 particulari
968 2394 1190 2461 determinata
1220 2415 1327 2477 neque
1356 2394 1407 2459 ius
1438 2414 1480 2459 ex
1510 2394 1567 2458 illo

320 2498 413 2565 fonte
429 2500 539 2565 divino
554 2504 684 2567 tantum
700 2502 898 2581 immediate,
918 2502 976 2567 sed
994 2501 1220 2586 utplurimum
1236 2504 1371 2567 mediate
1387 2500 1566 2576 derivatur,

320 2606 402 2673 satis
418 2628 477 2691 per
492 2628 528 2673 se
544 2608 661 2681 elucet,
685 2612 818 2693 praeter
838 2630 877 2674 ac
899 2613 975 2693 post
996 2609 1088 2673 illum
1104 2632 1204 2673 aarum
1228 2610 1442 2695 originarium
1457 2606 1567 2672 fontes

321 2713 478 2794 quosdam
503 2716 694 2781 derivativus
718 2738 755 2781 oc
775 2718 938 2800 prosimos
960 2736 1081 2797 eosque
1097 2715 1208 2799 plures
1224 2720 1258 2780 et
1274 2713 1384 2779 varios
1401 2712 1567 2793 distingui,

321 2820 479 2902 equibus
508 2820 581 2885 iura
611 2820 750 2903 singula,
781 2828 949 2903 tamquam
979 2821 1013 2886 in
1036 2820 1204 2887 individuo
1228 2819 1446 2887 determinata
1469 2821 1569 2900 atque

320 2926 406 2992 inter
435 2947 472 2991 se
502 2926 642 3007 diversa,
670 2932 815 3014 proxima
846 2950 939 2994 suam
963 2928 1030 2993 vim
1053 2934 1088 2994 et
1111 2927 1341 2993 exsistentiam
1363 2926 1496 2991 haurire
1519 2925 1567 2990 di·

321 3032 425 3097 cenda
456 3032 532 3099 sint.
579 3034 640 3110 Qui
673 3055 745 3099 cum
779 3035 840 3100 soli
871 3035 969 3101 etiam
1006 3037 1212 3122 cognoscendi
1244 3034 1325 3098 iuris
1354 3032 1465 3098 fontes
1494 3052 1567 3096 esse

318 3139 456 3221 possint,
480 3138 544 3223 ipsi
567 3144 697 3207 tantum
721 3140 754 3205 in
777 3141 858 3206 iuris
881 3141 1021 3208 scientia
1042 3140 1173 3225 proprie
1194 3141 1397 3223 fortissimis
1414 3138 1566 3222 (Rechts-

319 3242 463 3327 quellen)
487 3246 667 3331 nuncupari
691 3252 932 3315 consueverunt
944 3250 965 3314 ¹.

319 3380 388 3451 547.
481 3382 583 3449 Porro
606 3389 644 3451 ut
666 3384 700 3451 in
730 3386 828 3451 rebus
859 3384 1011 3451 humanis
1044 3384 1219 3468 quidquam
1249 3408 1343 3451 ceras
1373 3384 1446 3449 fons
1476 3384 1565 3458 iuris,

318 3488 338 3551 i.
364 3508 391 3555 e.
417 3490 495 3555 talis
528 3490 654 3557 censeri
686 3490 800 3576 possit,
834 3512 897 3574 quo
930 3492 1096 3559 mediante
1125 3492 1198 3557 iura
1228 3492 1270 3557 ab
1300 3490 1478 3574 originario
1507 3510 1566 3555 suo

319 3592 429 3659 divino
459 3596 619 3681 principio
647 3596 793 3680 legitime
818 3598 1018 3675 deriventur,
1050 3604 1128 3667 ante
1152 3598 1261 3664 omnia
1283 3618 1418 3663 necesse
1441 3599 1502 3673 est,
1530 3600 1567 3663 ut

318 3700 428 3783 aliquo
461 3704 567 3778 modo,
598 3704 651 3768 vel
681 3724 741 3787 per
772 3726 807 3769 se
838 3704 892 3769 vel
922 3727 981 3789 per
1011 3705 1234 3771 authenticam
1268 3702 1565 3787 participationem,

318 3807 450 3874 divinae
479 3808 562 3893 legis
592 3810 824 3877 auctoritatem
856 3810 1018 3878 obiective
1045 3810 1178 3877 referat.
1230 3810 1325 3877 Unde
1356 3809 1566 3891 consequitur

319 3936 426 3979 rerum
457 3918 541 3980 iuria
568 3916 688 3998 fontem
719 3921 846 3983 ommino
878 3940 944 3983 ease
973 3940 1037 3983 non
1065 3940 1166 4003 posse,
1190 3920 1256 3983 misi
1279 3920 1496 3982 auctoritatem
1520 3916 1566 3980 cel

318 4020 421 4103 ipsam
448 4021 592 4086 diuinam
615 4026 661 4087 cel
684 4046 766 4109 qaae
789 4026 829 4089 ab
854 4046 891 4089 aa
916 4025 1086 4090 descendat
1101 4023 1282 4089 hominibus
1298 4025 1504 4088 commissam.
1522 4056 1565 4065 -

316 4123 409 4201 Quae
438 4126 578 4193 assertio
608 4128 699 4193 nulla
729 4128 795 4194 alia
818 4131 1065 4197 confirmatione
1088 4130 1215 4212 indiget
1243 4129 1306 4193 nisi
1339 4150 1393 4205 ea,
1424 4150 1509 4210 quae
1531 4127 1565 4191 in

315 4230 388 4314 ipso
412 4237 571 4316 conceptu
594 4232 675 4299 iuris
699 4235 894 4313 continetur,
919 4236 1040 4319 quippe
1064 4236 1150 4319 quod
1165 4237 1221 4301 vel
1236 4237 1311 4318 lege
1325 4235 1398 4319 ipsa
1413 4235 1467 4299 vel
1482 4233 1565 4317 legis

316 4336 428 4419 aliqua
458 4338 645 4405 definitione
676 4344 710 4407 et
740 4341 909 4407 moraliter
940 4346 974 4407 et
1004 4342 1172 4409 socialiter
1199 4341 1380 4407 inviolabili
1404 4340 1563 4407 consistit.

316 4442 382 4507 Tot
409 4442 511 4525 igitur
540 4466 600 4529 per
629 4467 665 4511 se
694 4448 856 4529 loquendo
886 4447 998 4513 fontes
1025 4448 1106 4513 iuris
1129 4469 1202 4514 esse
1225 4451 1373 4532 possunt,
1404 4452 1484 4531 quot
1507 4448 1564 4512 ob·

314 4546 428 4614 iectivi
451 4550 537 4616 modi
555 4551 738 4617 hominibus
754 4558 887 4637 praesto
903 4558 991 4631 sunt,
1015 4556 1133 4638 quibus
1149 4554 1237 4621 cirea
1252 4555 1469 4639 particulares
1484 4554 1565 4619 iuris

314 4657 473 4723 materias
495 4658 663 4741 legitimae
687 4660 816 4725 socialis
833 4660 1042 4728 auctoritatis
1058 4660 1142 4741 (sive
1158 4661 1288 4727 divinae
1303 4662 1374 4727 sive
1389 4658 1565 4743 humanae)

315 4762 479 4829 ordinatio
504 4768 594 4830 certo
618 4765 823 4831 innotescere
847 4770 881 4831 et
905 4772 1058 4833 constare
1080 4768 1195 4853 possit.

407 4924 476 4979 ¹Cl.
496 4928 524 4980 V.
548 4928 676 4982 Cottrein
696 4928 722 4982 S.
743 4930 783 4995 J.‚
809 4930 911 4993 Recht,
938 4930 1105 4986 Naturrecht
1128 4932 1183 4986 und
1203 4933 1336 5003 positivae
1355 4933 1457 4999 Recht,
1486 4934 1562 4996 1901,

312 5015 338 5069 3.
359 5012 477 5067 Absohn.
499 5014 548 5069 Die
568 5016 682 5082 Quellen
702 5018 750 5072 des
770 5018 872 5073 Rechts
892 5020 925 5073 75
939 5038 1000 5089 sqq.
