3909 5842
817 677 986 747 Conspectus
1003 694 1103 731 rerum.

367 854 472 909 'l'besis
490 854 647 910 XXXVII.
673 853 712 907 Ut
724 852 817 923 aliqua
833 853 905 908 actio
917 854 963 908 vcl
975 854 1094 919 omissio,
1114 854 1146 909 de
1165 872 1219 923 qna
1232 854 1342 910 dubium
1362 870 1456 925 apecu-

442 940 558 995 latirum
576 941 656 994 unice
674 940 748 995 ciros
765 940 872 995 licitum
897 946 946 995 aut
964 941 1090 997 illicitum
1116 943 1220 997 ratione
1239 944 1378 1013 praecepti
1396 960 1456 997 ver·

442 1034 534 1094 satur,
552 1034 693 1099 tamqnam
711 1032 832 1099 practice
850 1049 903 1085 non
922 1031 1019 1085 illicita
1038 1032 1185 1102 prudenter
1204 1032 1344 1087 aestimari
1362 1032 1456 1103 possit,

442 1117 590 1187 requiritur
609 1121 638 1171 et
655 1118 759 1172 sufficit
773 1136 838 1172 vera
857 1118 1035 1188 probabilitas
1048 1119 1181 1189 opinionis
1194 1137 1243 1175 seu
1256 1119 1349 1174 iudicii
1362 1136 1455 1191 specu-

441 1205 529 1272 lativi,
549 1222 602 1275 quo
621 1206 695 1259 illam
714 1205 797 1259 licere
815 1206 969 1261 affirmatur

478 1296 606 1349 Notando
624 1296 662 1347 od
677 1296 816 1348 solvendos
834 1296 1008 1362 difficultates
1049 1337 1455 1350 ......

495 1384 525 1439 G.
543 1384 584 1437 De
602 1384 681 1438 modo
699 1384 857 1437 efformandi
876 1388 925 1437 aut
943 1384 1113 1438 discernendi
1132 1384 1225 1439 iudicii
1244 1385 1377 1440 obiective
1396 1402 1455 1456 pro-

542 1473 640 1527 babilis

478 1564 614 1617 Sotiatium
633 1567 666 1615 1:
683 1562 886 1616 Discemendus
904 1578 988 1615 verus
1007 1561 1216 1632 probabilismus
1235 1564 1455 1633 aprobabilismo

512 1670 561 1722 per
579 1651 741 1705 calumniam
761 1651 913 1718 defigurato
968 1692 1455 1706 .......

476 1741 614 1793 Sobotium
631 1743 665 1793 2.-
682 1739 783 1807 Agitur
804 1740 837 1791 de
855 1740 965 1793 criterio
983 1738 1079 1793 stricte
1097 1738 1166 1793 liciti
1178 1739 1224 1793 vel
1242 1738 1331 1794 illiciti
1350 1757 1403 1794 non
1422 1740 1456 1795 de

512 1829 607 1897 regula
625 1826 801 1897 perfectionis
819 1826 930 1881 moralis
967 1868 1454 1882 .......

1527 1474 1581 1529 292
1623 1540 1625 1545 ,

1528 1652 1582 1707 294

1527 1830 1581 1883 294

373 1964 472 2036 caput
489 1968 527 2022 ll.
563 1966 605 2021 De
623 1967 773 2021 virtutibus
792 1971 821 2021 et
838 1967 914 2021 vitiis
932 1984 981 2021 scu
1001 1968 1034 2021 de
1052 1967 1205 2022 subiectiva
1224 1968 1341 2022 hominis
1359 1968 1393 2022 ad
1412 1968 1542 2022 moralem

804 2057 924 2110 ordinem
943 2056 1111 2110 habitudine.

405 2268 599 2323 Articulus
619 2271 641 2322 l.
679 2269 719 2322 De
737 2268 833 2323 morali
851 2270 955 2323 virtuts
974 2273 1002 2323 et
1021 2268 1089 2323 vitio
1108 2268 1258 2323 universim
1287 2311 1292 2321 .
1368 2312 1371 2321 ,
1447 2312 1452 2321 .

439 2358 500 2426 §L
531 2357 572 2411 De
589 2358 733 2426 utriusque
750 2360 850 2411 natura
885 2398 1452 2412 ........

441 2446 501 2514 52.
531 2445 571 2499 Ι)2
589 2448 723 2499 virtutum
742 2445 885 2499 moralium
903 2444 1069 2499 necessitate
1088 2448 1116 2497 et
1134 2444 1289 2499 condicione
1368 2485 1374 2497 .

476 2537 631 2589 Sobotium:
658 2535 754 2589 Virtus
779 2535 996 2604 supernaturalis
1021 2534 1140 2588 naturali
1164 2534 1246 2603 longe
1270 2534 1455 2603 praestantior

511 2629 539 2679 et
557 2625 585 2678 in
603 2624 740 2695 praesenti
759 2623 852 2677 ordine
871 2624 1027 2678 necessaria
1046 2664 1452 2679 ......

403 2712 598 2767 Articulus
616 2713 641 2767 2.
678 2710 719 2765 De
738 2712 872 2765 virtutum
891 2729 923 2765 ac
942 2711 1071 2765 vitiorum
1090 2710 1292 2765 distinctione.
1367 2754 1371 2763 .
1447 2754 1451 2763 .

440 2799 457 2867 ἦ
478 2801 501 2853 1.
532 2799 617 2853 Varia
635 2799 820 2867 distinguendi
840 2799 910 2852 ratio
965 2838 1454 2852 .......

439 2890 457 2957 fi
475 2889 500 2943 2.
531 2890 573 2944 De
591 2890 739 2943 virtutibus
758 2887 943 2942 cardinalibus
961 2890 990 2941 in
1008 2888 1099 2958 specie
1126 2928 1452 2941 .....

596 3144 704 3211 Sectic
728 3143 847 3209 altera.
893 3142 952 3208 lus
976 3142 1098 3209 sociale
1121 3142 1157 3207 in
1180 3159 1314 3227 genere.

475 3268 607 3334 Protopw
643 3304 1372 3319 ..........

693 3407 767 3463 biber
784 3408 886 3479 prinus.
923 3405 1215 3477 &antepagmentis

554 3516 649 3585 caput
668 3516 693 3570 1.
730 3514 836 3569 Natura
855 3514 995 3569 societatis
1013 3514 1163 3569 universim
1182 3513 1352 3567 describitur.

402 3624 597 3681 Articulus
617 3626 641 3679 1.
678 3624 719 3677 De
737 3624 786 3688 iis,
812 3640 882 3692 quae
900 3622 1062 3675 societatem
1081 3620 1109 3673 in
1135 3637 1185 3673 suo
1204 3636 1264 3674 esse
1284 3620 1453 3674 constituunt

438 3714 454 3781 fi
475 3715 498 3767 1.
530 3713 597 3766 Eius
615 3714 763 3782 conceptus
781 3728 813 3765 ac
832 3710 952 3764 definitio
963 3750 1451 3764 .......

436 3803 496 3870 52.
528 3802 568 3856 De
586 3801 702 3855 materia
721 3804 749 3854 et
767 3800 855 3853 forma
874 3799 1015 3853 societatis
1044 3839 1450 3852 ......

439 3893 456 3959 5
474 3894 499 3946 3.
531 3892 571 3945 De
588 3890 685 3944 morali
704 3888 900 3959 personalitate
919 3887 1059 3942 societatis
1125 3928 1451 3939 .....

438 3980 498 4048 54.
530 3980 570 4033 De
588 3978 752 4032 auctoritate
771 3977 866 4031 sociali
883 4016 1451 4030 ........

490 4073 524 4126 A.
543 4071 610 4124 Eius
629 4071 777 4139 conceptus
796 4066 933 4138 analytice
952 4066 1119 4121 construitur
1204 4106 1210 4118 .
1285 4106 1290 4117 .
1364 4104 1370 4116 .
1446 4105 1451 4117 .

490 4160 522 4213 B.
542 4158 741 4211 Auctoritatem
768 4174 829 4210 esse
855 4156 888 4209 de
913 4155 1018 4209 ratione
1043 4152 1151 4207 fonnali
1176 4151 1317 4206 societatis
1342 4150 1453 4205 realiter

543 4248 708 4301 constitutae
727 4245 881 4299 ostenditur

364 4351 468 4408 Tiresia
485 4351 656 4407 XXXVIII.
694 4349 863 4417 Quamquam
889 4348 918 4401 in
937 4347 1030 4400 ordine
1052 4345 1240 4415 metaphysico
1259 4344 1369 4398 moralis
1388 4344 1451 4399 unio

437 4444 567 4494 constans
591 4442 665 4493 recte
684 4438 784 4493 dicitur
802 4438 890 4491 forma
908 4436 1064 4499 societatis,
1090 4452 1144 4488 non
1169 4434 1258 4487 minus
1276 4450 1341 4487 vere
1360 4436 1452 4487 tamen

437 4529 569 4583 asseritur
591 4528 619 4581 in
638 4528 730 4581 ordine
758 4526 825 4580 reali
850 4524 1012 4579 societatem
1030 4523 1175 4577 humanam
1194 4540 1243 4593 per
1261 4523 1451 4577 auctoritatem

436 4617 563 4671 socialem
583 4616 734 4670 formaliter
753 4614 882 4669 constitui

474 4702 629 4759 Corollaria
639 4742 1449 4757 ...........

401 4812 595 4865 Articulus
613 4811 638 4864 2.
676 4809 717 4862 De
736 4808 881 4861 activitsts
900 4805 995 4860 sociali
1043 4846 1449 4859 ......

435 4900 452 4965 5
472 4901 495 4952 1.
526 4899 567 4953 De
585 4899 729 4952 actii-itate
748 4896 842 4951 sociali
862 4896 1041 4950 constitutiva

474 4989 628 5041 Curetim
639 5020 1449 5040 ...........
1542 4986 1547 5005 ⁶

378 5082 486 5135 disper,
500 5083 539 5125 tus
554 5082 665 5126 naturale.
686 5083 703 5126 1.
723 5082 765 5125 Ed.
779 5082 799 5124 2.
1351 5069 1367 5121 b
