3909 5842
660 701 728 757 Esse
746 702 834 772 legem
854 669 1006 756 naturalem
1026 701 1222 772 comprobatur.
1496 705 1560 768 213

405 881 434 946 2.
460 878 588 945 ratione
620 879 779 952 ambitus:
813 880 868 944 lex
891 878 977 944 enim
1001 881 1139 944 aeterna
1161 898 1226 943 non
1254 878 1431 943 secundum
1454 882 1560 944 totum

315 1007 407 1052 suum
439 986 597 1053 ambitum
626 986 660 1051 in
690 989 844 1052 creatura
873 985 1028 1051 rationali
1058 989 1228 1066 tamquam
1260 983 1309 1048 sui
1341 984 1560 1069 promulgatio

316 1093 542 1178 participatur,
566 1092 624 1158 sed
641 1092 819 1158 secundum
836 1111 885 1168 ea,
910 1111 996 1174 quae
1012 1091 1053 1157 ad
1071 1090 1179 1156 debite
1195 1090 1408 1156 ordinandam
1425 1091 1560 1156 eandem

317 1204 502 1266 creaturam
526 1199 721 1266 rationalem
745 1198 927 1284 pertinent;

408 1309 438 1372 3.
463 1305 519 1370 lex
542 1304 713 1382 naturalis,
747 1305 898 1387 quamvis
922 1303 1083 1370 obiective
1106 1303 1213 1387 legem
1237 1307 1406 1370 aeternam
1429 1303 1563 1380 referat,

293 1400 447 1476 ¹ratione
471 1409 521 1476 sui
545 1414 654 1476 tamen
679 1409 871 1494 temporalis
895 1414 956 1477 est.
989 1409 1075 1475 Nam
1094 1409 1165 1494 ipae
1180 1412 1274 1476 actus
1290 1409 1475 1488 creationis,
1500 1430 1563 1492 quo

316 1522 488 1584 creaturae
518 1517 691 1585 rationalis
723 1517 920 1584 exsistentia
951 1520 1115 1595 soluatur,
1146 1515 1242 1582 simul
1271 1522 1323 1582 est
1346 1521 1441 1583 actus
1463 1515 1564 1598 legis·

316 1623 459 1700 lationis,
484 1646 548 1708 quo
571 1625 626 1691 lex
649 1625 811 1690 naturalis
835 1617 899 1707 qna
921 1624 1000 1690 talis
1023 1623 1130 1690 fertur
1153 1627 1187 1689 et
1210 1623 1446 1707 promulgatur.

441 1809 513 1890 §2
560 1809 663 1876 Esse
694 1810 829 1892 legem
862 1810 1103 1875 naturalem
1136 1809 1442 1892 comprobatur.

318 1929 388 2001 245.
479 1931 576 2014 Legis
600 1931 760 1998 naturalis
785 1931 979 1998 exsistentia
999 1931 1063 1997 duo
1079 1929 1341 2016 comprehendit:
1368 1933 1396 1997 1.
1422 1929 1565 2011 aliquam

318 2035 403 2118 legis
426 2039 581 2101 aeternae
603 2035 900 2120 promulgationem
916 2055 1035 2101 revera
1050 2035 1172 2101 homini
1188 2034 1312 2102 factam
1329 2055 1411 2112 esee,
1436 2055 1475 2100 eo
1489 2035 1564 2111 fine,

320 2147 357 2206 ut
387 2141 428 2206 ad
452 2140 522 2207 eius
546 2142 810 2208 observationem
835 2142 1015 2224 obligatum
1048 2145 1077 2208 2.
1102 2142 1240 2207 eandem
1263 2141 1387 2207 factam
1411 2161 1485 2207 esse
1507 2160 1567 2224 per

318 2247 450 2312 modum
480 2247 563 2330 legis
590 2251 761 2332 naturalis,
793 2248 813 2312 i,
839 2268 867 2314 e.
892 2269 956 2312 non
979 2249 1085 2314 solum
1108 2249 1142 2313 in
1166 2249 1286 2314 natura
1309 2247 1477 2323 fundatae,
1508 2243 1566 2310 sed

320 2355 420 2419 etiam
444 2359 591 2422 naturali
614 2359 749 2421 rationis
772 2357 890 2421 luenioe
914 2355 1077 2438 cognitae.
1111 2355 1176 2420 Sub
1200 2356 1309 2439 priore
1332 2357 1484 2438 respectu
1508 2353 1565 2417 ad·

320 2461 485 2526 versarios
512 2462 670 2528 habemus
692 2461 851 2547 imprimis
874 2461 991 2527 atheos
1015 2482 1054 2527 ac
1077 2461 1305 2528 materialismi
1327 2464 1511 2527 sectatores
1533 2464 1568 2526 et

320 2567 514 2650 quicumque
536 2567 699 2633 hominem
723 2590 743 2634 a
765 2568 825 2633 Dei
849 2567 1058 2652 providentia
1080 2569 1177 2652 plane
1201 2572 1390 2651 exemptum
1414 2567 1566 2643 volunt¹;

320 2674 381 2740 sub
412 2674 517 2740 altero
548 2678 660 2740 autem
690 2679 859 2758 respectu,
891 2675 1010 2739 saltem
1040 2679 1203 2756 quatenus
1233 2673 1458 2755 quaestionem
1487 2673 1568 2756 facti

320 2779 431 2864 potius
462 2801 557 2862 quam
588 2779 669 2846 iuris
699 2780 829 2859 attinet,
860 2781 922 2864 ipsi
946 2779 1224 2847 traditionalistae
1247 2780 1357 2862 aliquo
1380 2779 1486 2856 modo,
1517 2777 1568 2843 sin

322 2885 428 2952 minus
458 2887 578 2965 verbis,
612 2909 648 2952 re
677 2891 787 2953 tamen
820 2887 1027 2964 dissentiunt,
1058 2887 1214 2953 docentes
1241 2886 1347 2969 legem
1372 2885 1566 2962 naturalem,

322 2993 385 3058 etsi
405 3016 465 3079 per
488 3015 520 3060 ce
539 2991 749 3072 destinatam,
773 2998 811 3061 ut
825 2994 1023 3060 naturaliter
1038 2997 1265 3076 cognoscatur,
1290 2995 1330 3058 de
1343 2991 1430 3074 facto
1445 2995 1567 3067 tamen,

321 3098 341 3164 i.
367 3119 394 3164 e.
419 3100 452 3163 in
476 3099 644 3183 praesenti
666 3099 805 3166 hominis
828 3100 912 3184 lapsi
936 3103 1037 3179 statu,
1061 3120 1267 3183 nequaquam
1291 3097 1429 3166 rationis
1448 3097 1569 3162 lumine

522 3269 635 3276 -..---.-

415 3364 422 3394 ¹
442 3361 511 3415 Sunt
529 3379 595 3416 vero
614 3362 711 3426 etism,
738 3363 808 3431 quod
834 3363 933 3415 mirum
953 3363 1091 3426 videatur,
1116 3362 1164 3432 qui
1181 3362 1292 3416 tamehi
1311 3363 1468 3432 ceteroquin
1487 3361 1570 3416 theia·

323 3466 396 3503 mum
416 3450 591 3520 profitentur,
617 3449 793 3504 nihilominus
812 3451 887 3514 istis,
913 3451 955 3504 sin
975 3452 1066 3504 miuus
1083 3449 1250 3516 subiective,
1276 3455 1351 3505 certe
1369 3450 1504 3504 obiective
1522 3450 1570 3504 ali·

324 3542 460 3607 quatenus
486 3537 680 3592 adnumerandi
706 3542 777 3592 sunt.
816 3539 858 3592 lta
876 3541 908 3592 R.
929 3557 951 3592 u.
970 3541 1090 3606 Jhcrs‘np
1109 3539 1177 3603 (Der
1194 3538 1291 3592 Zwech
1316 3539 1353 3592 im
1371 3538 1474 3603 liecht,
1501 3537 1570 3593 1883

323 3626 357 3680 ad
381 3626 460 3692 1884)
482 3625 568 3680 Deum
596 3643 747 3694 agnoscens
766 3631 797 3680 ut
815 3627 977 3698 principium
997 3627 1099 3682 ordinis
1116 3627 1270 3696 teleologici
1289 3628 1317 3682 in
1334 3628 1444 3692 mundo,
1463 3627 1514 3682 sub
1531 3626 1570 3680 in·

323 3714 400 3768 fluxu
418 3717 509 3768 tamen
528 3715 647 3769 moderni
667 3716 830 3786 positivismi
851 3721 878 3770 et
896 3715 1006 3770 socialis
1025 3716 1227 3770 evolationismi
1239 3733 1326 3786 usqne
1338 3717 1405 3772 adeo
1417 3735 1469 3772 non
1483 3717 1570 3770 solum

323 3803 411 3870 legem
431 3803 481 3856 Dei
500 3803 661 3856 naturaliter
680 3805 707 3858 in
727 3804 851 3858 cordibus
872 3804 1009 3858 hominum
1028 3805 1173 3874 scriptam,
1193 3823 1288 3858 verum
1307 3808 1336 3858 et
1354 3806 1502 3860 essentiale
1520 3806 1570 3858 cri-

323 3891 421 3944 terium
439 3895 553 3945 naturae
571 3891 712 3946 rationalia
732 3894 852 3960 ignorat,
871 3899 902 3946 ut
921 3893 960 3945 ita
978 3893 1098 3946 scribare
1116 3910 1170 3946 non
1189 3893 1307 3947 dubitet:
1330 3893 1404 3959 ,Aur
1420 3891 1463 3945 die
1481 3890 1570 3958 Frage

324 3978 394 4032 nach
412 3979 472 4032 dem
493 3980 636 4050 Urspruug
655 3981 703 4034 des
722 3979 861 4034 sittlichen
881 3979 998 4036 Gefdhls
1017 3984 1163 4035 antwortet
1182 3981 1242 4034 eine
1260 3980 1391 4045 Theorie,
1419 3978 1522 4033 welche
1540 3996 1571 4032 so

324 4067 364 4122 alt
388 4069 426 4122 ist
450 4068 492 4122 als
516 4069 565 4122 dae
584 4068 848 4123 wissenschaltliche
866 4069 980 4124 Denken
1007 4070 1056 4123 der
1073 4070 1222 4124 Manschen
1244 4071 1298 4124 und
1317 4067 1422 4124 welche
1439 4067 1499 4122 sich
1517 4083 1571 4119 von

324 4156 375 4210 den
389 4156 481 4226 Tagen
500 4158 548 4210 der
566 4157 754 4225 griechischen
776 4157 956 4229 Philosophen
975 4159 1018 4213 bis
1036 4160 1086 4213 suf
1103 4159 1146 4212 dis
1159 4157 1324 4228 Gegenwart
1340 4157 1491 4228 behauptet
1508 4157 1570 4210 hat:

324 4244 449 4298 daseelbe
468 4245 505 4298 ist
523 4245 583 4298 dem
603 4245 750 4302 Mensohen
770 4247 939 4314 angeboreu,
965 4247 1009 4300 die
1027 4246 1116 4300 Natur
1143 4248 1208 4301 oder
1226 4247 1293 4302 Gott
1318 4247 1367 4300 hat
1391 4263 1421 4300 es
1446 4245 1502 4298 ihm
1528 4246 1571 4298 ins

325 4330 396 4384 llerz
422 4331 547 4400 gesenlrt.
592 4333 639 4386 Ich
666 4333 810 4388 bezeichne
839 4334 1099 4405 demeutspreohaud
1125 4335 1199 4390 disse
1225 4335 1340 4389 Theonis
1365 4333 1407 4389 als
1433 4334 1475 4388 die
1500 4336 1571 4386 noti-

325 4421 444 4472 nietiachc
457 4461 463 4473 .
478 4461 505 4474 ..
543 4420 588 4474 Ich
599 4421 630 4488 (Ξ)
651 4423 823 4476 meinerseits
847 4427 920 4477 satze
940 4424 988 4476 der
1005 4423 1216 4477 nativistisehen
1236 4423 1351 4477 Theoris
1370 4424 1413 4476 dis
1430 4421 1571 4492 paschalit-

325 4510 392 4562 licbe
404 4511 573 4578 gegenllber:
593 4511 677 4564 Nicht
695 4513 738 4565 die
751 4511 847 4576 Natur,
866 4513 983 4567 sondern
1002 4512 1045 4566 dia
1058 4511 1224 4567 Geschichte
1241 4513 1279 4566 ist
1297 4513 1340 4565 die
1352 4511 1504 4566 Urhebarin
1523 4510 1572 4564 des

325 4595 484 4663 Sittliehen,
511 4599 565 4654 und
584 4617 656 4654 zuar
684 4599 761 4655 nicht
778 4601 853 4655 bloss
878 4602 926 4655 der
953 4600 1094 4656 sittlichen
1121 4603 1307 4669 Grundedtu,
1334 4603 1412 4654 Idem
1418 4641 1427 4668 ,
1455 4599 1571 4654 sondern

324 4685 412 4740 selbot
430 4686 478 4741 des
497 4686 635 4742 sittlichen
661 4691 774 4756 Gefdtls
788 4731 793 4742 .
808 4731 814 4742 .
829 4731 844 4752 .,
861 4689 890 4760 ja
909 4689 997 4743 selbst
1015 4690 1063 4743 des
1082 4689 1223 4743 sittlichen
1235 4687 1359 4742 le'llena“
1382 4688 1572 4756 (11108109).

328 4777 397 4836 ,Der
422 4775 519 4844 Egoist
544 4777 580 4830 ist
606 4777 656 4831 das
681 4777 804 4832 Produkt
829 4779 876 4832 der
895 4780 999 4843 Natur,
1028 4779 1076 4831 der
1101 4777 1223 4832 sittlichs
1242 4777 1354 4832 Mensch
1380 4779 1429 4831 das
1455 4779 1503 4832 der
1524 4780 1572 4831 Ge·

323 4865 445 4920 schlatta.
482 4865 539 4919 Das
557 4865 656 4929 blittel,
675 4867 804 4920 wodurch
823 4868 863 4921 sie
883 4868 941 4922 dies
960 4869 1044 4935 fertig
1062 4867 1169 4935 bringt,
1189 4867 1226 4921 ist
1244 4866 1287 4920 die
1309 4869 1489 4934 eesducaon.
1527 4868 1572 4921 Sic

326 4954 361 5007 ist
381 4953 424 5007 die
443 4952 538 5018 Qualia
557 4954 624 5008 alles
644 4955 802 5016 Sittlichen,
830 4955 877 5009 der
895 4956 1035 5010 sittlichen
1055 4955 1240 5020 Grundsdtze,
1266 4955 1384 5010 Normen
1409 4954 1512 5010 sowohl
1530 4955 1572 5009 als

325 5041 372 5096 des
391 5042 531 5097 sittlichen
550 5042 674 5110 Willsns,
694 5043 741 5097 der
759 5043 899 5098 sittlichen
920 5045 1095 5112 Gesinnung‘
1119 5045 1157 5111 (ll
1178 5045 1251 5112 117).
