3909 5842
681 715 727 768 Ius
746 731 762 768 a
780 731 830 768 sue
849 713 953 781 origine
971 716 1104 768 sanctum.
1449 716 1513 779 401

256 898 297 959 et
338 893 532 958 confirmata
566 894 652 957 sunt.
699 891 786 977 Eupo
819 889 1088 973 quemadmodum
1123 889 1163 953 de
1192 887 1320 954 ratione
1349 886 1433 970 legis
1455 886 1517 952 hu·

256 1020 386 1065 manae
419 998 580 1064 obiective
613 997 800 1079 obligantis,
831 996 879 1063 ita
910 1002 944 1064 et
969 996 1010 1061 de
1039 995 1168 1061 ratione
1199 992 1304 1059 omnis
1334 993 1403 1058 veri
1432 995 1517 1059 iuria

257 1108 404 1171 humaui
426 1105 470 1170 sit
499 1123 633 1170 necesse
665 1107 726 1182 est,
758 1109 796 1170 ut
819 1102 926 1185 quoad
949 1103 1015 1168 vim
1039 1123 1132 1168 suam
1156 1101 1313 1166 moralem
1337 1099 1378 1165 ab
1401 1101 1515 1166 eadem

259 1211 380 1276 divina
404 1211 603 1278 auctoritate
627 1209 805 1275 descendat
827 1211 928 1291 atque
950 1209 1072 1291 iugiter
1093 1205 1287 1290 dependeat.
1325 1258 1327 1265 .

257 1358 338 1428 499.
420 1356 590 1429 Probatur
612 1357 663 1428 11⁰.
710 1359 803 1439 (Iure
827 1366 949 1443 accepto
969 1379 1031 1443 pro
1052 1363 1203 1441 potestate
1226 1357 1369 1435 morali.)

358 1479 492 1559 Arqum.
518 1476 548 1539 1.
581 1474 633 1539 Ea
657 1477 783 1540 interno
808 1475 1014 1539 corretuttone
1037 1473 1195 1537 interius
1219 1478 1248 1534 ct
1265 1473 1350 1534 iuris
1365 1469 1516 1554 officium.

358 1589 413 1654 Ius
436 1593 471 1654 et
493 1589 574 1654 iuris
597 1589 739 1654 officium
763 1610 827 1654 non
844 1589 1071 1672 qualicumque
1087 1591 1226 1652 externa
1241 1586 1295 1650 vel
1311 1585 1516 1664 accidentali,

261 1697 324 1760 sed
350 1697 447 1780 plane
471 1695 601 1762 interna
625 1699 659 1762 et
682 1695 908 1779 metaphysica
932 1694 1149 1760 correlatione
1173 1712 1246 1757 sese
1269 1696 1382 1757 mutuo
1403 1697 1517 1775 postu-

261 1801 350 1880 lant,
374 1802 423 1867 ita
446 1801 586 1883 quidem,
610 1806 648 1867 ut
670 1822 776 1883 neque
799 1802 849 1866 ius
873 1801 996 1882 absque
1020 1799 1182 1865 correlato
1199 1797 1306 1863 officio
1322 1819 1427 1880 neque
1444 1797 1516 1862 offi-

263 1907 354 1972 cium
384 1906 555 1973 iuridicum
580 1907 702 1990 absque
725 1908 806 1986 iure,
831 1908 882 1972 cui
912 1906 1119 1991 respondeat,
1153 1906 1207 1970 vel
1230 1925 1303 1970 esse
1330 1905 1385 1969 vel
1407 1909 1517 1970 mente

266 2013 397 2098 concipi
420 2013 542 2098 possit3
575 2017 609 2079 et
632 2014 663 2078 in
689 2014 752 2079 hac
775 2013 848 2098 ipsa
871 2012 1088 2079 correlatione
1111 2011 1244 2096 propria
1267 2011 1346 2076 iuris
1370 2011 1518 2076 efficacia

265 2120 404 2187 moralis
439 2119 599 2185 consistit.
655 2119 718 2185 Vel
750 2119 825 2185 hinc
857 2120 959 2204 igitur
989 2125 1079 2186 certo
1109 2118 1313 2184 concluditur
1347 2117 1517 2198 utriusque

265 2226 365 2291 huius
388 2225 552 2304 correlati,
576 2226 657 2291 iuris
679 2225 813 2308 inquam
837 2231 872 2292 et
895 2225 994 2292 officii
1017 2225 1153 2302 iuridici,
1178 2223 1307 2289 nonnisi
1325 2245 1426 2289 uuum
1442 2245 1517 2288 euu-

267 2335 402 2418 (lenique
424 2333 541 2416 fontem
566 2336 781 2418 eripiatur-tum
804 2355 880 2418 esse,
905 2353 964 2398 neo
990 2333 1166 2415 quidquam
1190 2328 1362 2396 absurdius
1378 2327 1517 2410 cogitari

267 2460 376 2522 posse,
401 2460 498 2521 quam
523 2440 662 2504 alterum
687 2461 729 2506 ex
754 2440 866 2505 ordine
889 2438 1114 2523 metaphysico
1139 2436 1301 2503 obiective
1321 2435 1516 2512 necessario,

268 2545 411 2610 alterum
436 2566 601 2611 excausa
625 2545 846 2628 contingente,
872 2545 1013 2612 alterum
1038 2567 1080 2610 ex
1103 2544 1241 2627 legifera
1257 2542 1319 2608 Dei
1334 2541 1517 2616 voluntate,

270 2651 412 2717 alterum
443 2672 486 2716 ex
515 2653 689 2718 voluntate
717 2655 750 2717 et
775 2652 910 2718 arbitrio
933 2651 1072 2716 hominis
1095 2651 1270 2717 ultimatim
1296 2648 1448 2714 derivari.
1473 2685 1517 2693 —

269 2760 370 2844 Atqui
392 2781 482 2824 omne
505 2759 655 2843 officium,
685 2760 915 2840 cuiuscumque
939 2758 1079 2842 generis,
1111 2757 1284 2822 dummodo
1307 2779 1420 2823 verum
1447 2758 1518 2823 offi-

270 2864 356 2929 cium
380 2864 433 2942 sit,
463 2865 484 2932 i.
509 2886 537 2932 e.
562 2865 757 2932 rationalem
781 2867 986 2931 voluntatem
1010 2865 1181 2930 moraliter
1204 2864 1423 2946 obstringens,
1454 2885 1518 2946 qua

271 2970 340 3036 tale
364 2975 421 3036 aut
444 2971 631 3037 immediate
656 2974 715 3036 aut
736 2971 879 3036 mediate
902 2991 923 3036 a
946 2969 1058 3035 divina
1082 2969 1281 3036 auctoritate
1300 2969 1457 3049 dimanat,
1481 2975 1518 3036 ut

271 3098 371 3160 supra
395 3077 440 3159 (n.
462 3079 536 3154 252,
563 3079 626 3143 256
644 3097 714 3158 sqq,
740 3079 804 3141 292
821 3076 896 3158 sqq)
919 3076 1052 3142 invictis
1074 3075 1256 3141 rationibus
1272 3079 1438 3142 ostensum
1456 3083 1517 3146 est.

272 3219 316 3226 —
339 3183 425 3268 Eupo
456 3185 490 3247 et
520 3182 570 3247 ius
601 3183 725 3246 nullum
753 3181 915 3248 obiective
938 3181 993 3245 vel
1017 3180 1095 3245 oriri
1118 3181 1171 3244 vel
1196 3180 1374 3247 subsistere
1397 3186 1517 3265 potest,

272 3288 334 3352 nisi
350 3287 441 3352 cuius
457 3287 591 3352 moralis
602 3281 699 3368 vigor
714 3286 746 3350 in
764 3286 877 3351 eadem
895 3285 1006 3351 divina
1022 3287 1151 3350 demum
1168 3286 1366 3353 auctoritate
1382 3289 1517 3355 nitatur.

362 3414 494 3494 Argum.
520 3414 550 3476 2.
598 3413 651 3477 Eu
671 3411 819 3496 proximo
842 3413 926 3474 iuris
947 3411 1159 3494 fundamento
1183 3433 1237 3475 seu
1261 3413 1350 3475 titulo
1373 3415 1466 3478 iuris.

364 3525 476 3590 Omnis
499 3525 578 3589 iuris
601 3529 750 3609 potestas
766 3546 858 3590 suam
875 3525 1055 3591 efficaciam
1072 3525 1239 3603 moralem,
1265 3547 1329 3608 qua
1344 3527 1517 3593 terminum

276 3631 353 3696 iuris
376 3630 555 3696 inviolabili
586 3631 785 3712 obligatione
815 3631 875 3696 sibi
904 3632 1091 3714 obstringit,
1122 3631 1271 3716 proxime
1301 3653 1343 3697 ex
1372 3633 1519 3715 legitimo

276 3737 353 3802 iuris
382 3737 479 3803 titulo
508 3736 627 3802 haurit.
673 3741 774 3824 Atqui
802 3737 969 3820 legitimus
999 3738 1079 3804 iuris
1108 3738 1225 3804 titulus
1255 3743 1373 3822 suapte
1399 3744 1520 3807 natura

276 3864 402 3928 semper
425 3845 477 3909 vel
501 3843 688 3910 immediate
707 3845 759 3908 vel
775 3843 918 3910 mediate
933 3846 1041 3927 legem
1057 3845 1199 3926 aliquam
1216 3843 1359 3910 divinam
1375 3844 1519 3922 exhibet,

277 3952 317 4016 ad
340 3971 451 4016 casum
475 3950 707 4034 particularem
733 3954 765 4016 et
796 3950 838 4015 ad
869 3955 992 4016 certam
1024 3951 1196 4016 materiam
1221 3950 1391 4016 evidenter
1415 3953 1519 4036 appli-

278 4062 393 4123 catam.
425 4057 511 4141 Erqo
535 4056 639 4120 omnis
659 4054 797 4121 iuridica
812 4059 961 4140 potestas
977 4060 1083 4122 totam
1099 4077 1192 4121 suam
1207 4057 1364 4122 moralem
1380 4057 1519 4124 inviola-

278 4162 435 4229 bilitatem
459 4162 625 4229 mediante
648 4161 746 4228 titulo
770 4161 899 4226 demum
924 4162 965 4227 ab
990 4162 1188 4228 auctoritate
1205 4161 1317 4227 divina
1332 4163 1520 4248 participat.

363 4286 477 4354 Prob.
502 4285 644 4352 minor.
677 4285 788 4351 Omnis
811 4285 891 4351 iuris
915 4286 1032 4352 titulus
1055 4291 1173 4370 suapte
1195 4290 1316 4352 natura
1338 4289 1390 4352 est
1411 4287 1521 4369 aliqua

281 4392 399 4457 veritas
422 4411 480 4457 seu
505 4391 667 4456 dictamen
690 4392 858 4474 practicae
881 4391 1019 4457 rationis
1042 4412 1101 4475 per
1124 4412 1160 4456 se
1184 4392 1370 4458 universale
1393 4398 1428 4458 et
1454 4395 1520 4459 evi·
1598 4410 1603 4416 “

282 4499 355 4563 dens
390 4498 431 4562 ad
466 4518 578 4562 casum
612 4497 844 4581 particularem
878 4498 988 4580 logica
1021 4497 1219 4563 necessitate
1253 4497 1453 4582 applicatum
1488 4506 1522 4567 et

283 4625 341 4687 qua
369 4604 436 4670 tale
467 4603 554 4669 omni
584 4603 652 4669 enti
682 4603 836 4670 rationali
859 4604 920 4669 sub
942 4604 1059 4670 morali
1083 4603 1282 4686 obligatione
1305 4606 1520 4672 reverendum

283 4711 324 4794 (v.
352 4733 383 4776 n.
415 4711 504 4794 468).
551 4713 651 4796 Atqui
682 4709 845 4776 dictamen
877 4710 1044 4794 practicae
1078 4710 1217 4777 rationis
1252 4710 1318 4774 vim
1353 4713 1522 4780 moraliter

283 4837 354 4882 vere
384 4816 548 4900 obligandi
579 4838 645 4881 non
676 4817 826 4882 absolute
855 4837 916 4900 per
938 4837 983 4895 se,
1015 4816 1074 4882 sed
1097 4821 1234 4882 eatenus
1256 4820 1387 4883 tantum
1409 4819 1519 4899 habet,

284 4927 437 5007 quatenus
461 4928 556 5012 tepere
580 4926 724 4990 diuinum
747 4924 930 4990 naturalem
954 4945 1014 5007 per
1036 4922 1165 4988 modum
1190 4928 1328 4989 naturae
1351 4924 1522 4992 rationalis

284 5029 398 5096 homini
427 5029 559 5096 insitam
591 5051 630 5096 ac
661 5029 816 5096 divinitus
847 5030 1008 5096 sancitam
1038 5033 1129 5095 certo
1153 5028 1334 5096 denuntiat.
1381 5030 1442 5112 (of.
1467 5053 1523 5097 ar-

330 5141 435 5192 Meyer.
450 5141 488 5182 lus
502 5141 614 5182 naturale.
635 5141 652 5182 I.
671 5140 710 5182 Ed.
725 5142 745 5183 2.
1279 5133 1312 5187 26
