3909 5842
426 683 492 747 226
648 678 736 734 Sectio
756 679 776 734 Ι,
813 679 893 733 Liber
911 679 958 734 ΙΙΙ.
997 679 1085 750 caput
1104 678 1137 732 11.
1174 677 1314 733 Articulus
1333 678 1358 732 3.
1395 677 1456 745 Μ.

425 856 494 928 257.
583 852 756 926 Solebam.
786 862 856 924 (lum
873 865 929 924 hac
951 864 1097 924 adversus
1115 863 1351 924 rationalismum
1366 865 1538 925 modernum
1560 869 1675 924 contre

425 961 525 1022 versia
552 961 594 1020 nil
624 980 777 1021 commune
804 963 896 1022 habet
924 963 985 1022 alia
1007 963 1043 1022 de
1070 963 1174 1023 eodem
1195 969 1370 1039 argumento
1391 964 1573 1041 disputatio,
1603 983 1677 1040 quae

426 1061 495 1120 olim
516 1059 594 1119 inter
614 1059 811 1120 scholasticos
831 1061 1026 1138 philosophos
1048 1061 1226 1138 agitabatur.
1268 1061 1402 1133 Etenim,
1431 1081 1497 1120 oum
1518 1063 1555 1120 de
1577 1064 1679 1122 dicim

425 1162 536 1234 origine
556 1157 747 1233 obligationis
768 1179 864 1218 emices
879 1161 969 1236 plene
989 1163 1188 1237 oonsewirent,
1208 1159 1281 1219 illud
1296 1159 1412 1236 quidem
1425 1158 1457 1218 in
1470 1159 1678 1236 quaestionem

425 1273 535 1313 vocare
556 1259 586 1312 et
606 1253 637 1312 in
658 1260 812 1330 utramque
833 1261 948 1332 partem
970 1255 1138 1333 disceptare
1159 1256 1306 1324 solebant,
1327 1262 1425 1316 utrum
1438 1257 1515 1332 legis
1529 1256 1680 1316 naturalis

424 1351 547 1424 formale
562 1353 745 1428 principium
759 1351 790 1410 in
805 1356 916 1411 ratione
930 1353 1034 1429 (putaz
1057 1352 1216 1411 ultimatirn
1229 1353 1260 1410 in
1274 1353 1390 1412 ratione
1405 1353 1528 1426 divina),
1550 1374 1594 1412 an
1608 1373 1680 1412 vero

427 1447 457 1506 in
478 1447 596 1506 divinae
617 1449 772 1509 voluntatis
792 1451 901 1509 decreto
922 1449 1100 1509 virationis
1121 1449 1292 1509 necessario
1312 1449 1512 1526 reponendum
1534 1451 1578 1510 sit
1589 1457 1608 1511 ¹.
1637 1452 1682 1510 De
1778 1496 1779 1499 ,

427 1545 483 1603 hac
512 1546 732 1616 controversia,
764 1565 839 1622 quae
867 1547 952 1607 hodie
980 1548 1011 1606 in
1038 1549 1172 1607 favorem
1198 1547 1321 1606 alterius
1343 1547 1509 1606 sententiae
1530 1549 1682 1625 dirempta
1778 1572 1779 1609 r

427 1641 532 1701 haberi
554 1641 656 1714 debet,
687 1643 718 1702 id
747 1644 841 1703 solum
864 1646 1026 1704 nomadum
1047 1645 1180 1704 videtur:
1211 1645 1321 1705 Omnes
1348 1645 1496 1717 rationes,
1525 1665 1607 1722 quae
1628 1667 1683 1723 pro
1778 1650 1779 1721 Τ

427 1739 526 1814 priore
548 1740 698 1798 sententia
719 1741 819 1799 afferri
840 1747 984 1818 possunt,
1013 1742 1154 1801 evincunt
1175 1741 1292 1818 quidem
1313 1741 1440 1818 aliquam
1461 1761 1499 1800 ex
1520 1742 1574 1801 illo
1599 1743 1683 1801 fonte

428 1837 557 1897 derivari
584 1839 615 1897 in
637 1859 691 1898 nos
712 1840 853 1900 moralem
875 1840 1102 1913 necessitatem,
1131 1859 1207 1916 quae
1228 1840 1370 1914 obligatio
1394 1840 1608 1917 ,imperfecta‘
1634 1841 1683 1900 rel

431 1936 651 2012 ,speculativa“
683 1937 785 1996 vocari
813 1941 928 2014 potest,
958 1938 1011 1996 sed
1037 1937 1158 1996 minime
1185 1936 1395 2012 obligationem
1425 1935 1624 2014 ,modest
1654 1943 1684 1995 et

420 2051 498 2115 ¹vere
520 2032 698 2109 practicam,
721 2053 795 2110 quae
817 2035 882 2094 sola
902 2035 961 2109 lagi
984 2035 1133 2105 convomit,
1155 2035 1239 2092 cuius
1261 2038 1327 2100 est,
1348 2033 1496 2093 hominem
1516 2041 1616 2094 totum
1640 2054 1684 2094 se·

429 2127 555 2188 cundum
577 2147 661 2188 suam
684 2130 869 2190 activitatem
890 2131 1015 2190 liberam
1029 2133 1128 2190 ordini
1140 2133 1272 2208 alligare,
1292 2150 1351 2189 non
1366 2130 1514 2201 suasione,
1536 2133 1592 2190 sed
1608 2151 1684 2192 vare

427 2231 563 2306 ligamine
583 2235 644 2287 tam
671 2229 759 2299 forti,
786 2233 819 2287 ut
839 2229 1031 2304 intellegatur
1057 2229 1146 2288 etiarn
1166 2228 1287 2288 rebellis
1307 2228 1462 2300 voluntas,
1492 2230 1566 2288 velit
1595 2230 1684 2298 nolit,

429 2327 523 2386 eidem
545 2317 717 2401 subigenda.
745 2327 818 2386 Tale
840 2327 917 2386 enirn
939 2327 1069 2403 ligamen
1090 2346 1150 2386 non
1172 2327 1268 2386 asela
1288 2327 1404 2385 ratione
1418 2332 1531 2386 rectum
1546 2327 1683 2387 ordinem

429 2429 462 2483 ut
483 2422 684 2483 necessarium
707 2423 876 2496 exhibente,
899 2423 950 2482 sed
973 2423 1061 2482 etiam
1085 2443 1102 2481 a
1123 2424 1278 2482 voluntate
1298 2423 1379 2481 illum
1402 2423 1537 2482 absolute
1558 2425 1684 2484 volente

429 2520 571 2597 procedat
591 2539 715 2580 necesse
737 2525 792 2579 est.

429 2650 501 2722 258.
592 2649 777 2722 Corollaria.
808 2653 832 2718 Ι.
858 2653 932 2718 Non
956 2654 1061 2719 solum
1085 2653 1176 2718 nulla
1198 2653 1417 2737 repugnantia
1438 2653 1524 2720 inter
1540 2655 1684 2720 rationis

430 2757 609 2824 dictamina
624 2763 658 2823 et
679 2763 857 2843 praecepta
880 2781 1104 2844 quaecumque
1128 2759 1239 2827 divina
1262 2780 1334 2825 esse
1352 2763 1473 2844 potest,
1497 2761 1555 2826 sed
1571 2781 1684 2844 neque

433 2863 531 2930 datur
554 2863 622 2928 ulla
645 2863 803 2946 obligatio
827 2886 915 2930 mere
936 2866 1165 2952 philosophico,
1190 2865 1210 2931 i.
1227 2885 1255 2931 e.
1280 2864 1367 2941 talis,
1393 2886 1477 2947 quae
1500 2887 1564 2930 non
1581 2867 1683 2932 simul

431 2969 475 3035 sit
498 2968 685 3051 theologica
708 2974 742 3035 et
765 2969 973 3053 aliquatenus
996 2970 1160 3053 religiosa.
1185 3007 1229 3015 -
1252 2969 1348 3036 Unde
1365 2971 1584 3054 consequitur,
1609 2995 1684 3038 orn·

431 3095 504 3140 nem
538 3079 648 3141 actum
680 3075 856 3142 humanum
887 3076 1003 3142 morali
1034 3076 1201 3142 dictamini
1232 3076 1370 3142 rationis
1393 3076 1578 3143 formaliter
1602 3100 1682 3144 con·

431 3183 570 3248 tranium
595 3203 633 3248 eo
657 3183 727 3267 ipso
752 3184 876 3268 pariter
896 3193 1058 3270 peccatum
1083 3191 1280 3250 essecestra
1303 3184 1609 3268 legemdicincmin
1627 3207 1682 3250 ra·

432 3289 521 3356 tione
537 3289 681 3356 humana
697 3311 898 3374 expressam,
921 3312 982 3356 nec
999 3289 1129 3357 admitti
1144 3310 1241 3373 posse
1257 3293 1429 3373 peecatum
1449 3311 1558 3366 ,mere
1573 3291 1683 3375 philo·

431 3397 631 3480 sophicum“,
656 3396 677 3461 i.
695 3417 722 3464 e.
747 3396 825 3472 tale,
850 3396 946 3479 quod,
971 3396 1034 3462 etsi
1055 3395 1177 3462 rationi
1192 3395 1402 3473 contrarium,
1426 3395 1551 3461 nullum
1566 3401 1682 3464 tamen

430 3508 558 3568 reatum
590 3503 705 3586 culpae
736 3524 817 3584 erga
846 3503 949 3568 Deum
984 3502 1157 3578 inducat23
1191 3507 1226 3568 et
1254 3501 1419 3580 similiter,
1458 3503 1612 3586 quicquid
1642 3505 1683 3568 fit

523 3681 531 3710 ¹
551 3677 620 3730 Vide
640 3679 752 3744 Sorores,
772 3675 812 3728 De
831 3675 884 3743 leg.
898 3676 915 3730 Ι.
936 3677 961 3740 2,
981 3693 1004 3730 c.
1024 3677 1040 3729 t
1060 3679 1087 3730 et
1107 3677 1131 3739 6,
1150 3676 1196 3728 ubi
1215 3679 1244 3729 et
1261 3675 1330 3729 alias
1348 3675 1453 3729 similes
1465 3680 1589 3730 veterum
1604 3677 1681 3730 dnbi-

430 3766 555 3828 tationes,
581 3783 608 3818 v.
628 3783 669 3832 g„
695 3767 786 3818 utrum
806 3764 851 3818 lex
870 3764 1004 3818 naturalis
1022 3765 1060 3818 sit
1077 3765 1138 3834 ipsa
1157 3764 1289 3817 divinitus
1311 3763 1516 3834 ,praeceptiva‘
1537 3781 1572 3817 an
1590 3765 1680 3818 solum

434 3854 627 3918 ,indicativa“,
650 3853 803 3906 luculenter
829 3853 967 3906 examinat
993 3857 1021 3907 et
1040 3853 1074 3906 ad
1093 3857 1210 3907 mentem
1231 3851 1257 3906 S.
1277 3853 1396 3906 Thomas
1414 3851 1510 3906 solidis
1528 3853 1682 3907 rationibus

432 3942 541 3996 dirimit.

521 4033 532 4065 ²
558 4031 632 4086 Inter
657 4031 808 4085 sententias
834 4031 868 4085 ab
895 4031 1050 4084 Alexandro
1070 4029 1135 4082 Vlll
1161 4029 1304 4084 damnatas
1332 4029 1368 4096 (a.
1396 4029 1475 4096 1690)
1503 4028 1572 4082 haec
1596 4031 1680 4083 etiam

431 4119 546 4187 legitur:
569 4119 730 4184 ,Peccatum
750 4117 966 4190 philosophicum
978 4135 1028 4172 seu
1041 4117 1144 4172 morale
1162 4121 1205 4172 est
1222 4121 1302 4172 actus
1320 4117 1455 4171 humanus
1473 4117 1682 4172 disconveniens
1782 4166 1783 4175 ,

431 4215 545 4262 natiuae
566 4207 692 4261 rationali
712 4211 740 4262 et
758 4210 849 4261 rectae
868 4207 974 4269 rationi,
994 4205 1178 4274 theologicum
1191 4223 1256 4259 rero
1270 4209 1298 4259 et
1315 4205 1429 4259 mortale
1442 4210 1486 4260 est
1497 4209 1681 4273 transgressio

431 4298 516 4352 libera
535 4297 643 4350 divinae
662 4295 740 4364 legis.
779 4294 999 4364 Philosopbicum
1027 4293 1203 4363 quantumvis
1222 4311 1307 4362 grave
1332 4294 1359 4346 in
1378 4293 1437 4358 illo,
1464 4294 1511 4362 qui
1529 4293 1616 4347 Deum
1636 4294 1680 4346 vel

432 4388 541 4454 ignorat
560 4385 604 4438 vel
624 4385 656 4438 de
675 4384 732 4438 Deo
751 4387 814 4437 actu
834 4401 886 4436 ncn
906 4384 1019 4452 cogitat,
1039 4385 1082 4436 est
1100 4400 1186 4451 grave
1204 4385 1360 4451 peccatum,
1378 4382 1427 4437 sed
1445 4399 1499 4435 non
1517 4386 1560 4436 est
1577 4383 1680 4436 offensa

431 4475 480 4529 Dei
507 4492 594 4544 neque
621 4477 762 4544 peccatum
788 4490 874 4540 grave
894 4473 1047 4526 dissolvens
1066 4473 1213 4526 amicitiam
1232 4471 1282 4525 Dei
1300 4489 1389 4540 neque
1407 4487 1494 4540 poena
1512 4475 1624 4524 aeterna
1642 4471 1679 4524 di-

432 4567 539 4630 gnum*
568 4562 653 4626 Quam
673 4561 837 4616 sententiam
858 4561 1099 4616 reformantes
1118 4560 1145 4612 in
1162 4559 1372 4624 ,Danmatarum
1391 4559 1511 4612 thesium
1528 4558 1680 4627 theologica

432 4652 550 4704 trutina“
579 4655 648 4720 part.
670 4650 721 4713 ΙΙΙ,
749 4668 773 4720 p.
795 4651 811 4702 9
837 4653 911 4702 reete
931 4649 1074 4714 observat,
1101 4667 1162 4702 cum
1189 4647 1283 4701 eadem
1309 4646 1383 4701 illam
1402 4665 1510 4716 quoque
1528 4648 1678 4718 opinionem

432 4741 564 4810 implicite
583 4739 722 4793 exclusam
743 4737 905 4792 censendam
926 4755 994 4801 esse,
1015 4755 1069 4806 qua
1088 4738 1235 4791 asseritur:
1254 4754 1335 4807 possa
1354 4735 1439 4789 Deum
1460 4735 1494 4788 ab
1511 4735 1620 4789 bomine
1638 4753 1679 4789 ra·

431 4831 505 4883 tione
524 4829 634 4882 evoluta
654 4827 848 4880 invincibiliter
867 4827 994 4894 ignorari.
1023 4827 1083 4880 Nisi
1102 4827 1173 4880 enim
1193 4827 1260 4880 haee
1278 4825 1433 4893 ignorantia
1450 4823 1615 4878 invincibilia
1634 4842 1679 4877 ex-

432 4919 566 4974 cludatur.
592 4933 643 4969 non
664 4933 803 4984 apparere,
830 4932 877 4968 cur
896 4919 1040 4984 peceatum
1059 4919 1153 4968 contra
1171 4919 1274 4968 rectam
1293 4913 1426 4966 rationem
1444 4931 1476 4966 eo
1494 4914 1553 4983 ipso
1572 4911 1677 4982 culpam

432 5007 613 5074 theologicam
633 5005 790 5058 constituat.
