3909 5842
429 643 493 706 246
640 639 730 695 Sectio
748 640 769 694 I.
807 640 887 696 Liber
904 641 952 695 Ill.
991 641 1080 712 Caput
1098 641 1133 695 ΙΙ.
1170 642 1309 698 Articulus
1328 644 1354 697 5.
1390 641 1451 710 52.

427 820 570 901 patrata,
601 815 775 898 aliquando
799 838 863 882 non
893 817 1066 902 illegitima
1095 818 1320 895 censebantur,
1352 837 1527 899 numquam
1551 821 1672 889 minen.

427 921 611 1007 promiscue
633 922 732 989 etiam
748 922 782 987 in
796 923 997 1008 propinquos
1013 929 1071 991 aut
1087 923 1193 990 socios
1208 923 1351 990 eiusdem
1367 923 1473 990 tribus
1488 924 1671 990 commissa.

428 1027 578 1093 similiter
601 1028 694 1094 licita
715 1034 871 1114 reputata
894 1029 996 1096 fuisse
1020 1030 1168 1114 legimus.

518 1143 548 1208 2.
572 1142 694 1208 Contra
716 1163 772 1210 eos
795 1145 1013 1223 adversarios,
1038 1145 1092 1227 qui
1115 1145 1148 1210 in
1168 1144 1374 1230 philosophia
1397 1143 1556 1229 principia
1584 1149 1671 1221 „tra-

428 1246 657 1314 ditionalismi“
684 1251 877 1333 prolitentes
899 1251 972 1318 ideo
1000 1255 1140 1318 naturae
1162 1251 1269 1334 legem
1288 1250 1485 1317 naturaliter
1506 1251 1599 1316 nobis
1622 1253 1672 1317 in-

427 1358 599 1420 notescere
622 1359 754 1438 negant,
780 1357 866 1438 quod
889 1379 1002 1424 omnes
1025 1379 1127 1442 prope
1150 1358 1291 1423 morales
1314 1357 1415 1431 ideas,
1439 1377 1521 1439 ques
1537 1357 1622 1424 ratio
1638 1357 1671 1421 in

428 1461 595 1544 praesenti
617 1483 726 1528 rerum
746 1462 859 1529 ordine
874 1463 1040 1547 attingere
1056 1463 1218 1541 videatur,
1243 1483 1360 1529 revere
1375 1466 1486 1528 tamen
1503 1467 1671 1549 apositioo

428 1567 538 1651 potius
566 1568 627 1634 Dei
658 1570 860 1637 revelatione
890 1569 1042 1654 primitus
1074 1571 1164 1638 facta
1195 1569 1336 1636 derivari
1370 1569 1495 1646 dicunt,
1527 1569 1672 1654 promul·

428 1674 572 1757 gationis
601 1677 721 1743 indoleo
749 1699 820 1743 ocra
846 1679 1010 1743 nataralia
1033 1675 1147 1742 iisdem
1172 1675 1375 1759 argumentis
1398 1675 1520 1742 invicte
1543 1681 1672 1744 asserta
1789 1723 1790 1728 .

428 1781 546 1848 merito
576 1783 702 1849 censeri
731 1787 851 1867 potest,
881 1783 998 1866 quibus
1028 1783 1060 1848 in
1088 1783 1195 1866 logica
1219 1787 1253 1849 et
1276 1782 1503 1867 metaphysica
1525 1786 1671 1866 systema
1789 1853 1790 1870 q

428 1885 695 1954 traditionalismi
718 1889 892 1958 refutatur.

820 2088 893 2172 §a
940 2088 1284 2156 Immutabilitas.

429 2207 497 2277 274.
589 2210 702 2277 Omnis
714 2213 863 2291 mutatio,
881 2233 965 2295 quae
981 2212 1164 2295 generatim
1180 2212 1276 2278 alicui
1292 2212 1359 2295 legi
1371 2212 1545 2279 convenire
1556 2216 1671 2298 possit.

428 2315 482 2380 vel
498 2316 530 2380 in
547 2316 657 2399 aliqua
680 2317 847 2384 additione
869 2319 924 2384 vel
946 2319 1170 2386 subtractione
1194 2319 1246 2382 vel
1270 2317 1302 2382 in
1327 2323 1465 2401 utraque
1483 2317 1578 2384 simul
1594 2341 1672 2386 con-

428 2419 527 2488 sistit.
559 2424 654 2490 Mcra
676 2429 788 2491 tamen
804 2424 928 2491 additio
943 2425 1120 2509 improprie
1135 2427 1265 2490 tantum
1281 2423 1365 2507 legis
1380 2423 1519 2492 mutatio
1536 2425 1671 2490 dicitur:

428 2529 544 2610 utpote
567 2549 652 2610 quae
674 2531 744 2596 eius
763 2531 960 2597 anteriorem
975 2529 1200 2613 integritatem
1217 2531 1316 2615 plane
1331 2530 1492 2597 intactam
1507 2529 1672 2612 relinquit.

428 2631 553 2700 Idcirco
576 2639 611 2700 et
633 2637 741 2718 legem
765 2641 903 2704 naturae
927 2658 969 2702 ex
990 2657 1029 2702 eo
1045 2635 1260 2703 mutationem
1276 2635 1414 2701 subiisse
1430 2656 1523 2702 nemo
1540 2635 1673 2706 dixerit.

431 2739 517 2820 quod
540 2739 630 2805 Deus
659 2742 872 2825 superaddita
903 2743 977 2825 lege
1006 2745 1142 2828 positivo
1170 2741 1261 2808 illam
1291 2741 1422 2807 uberius
1449 2741 1616 2808 declarare
1641 2749 1676 2809 et

430 2845 666 2926 particularius
689 2846 908 2913 determinare
931 2847 1082 2915 voluerit.
1129 2847 1218 2913 Vera
1240 2847 1343 2930 igitur
1365 2848 1447 2929 legis
1470 2847 1610 2914 mutatio
1635 2869 1676 2914 ea

430 2954 561 3016 tantum
585 2953 749 3019 censenda
776 2956 837 3031 est,
867 2974 953 3035 quas
975 2954 1013 3020 fit
1036 2955 1089 3018 vel
1112 2954 1251 3038 simplici
1274 2954 1498 3021 subtractione
1521 2954 1574 3020 vel
1598 2955 1677 3020 eub-

430 3056 612 3135 etitutione,
636 3057 657 3123 i.
674 3079 702 3124 e.
719 3059 943 3125 subtractione
958 3058 1055 3124 simul
1079 3081 1152 3125 cum
1175 3060 1351 3128 additione.
1384 3059 1428 3127 Et
1443 3061 1523 3126 baec
1542 3060 1675 3143 quidem

429 3161 495 3246 legi
515 3163 671 3230 advenire
685 3169 796 3249 potest
811 3166 863 3231 vel
880 3168 920 3232 ob
937 3169 1120 3250 inrisam,
1146 3187 1185 3232 eo
1201 3167 1287 3249 quod
1302 3167 1409 3250 ipsum
1424 3167 1675 3234 fundamentum

430 3268 513 3351 legis
536 3291 594 3336 seu
616 3271 702 3338 ratio
726 3271 899 3347 abiectius,
924 3270 970 3336 ob·
990 3291 1088 3354 quam
1111 3271 1167 3336 lex
1183 3271 1253 3338 lata
1268 3275 1329 3350 est,
1353 3275 1510 3350 mutatur,
1535 3272 1556 3339 i.
1574 3294 1602 3340 s.
1619 3277 1675 3339 vel

430 3396 472 3441 ex
494 3380 567 3443 toto
590 3377 644 3442 vel
666 3399 709 3443 ex
731 3382 827 3462 parte
849 3379 1029 3444 subsistere
1046 3377 1182 3456 desinit;
1206 3379 1260 3444 vel
1277 3379 1316 3444 ab
1334 3381 1515 3462 extrinseco,
1540 3400 1599 3464 per
1614 3401 1676 3446 vo·

429 3481 591 3549 luntatem
621 3483 747 3551 scilicet
776 3484 976 3567 legislatoris
1007 3490 1066 3552 aut
1089 3483 1159 3550 eius
1182 3483 1215 3548 in
1239 3484 1353 3550 eadem
1377 3484 1577 3552 auctoritate
1599 3507 1676 3552 suc-

430 3589 579 3665 cessoris,
609 3589 680 3656 sive
709 3590 742 3656 id
771 3591 830 3657 fiat
857 3591 954 3674 plena
977 3589 1192 3673 abrogatione
1215 3589 1285 3655 sive
1308 3593 1439 3656 tantum
1462 3590 1676 3674 suspensione

430 3695 484 3760 vsl
506 3694 718 3778 derogatione
733 3697 787 3762 vel
803 3697 1056 3781 dispensatione.
1088 3697 1238 3779 Utroque
1253 3695 1315 3762 boc
1330 3696 1426 3762 modo
1442 3697 1497 3762 lex
1512 3697 1676 3763 naturalis

429 3801 642 3868 immutabilis
665 3823 737 3869 esse
760 3804 1000 3886 cognoscitur1.

520 3915 604 3982 Huic
627 3918 795 3985 doctrinae
818 3919 976 4002 imprimis
1007 3919 1204 3985 adversatur
1233 3917 1405 3984 universus
1433 3917 1674 4002 „positivismus

430 4023 582 4090 moralis'¹
601 4023 667 4091 iam
682 4047 783 4109 supra
798 4027 844 4106 (n.
859 4027 921 4091 148
934 4025 1010 4108 sqq)
1027 4025 1201 4090 refutatus.
1226 4025 1263 4089 In
1279 4023 1387 4108 specie
1403 4029 1513 4091 autern
1530 4027 1675 4090 internae

430 4128 689 4197 immutabilitati
711 4131 795 4215 legis
818 4131 979 4198 naturalis
1003 4130 1187 4196 contrarius
1211 4135 1262 4196 est
1278 4151 1370 4196 error
1384 4130 1594 4210 Putandorfii,
1619 4130 1674 4212 qui

431 4235 583 4319 quicquid
606 4238 639 4303 in
662 4239 791 4306 actibus
814 4237 964 4304 humanis
980 4238 1100 4303 bouum
1116 4241 1175 4304 aut
1190 4238 1311 4303 malum
1327 4237 1382 4316 sit,
1406 4241 1512 4305 totum
1529 4259 1571 4303 ex
1587 4236 1673 4320 posi-

430 4341 500 4408 tivo
524 4344 646 4427 placito
662 4344 772 4410 divino
788 4344 941 4428 repetit²‚
966 4364 1161 4426 quamquam
1178 4349 1317 4410 naturae
1334 4343 1441 4425 legem
1457 4341 1558 4410 semel
1573 4342 1672 4408 libere

431 4449 596 4516 conditam
618 4449 855 4515 immutabilem
876 4448 1054 4533 perdurare
1078 4449 1165 4514 baud
1180 4448 1362 4515 infitiatur³
1378 4447 1435 4532 (cl.
1453 4471 1484 4516 n.
1504 4450 1564 4514 147
1585 4447 1670 4529 162).

525 4717 532 4745 ¹
545 4711 586 4766 cf.
601 4713 628 4766 S.
646 4713 736 4766 Thom.
751 4713 773 4773 l.
787 4711 812 4776 2,
825 4729 852 4780 q.
866 4713 908 4774 94,
921 4729 946 4766 a.
960 4713 992 4774 5;
1005 4728 1031 4780 q.
1048 4711 1105 4774 100,
1120 4727 1144 4764 a.
1157 4711 1188 4774 8;
1209 4710 1233 4776 2,
1247 4711 1272 4774 2,
1286 4727 1312 4779 q.
1328 4710 1387 4770 104,
1400 4725 1424 4762 a.
1438 4710 1456 4762 4
1469 4707 1502 4762 ad
1516 4709 1547 4771 2;
1562 4709 1672 4772 Suom,

432 4801 472 4855 Da
490 4801 543 4870 leg.
563 4803 581 4856 l.
600 4803 625 4868 2,
644 4820 667 4857 c.
688 4803 806 4864 13-16;
831 4805 951 4872 Grotius,
970 4801 1011 4855 De
1029 4801 1087 4855 iure
1107 4801 1171 4854 belli
1191 4805 1219 4855 et
1237 4801 1313 4871 pacis
1331 4799 1349 4854 l.
1366 4802 1387 4860 1,
1408 4817 1430 4854 a.
1446 4801 1469 4864 1,
1489 4798 1552 4866 §10
1565 4797 1599 4852 ad
1612 4799 1629 4852 5
1641 4799 1671 4852 6:

436 4889 500 4957 „unt
518 4895 610 4946 autem
628 4891 672 4945 ius
690 4891 815 4946 naturale
833 4890 899 4945 adeo
919 4888 1094 4952 immutabile,
1114 4893 1144 4942 ut
1163 4907 1196 4944 ne
1215 4889 1300 4944 aDeo
1319 4889 1428 4957 quidem
1447 4887 1546 4942 mutari
1565 4891 1667 4955 queat*

521 4979 532 5013 ¹
550 4979 590 5033 Da
608 4979 666 5033 iure
685 4984 740 5034 nat.
760 4983 788 5034 et
806 4982 880 5049 gent.
899 4979 916 5031 l.
939 4982 960 5042 1,
981 4994 1004 5032 c.
1023 4978 1048 5040 2,
1068 4978 1084 5044 5
1103 4979 1128 5032 6.
1237 4979 1247 5012 ³
1266 4978 1304 5031 lb.
1325 4977 1341 5031 l.
1362 4977 1386 5041 2,
1406 4993 1428 5030 c.
1450 4977 1473 5042 3,
1493 4975 1509 5043 ξ
1528 4976 1554 5030 5.
