3909 5842
447 680 511 745 394
682 675 771 730 Seotlo
791 675 824 728 II.
861 673 942 728 Liber
960 673 994 728 ll.
1032 673 1121 744 Caput
1139 673 1160 726 I.
1197 671 1342 727 Articulua
1361 673 1388 726 3.
1428 673 1503 739 §3

446 855 647 937 frequenter,
679 852 736 918 sed
770 852 870 919 etiam
903 851 1088 935 generatim
1121 855 1156 917 et
1186 849 1380 934 simpliciter
1414 858 1492 917 tuto
1531 851 1718 934 exspectan

447 960 561 1045 possit.
608 959 654 1026 Et
682 957 764 1025 haec
794 957 924 1041 quidem
956 957 1097 1024 assertio
1120 957 1203 1023 satis
1226 977 1286 1040 per
1309 977 1345 1021 se
1368 955 1509 1038 liquida
1537 961 1602 1024 est
1626 979 1719 1039 neque

447 1065 481 1133 in
505 1066 637 1132 dubium
660 1071 807 1132 vocatur.

538 1174 572 1256 b)
595 1171 720 1238 Intuitu
743 1171 844 1256 ipsius
865 1173 943 1256 finis
966 1175 1144 1238 essartiolie
1167 1176 1261 1237 totius
1283 1173 1414 1237 ordinis
1438 1173 1602 1236 iuridici
1617 1191 1719 1236 nece·

448 1281 571 1346 sarium
599 1299 680 1356 esse,
712 1284 749 1344 ut
771 1282 946 1366 generatim
969 1279 1003 1344 in
1026 1278 1170 1344 hnmana
1192 1278 1353 1344 societate
1375 1297 1443 1342 non
1473 1278 1630 1344 deficiat
1648 1279 1720 1362 pol

449 1389 545 1452 lirum
568 1387 734 1452 obiectione
749 1389 891 1452 iustitiae
906 1387 1108 1471 praesidium
1123 1407 1184 1469 per
1198 1407 1234 1450 se
1249 1385 1331 1452 satis
1346 1387 1484 1469 potone,
1512 1407 1593 1468 quo
1610 1389 1719 1452 salian

448 1492 481 1557 in
512 1491 579 1557 suis
610 1491 840 1558 essentialibus
868 1491 1044 1558 momentis
1066 1492 1243 1574 integritas
1266 1490 1390 1556 ordinis
1414 1491 1572 1558 socialis
1598 1502 1719 1558 susten

449 1601 539 1664 tetur
569 1602 628 1664 ant
657 1602 808 1683 prompto
838 1599 1045 1666 restituatur.
1093 1598 1152 1662 Cui
1181 1597 1372 1664 necessitati
1398 1619 1532 1665 revera
1562 1600 1718 1665 diuinitus

449 1705 616 1788 provisum
647 1725 719 1769 esse
748 1709 879 1771 constat
909 1705 1107 1772 naturaliter
1136 1705 1289 1771 instituta
1311 1709 1413 1787 atque
1437 1706 1569 1788 gladio
1597 1712 1717 1773 armata

449 1811 581 1896 publica
603 1810 717 1877 sociali
740 1812 950 1879 auctoritate.
998 1811 1106 1888 Quare
1129 1811 1268 1877 ethaeo
1290 1812 1397 1876 altera
1420 1812 1628 1880 affirmatio
1649 1814 1718 1878 sau

449 1940 509 2002 per
531 1939 568 1985 se
590 1918 768 1985 manifesta
796 1923 948 2004 apparet,
980 1940 1040 1984 nec
1063 1940 1129 1984 non
1158 1918 1265 2001 logice
1294 1937 1335 1983 ea
1364 1919 1613 2001 consequitur,
1645 1941 1715 2002 qnae

450 2046 551 2109 supra
581 2025 626 2105 (n.
652 2024 731 2107 479)
762 2025 803 2091 de
834 2025 999 2092 obiectiva
1027 2025 1156 2092 ratione
1187 2025 1357 2090 coactivae
1379 2025 1714 2093 inviolabilitatisel

451 2137 550 2199 antea
573 2133 639 2198 iam
662 2131 707 2213 (n.
734 2133 798 2197 289
815 2133 867 2214 sq)
892 2133 932 2197 de
954 2132 1100 2198 naturali
1118 2129 1287 2214 exigentia
1302 2131 1471 2216 positivae
1487 2133 1714 2216 legislationis

451 2239 539 2305 dicta
562 2241 648 2304 sunt.
696 2237 742 2302 At
765 2260 844 2305 vero

450 2361 519 2434 487.
613 2366 642 2429 2.
667 2363 929 2446 Negandum:

540 2470 581 2535 ad
614 2472 808 2535 essentialem
839 2473 994 2536 rationem
1024 2468 1105 2533 iuris
1135 2467 1310 2552 portinere,
1340 2475 1378 2533 ut
1408 2487 1554 2552 semper
1586 2480 1710 2537 extera:

451 2579 546 2644 etiam
572 2577 716 2662 efficacia
739 2576 874 2642 realiter
897 2575 1030 2659 polleat.

541 2682 636 2748 Hanc
665 2682 956 2764 exaggerationem
986 2682 1132 2765 practice
1161 2679 1248 2745 haud
1271 2679 1444 2744 innocuam
1470 2681 1529 2763 (ut
1557 2683 1649 2749 alios
1669 2688 1710 2746 ta·

453 2809 555 2866 ceam,
587 2787 643 2870 qui
672 2810 772 2872 supra
802 2788 975 2856 materiam
1005 2787 1085 2852 nihil
1115 2790 1343 2870 agnoscentes,
1373 2785 1426 2850 ius
1455 2807 1538 2853 cum
1566 2789 1709 2872 potenti„

453 2893 590 2978 physica
619 2893 744 2961 directe
775 2893 991 2974 confundunt)
1022 2893 1092 2976 ipse
1123 2892 1223 2959 etiam
1253 2893 1311 2958 rr.
1334 2892 1367 2959 J.
1393 2893 1525 2976 stow,
1565 2917 1631 2979 pro
1660 2915 1708 2960 suo

455 3003 609 3068 ecclueico
639 3003 723 3068 ioris
744 3003 939 3086 positivismo
970 2999 1115 3065 insinuat
1138 2999 1301 3064 scribens:
1337 2998 1440 3077 ,Prae
1472 3003 1607 3068 ceteris
1640 3001 1710 3067 emi

452 3113 584 3175 nentem
617 3108 697 3174 iuris
729 3107 953 3172 characterem
987 3127 1060 3171 esso
1090 3106 1160 3171 eius
1191 3108 1402 3172 carducum
1433 3108 1565 3191 iupiter
1599 3112 1706 3175 rooles

451 3216 551 3296 (stete
574 3213 886 3296 Verwirkliohung),
918 3213 938 3278 i.
964 3233 992 3279 e.
1017 3211 1260 3277 ineluctabilem
1289 3209 1542 3276 exsecutionem
1576 3215 1612 3280 in
1640 3235 1708 3298 par·

451 3321 582 3386 ticulari
606 3324 640 3387 ct
662 3341 792 3404 semper
815 3319 974 3384 invictam
997 3317 1245 3383 subsistentiam
1268 3317 1301 3383 in
1324 3320 1407 3384 toto.
1454 3316 1512 3382 Ius
1538 3339 1612 3386 non
1644 3339 1708 3384 ease

451 3448 575 3492 meram
599 3447 757 3505 normam,
782 3425 841 3490 sed
864 3424 1022 3504 ordinem,
1046 3423 1067 3489 i.
1085 3445 1112 3490 e.
1131 3444 1279 3489 normam
1295 3422 1376 3489 reali
1391 3423 1601 3492 actualitate
1616 3446 1705 3511 prae

451 3534 553 3599 ditem
586 3539 621 3600 et
653 3554 784 3619 semper
813 3531 964 3598 effective
994 3531 1215 3600 observatam.
1261 3529 1364 3596 Istam
1394 3529 1641 3598 necessitatem
1664 3534 1705 3596 in·

451 3639 635 3706 eluctabilis
659 3637 889 3717 exsecutionis,
915 3658 999 3722 quae
1023 3637 1116 3721 proin
1140 3640 1175 3702 in
1201 3639 1335 3702 aracaio
1357 3637 1442 3700 iuria
1462 3639 1529 3700 aito
1554 3641 1614 3722 sit,
1639 3657 1703 3704 sea·
1763 3716 1764 3719 Ἴ

451 3743 665 3810 manifestare
696 3749 812 3811 contra
842 3743 1054 3810 renitentiam
1078 3743 1281 3826 singulorum
1303 3746 1471 3823 tamquam
1496 3745 1704 3812 coactionem
1763 3724 1764 3757 ³

451 3850 630 3934 physicam.
651 3903 657 3916 .
676 3903 709 3917 ..
743 3851 787 3916 Et
809 3851 857 3916 ita
880 3850 930 3915 ius
954 3871 1027 3915 esse
1050 3849 1172 3934 partim
1196 3847 1325 3931 quidem
1348 3849 1481 3913 ethaam
1493 3862 1702 3936 praecepero
1763 3842 1764 3851 ’

452 3957 656 4024 voluntatem
687 3956 864 4039 attingens,
898 3955 1019 4040 partim
1050 3976 1130 4020 vero
1161 3957 1389 4020 intitutionem
1417 3954 1604 4021 mechanico
1637 3955 1703 4022 suo

452 4066 639 4130 sistentem.“

543 4223 551 4255 ¹
569 4219 682 4274 Rechts·
701 4219 756 4274 und
775 4217 944 4274 Staatslehre
964 4218 982 4272 l.
1002 4235 1040 4272 c.:
1063 4217 1134 4283 ,Das
1153 4215 1242 4270 Recht
1259 4217 1297 4270 ist
1315 4216 1365 4269 das
1384 4215 1525 4286 ohjslrtive
1544 4215 1645 4282 Ethos,
1664 4218 1701 4270 die

451 4317 561 4364 ltusssrs
581 4308 855 4376 Lebensgestallung.
893 4307 1073 4375 Demgemass
1086 4347 1092 4358 .
1107 4347 1134 4359 ..
1159 4305 1197 4359 ist
1221 4305 1281 4358 sein
1299 4303 1563 4358 hervorstechender
1582 4306 1646 4373 an
1663 4305 1701 4357 di«-

450 4406 511 4453 ποτε
530 4398 770 4465 Verws'rlclr'choup,
790 4397 815 4450 d.
834 4397 851 4450 i.
872 4396 915 4449 die
934 4394 1168 4450 unausbleibliche
1187 4393 1334 4462 Erfhllnng
1352 4395 1389 4446 im
1408 4393 1564 4457 einzelnen,
1585 4394 1638 4447 der
1657 4411 1700 4446 un-

451 4491 624 4556 ausgesetzte
642 4485 762 4540 Bestond
781 4484 818 4538 im
837 4501 950 4552 ganzes.
988 4485 1044 4538 Das
1063 4483 1151 4538 Recht
1169 4483 1207 4537 ist
1224 4482 1301 4536 nicht
1325 4481 1386 4536 eine
1404 4481 1494 4536 blosse
1512 4481 1614 4544 Nom,
1641 4499 1699 4535 son·

451 4576 516 4630 darn
536 4577 596 4629 eine
614 4573 759 4642 Ordnung,
779 4574 804 4627 d.
824 4573 840 4627 i.
861 4574 929 4627 eben
949 4574 1009 4626 eine
1027 4571 1239 4637 verwirklichte,
1258 4575 1329 4626 stets
1347 4570 1468 4638 befolgte
1487 4569 1581 4624 Norm.
1618 4569 1699 4624 Diese

451 4662 673 4731 Notwendigkeit
690 4662 939 4716 unausbleiblioher
956 4660 1119 4727 llrftlllung,
1138 4661 1182 4714 die
1200 4660 1331 4714 hiernach
1350 4660 1387 4713 im
1406 4659 1509 4712 Wasen
1529 4658 1577 4712 des
1596 4657 1697 4712 Rechts

450 4751 531 4818 liegt,
558 4753 665 4805 tuseert
684 4751 742 4804 sich
761 4751 823 4805 dom
841 4750 1049 4804 Widerstrsbsn
1076 4749 1124 4802 des
1142 4748 1289 4803 Einzolnen
1308 4747 1466 4816 gegemlber
1484 4745 1526 4800 als
1543 4748 1698 4816 phyaiocher

450 4841 558 4908 Zwarrp.
573 4879 578 4894 .
594 4879 620 4893 ..
658 4838 872 4908 Solchergestalt
889 4839 927 4892 ist
945 4838 995 4892 das
1013 4836 1102 4891 Recht
1120 4836 1262 4890 einerseits
1287 4836 1347 4889 eine
1366 4835 1561 4903 Aulordernng
1585 4851 1621 4888 an
1647 4837 1695 4888 den

451 4927 552 4982 Willen
572 4959 605 4968 -
625 4929 668 4983 ein
687 4931 813 4982 ethisches
831 4929 920 4997 Gebot,
940 4927 1093 4982 anderseits
1112 4925 1173 4980 eine
1191 4925 1364 4979 mechanisch
1383 4924 1443 4979 sich
1462 4923 1623 4978 erhaltende
1636 4923 1695 4976 Eia·

450 5017 586 5086 richtung.
623 5017 704 5070 Diese
724 5017 909 5088 Doppelnatur
929 5017 966 5070 ist
984 5017 1028 5070 die
1047 5014 1310 5084 Eigenthnrliehkeit
1328 5015 1376 5067 des
1395 5013 1523 5067 Rechts.¹
