3909 5842
436 606 477 671 52
665 594 755 657 Sentio
774 603 794 657 I.
832 602 912 659 Liber
929 602 949 657 I.
989 601 1078 673 Caput
1096 603 1131 659 11.
1167 602 1308 657 Atticulae
1327 604 1352 658 3.
1390 602 1452 671 Μ.

527 785 555 849 1.
580 802 653 847 eam
676 801 782 863 neque
804 780 839 846 in
861 780 973 865 aliqua
995 780 1158 864 qualitate
1174 802 1279 863 neque
1295 781 1328 847 in
1347 800 1440 847 mera
1455 778 1608 863 potentia
1631 780 1682 842 aut

434 887 636 965 habitudine,
665 888 725 953 sed
747 887 781 953 in
803 887 915 971 aliqua
937 888 1113 955 activitnte
1135 888 1313 976 (ἐνέργεια)
1336 887 1436 954 sitam
1459 905 1544 963 esse,
1570 883 1686 967 quippe

436 1016 521 1079 quae
543 993 674 1079 proprie
697 993 740 1059 ad
762 992 993 1077 perficiendam
1017 998 1171 1061 naturam
1194 994 1397 1078 pertineatlz

526 1102 555 1167 2.
580 1120 654 1165 eam
676 1099 885 1167 nativitatem
910 1122 976 1167 non
992 1122 1089 1185 posse
1104 1122 1177 1167 esse
1192 1101 1357 1167 inferioris
1371 1100 1405 1167 in
1421 1099 1557 1167 homine
1573 1096 1684 1183 partia

436 1228 533 1292 quam
557 1226 761 1273 communem
783 1206 906 1273 habeat
927 1227 1001 1273 oum
1025 1206 1155 1275 entibus
1177 1208 1305 1274 ratione
1328 1206 1508 1284 destitutis,
1532 1204 1597 1271 sed
1611 1203 1684 1279 eins,

436 1335 521 1399 quae
550 1317 602 1381 est
631 1313 665 1379 in
695 1334 734 1379 eo
763 1314 1051 1398 praestantissima
1079 1334 1217 1397 eumque
1248 1318 1286 1381 ut
1314 1313 1476 1379 hominem
1503 1309 1684 1392 distinguit

440 1420 577 1500 ,mentis
599 1420 736 1500 scilicet,
761 1421 813 1489 vei
831 1421 987 1504 quidquid
1006 1420 1087 1487 illud
1103 1422 1156 1500 sit,
1181 1420 1269 1504 quod
1284 1420 1416 1488 videtur
1430 1423 1553 1503 suapte
1570 1422 1685 1483 natura

434 1528 469 1594 in
498 1526 592 1593 nobie
620 1526 783 1610 imperare
807 1532 842 1593 et
863 1528 1041 1613 primatum
1065 1531 1187 1607 tenere,
1219 1548 1393 1609 rerumque
1415 1526 1635 1592 honestarum
1657 1528 1685 1587 et

436 1634 619 1701 divinarum
649 1633 816 1701 notionem
845 1634 880 1701 in
909 1654 983 1701 aeae
1011 1634 1188 1713 continere,
1219 1632 1291 1699 sive
1314 1632 1459 1699 divinum
1489 1632 1555 1697 hoc
1584 1629 1683 1714 ipsum
1752 1678 1753 1723 3

435 1740 489 1820 sit,
512 1739 582 1805 eive
598 1760 721 1818 eorum,
744 1739 877 1821 quaein
892 1739 987 1807 nebia
1003 1744 1090 1819 sunt,
1108 1738 1373 1806 divinissimum}
1408 1738 1506 1805 Unde
1522 1734 1685 1801 concludit
1752 1726 1753 1731 ¹

526 1849 556 1912 3.
584 1846 637 1925 ,in
659 1846 756 1913 huius
773 1847 876 1929 igitur
890 1846 1025 1931 energia
1040 1848 1217 1913 secundum
1234 1844 1399 1931 propriam
1416 1844 1580 1910 virtutem
1597 1841 1686 1923 (rard

439 1954 494 2039 τὴν
513 1952 631 2017 οἰκείαν
646 1953 815 2040 ἀρετήν)“,
839 1953 990 2020 nimirum
1014 1953 1048 2019 in
1068 1956 1345 2039 ,cmntcmplationc
1362 1949 1593 2038 (θεωρητική),
1618 1967 1685 2031 per·

436 2059 557 2127 sectam
581 2058 653 2124 tore
673 2060 946 2138 beatitudinem“;
971 2065 1052 2145 puta
1074 2061 1108 2126 in
1129 2058 1406 2143 contemplatione
1421 2076 1533 2122 rerum
1557 2054 1684 2119 illarum

440 2165 668 2244 ,honestarum
685 2186 725 2230 ac
741 2164 943 2233 divinamm·
963 2166 984 2245 (
982 2168 1085 2231 καλῶν
1101 2168 1151 2231 καὶ
1169 2164 1314 2247 tricast.
1350 2162 1388 2227 ln
1408 2162 1471 2229 hac
1486 2160 1561 2245 ipsa
1578 2163 1684 2225 autem

436 2270 721 2357 praestantissima
750 2271 869 2339 mentia
893 2272 1028 2355 energia
1057 2272 1235 2339 secundino
1258 2270 1417 2337 virtutem
1439 2266 1526 2349 (κατ’
1552 2266 1684 2353 dperrjv)

436 2381 606 2445 voluntatis
636 2397 765 2459 quoque
794 2398 973 2461 congruam
1001 2378 1263 2463 cooperationem
1291 2398 1334 2443 ex
1361 2380 1472 2443 mente
1495 2372 1684 2441 Aristotelis

436 2482 667 2568 comprehendi
689 2504 750 2567 per
770 2505 807 2549 se
830 2484 1042 2551 manifestum
1066 2490 1127 2553 est.

518 2586 1684 2676 Interplurimasrationes,quibuspraetereahauchominisfelicitatem

436 2700 606 2777 tamquam
617 2715 805 2778 supremam
817 2697 1036 2775 commendat,
1049 2697 1211 2775 nimirum,
1226 2696 1310 2780 quod
1324 2694 1367 2763 sit
1380 2715 1438 2779 per
1448 2715 1485 2759 se
1495 2692 1605 2777 magis
1614 2713 1684 2776 per-

436 2805 537 2885 petua
545 2800 820 2882 etimmaterialis,
828 2803 957 2870 ratione
965 2803 1578 2889 suiappetibilis,naturaehumanaeut
1586 2800 1683 2865 ratio

435 2906 505 2971 nali
514 2905 648 2991 propria
657 2906 752 2989 eique
762 2908 940 2974 secundum
950 2910 1089 2992 gradum
1098 2930 1284 2993 supremum
1295 2912 1518 2975 consentanea
1528 2912 1603 2985 etc,
1614 2926 1682 2971 eam

437 3011 538 3078 etiam
562 3019 805 3093 commemorat,
830 3014 916 3098 quod
939 3015 1102 3081 hominem
1122 3014 1205 3083 facit
1226 3018 1360 3089 similem
1381 3014 1462 3091 Deo,
1487 3014 1609 3097 quippe
1632 3013 1682 3095 qui

437 3118 715 3203 contemplatione
738 3121 788 3186 sui
812 3104 930 3187 beatus
953 3121 1006 3201 sit,
1032 3142 1169 3205 eumque
1192 3121 1241 3187 illi
1262 3121 1461 3204 familiarem
1484 3120 1627 3186 redditi.

520 3224 678 3290 ¹Ceterum
708 3226 876 3309 subiungit
910 3248 1008 3304 ,sane
1032 3226 1131 3293 etiam
1162 3228 1259 3293 beato
1283 3224 1393 3307 (homo
1418 3247 1490 3291 cum
1523 3223 1582 3306 sit)
1606 3244 1682 3308 opus

437 3350 509 3396 ease
526 3330 637 3413 aliqua
652 3338 864 3399 externorum
887 3334 1045 3399 bonorum
1062 3333 1187 3417 copia“,
1212 3354 1325 3399 verum
1346 3332 1407 3398 hac
1423 3354 1489 3399 non
1509 3334 1680 3398 secundum

441 3437 727 3517 ,abundantiam‘,
752 3440 809 3505 sed
833 3440 1011 3505 secundum
1031 3439 1298 3519 ,sufficientiam“
1311 3442 1340 3517 4;
1365 3440 1451 3521 quod
1471 3438 1600 3505 scilicet
1623 3459 1680 3502 nou

436 3542 541 3626 ipsam
571 3544 808 3611 beatitudinem
837 3545 895 3611 illa
924 3546 1144 3625 constituant,
1175 3546 1233 3611 sed
1261 3546 1304 3612 ad
1325 3546 1458 3611 beatam
1482 3544 1588 3611 vitam
1611 3564 1680 3610 con·

438 3648 636 3731 sequendam
667 3652 866 3718 adminicula
896 3654 1027 3718 tantum
1050 3653 1117 3719 siut
1139 3672 1199 3736 per
1221 3657 1360 3719 naturae
1384 3650 1606 3717 condicionem
1628 3670 1679 3714 ne·

438 3756 582 3821 coenaria
605 3760 641 3822 et
662 3760 801 3823 eatenus
824 3761 952 3823 tantum
977 3759 1164 3841 quaerenda
1172 3761 1195 3825 ⁶.

439 3890 731 3897 -ῃῳὺῄ-.-

528 3959 537 3991 ¹
550 3960 635 4012 Arist.
649 3958 738 4014 Ethic.
750 3958 906 4012 Nicomach.
920 3961 953 4013 A.
967 3960 991 4023 6,
1005 3960 1047 4014 ed.
1061 3962 1173 4030 Bethar,
1198 3960 1275 4025 1098,
1289 3976 1313 4024 a,
1329 3960 1376 4014 12:
1392 3961 1416 4011 εἰ
1428 3956 1453 4011 δ’
1467 3960 1562 4023 οὕτως,
1580 3960 1676 4021 ἀνθρώ-

439 4065 490 4101 noc
509 4048 540 4101 dt
552 4048 660 4111 τίθεμεν
672 4046 752 4115 ἔργον
766 4049 836 4116 ζωήν
848 4066 913 4111 τινα,
934 4049 1032 4118 ταύτην
1045 4050 1075 4102 δὲ
1087 4052 1177 4121 ψυχῆς
1189 4050 1325 4118 ἐνέργειαν
1337 4049 1380 4101 καὶ
1394 4049 1505 4116 πράξεις
1514 4048 1583 4111 μετὰ
1593 4046 1675 4115 λόγον.

439 4136 586 4189 σπουδαίου
605 4130 629 4188 δ’
650 4135 748 4203 ἀνδρὸς
766 4135 796 4189 εὖ
815 4132 900 4188 ταῦτα
919 4137 962 4189 καὶ
979 4138 1075 4203 καλῶς,
1095 4138 1206 4191 ἕκαστον
1225 4134 1249 4191 0⁹
1272 4136 1302 4191 εὖ
1321 4136 1389 4191 κατὰ
1408 4138 1455 4206 τὴν
1474 4138 1570 4190 cirrium
1588 4135 1674 4203 ἀρετὴν

439 4224 618 4277 ἀποτελεῖται·
638 4224 662 4275 εἰ
682 4219 706 4275 d'
726 4222 805 4289 οὕτω,
825 4226 855 4277 τὸ
874 4226 1039 4290 ἀνθρώπινον
1058 4228 1164 4295 ἀγαθὸν
1181 4230 1271 4297 ψυχῆς
1291 4228 1411 4296 ἐνέργεια
1431 4228 1530 4295 γίνεται
1547 4222 1600 4277 τοτ’
1617 4224 1673 4290 ἀρε-

439 4313 493 4383 τήν,
512 4314 536 4364 ai
554 4314 585 4364 δὲ
604 4312 709 4372 πλείους
727 4314 755 4365 αἱ
768 4314 869 4379 ἀρεταί,
888 4316 956 4366 κατὰ
969 4316 1016 4384 τὴν
1029 4316 1137 4385 ἀρίστην
1149 4316 1192 4367 καὶ
1206 4316 1379 4384 τελειοτάτην,
1394 4314 1431 4367 ἔτι
1445 4310 1469 4368 δ’
1483 4318 1512 4367 ἐν
1521 4315 1571 4383 βίῳ
1583 4314 1672 4379 τελείῳ.

530 4400 598 4456 ¹112.
619 4402 660 4465 10,
680 4401 704 4465 7,
725 4400 798 4466 1177,
818 4418 842 4466 a,
863 4402 981 4464 10-15;
1000 4402 1033 4456 de
1053 4404 1146 4457 eodem
1165 4407 1325 4472 argumento
1344 4404 1402 4471 agit
1421 4402 1457 4457 ib.
1476 4421 1500 4457 ο.
1521 4402 1586 4472 Bsq.

530 4488 596 4543 ⁸Ib.
619 4488 660 4553 10,
680 4489 697 4543 8
717 4488 794 4543 1178.
814 4490 840 4554 1),
859 4490 908 4554 20;
928 4490 1086 4561 Metaphys.
1106 4490 1123 4545 l.
1146 4492 1186 4557 12,
1206 4493 1231 4546 7.

530 4580 540 4609 ⁴
560 4576 727 4631 Ε1111ο.Ν1ο.
748 4578 789 4639 10,
808 4578 825 4633 8
846 4579 923 4641 1179,
942 4597 967 4643 a,
989 4580 1030 4633 10.

531 4666 541 4697 ⁶
560 4665 717 4719 Aristotelis
736 4666 769 4719 de
788 4666 956 4721 beatitudine
974 4670 1138 4723 senteutiam
1158 4668 1315 4737 frequenter
1328 4668 1441 4739 respicit
1455 4670 1483 4723 S.
1501 4666 1666 4721 momontum

440 4754 469 4808 iu
486 4754 561 4808 illins
581 4754 764 4823 expositione,
790 4758 848 4808 tum
868 4756 947 4822 alibi,
967 4762 1013 4813 ut:
1034 4756 1060 4812 S.
1080 4756 1162 4811 theol.
1184 4760 1214 4822 l,
1234 4758 1265 4822 2,
1292 4774 1318 4826 q.
1339 4758 1370 4822 3,
1390 4774 1413 4811 a.
1434 4758 1466 4821 5;
1493 4776 1519 4827 q.
1537 4758 1566 4819 4,
1583 4772 1604 4809 ιι.
1622 4751 1666 4806 12

441 4843 544 4907 678;
570 4860 595 4913 p.
617 4843 647 4907 1,
674 4860 700 4911 q.
719 4842 768 4907 62,
795 4862 819 4899 a.
849 4846 878 4908 1;
904 4844 1005 4900 Contra
1033 4846 1135 4901 Gentes
1161 4848 1191 4909 3,
1221 4848 1265 4900 44.
1302 4846 1343 4900 De
1369 4846 1462 4900 eadem
1487 4847 1545 4915 agit
1568 4846 1664 4899 Suom.

440 4932 597 5002 Mataphye.
617 4931 686 5001 disp.
707 4933 749 4996 30,
769 4936 837 4987 sect.
858 4934 905 4992 11;
925 4934 965 4987 De
984 4934 1037 4989 fine
1055 4934 1126 4989 horn.
1146 4936 1215 5005 disp.
1238 4936 1278 4999 15,
1298 4938 1364 4989 sect
1386 4936 1409 4989 1.
