<?xml version="1.0" encoding="UTF-8"?>
<!DOCTYPE html PUBLIC "-//W3C//DTD XHTML 1.0 Transitional//EN"
    "http://www.w3.org/TR/xhtml1/DTD/xhtml1-transitional.dtd">
<html xmlns="http://www.w3.org/1999/xhtml" xml:lang="en" lang="en">
 <head>
  <title>
</title>
<meta http-equiv="Content-Type" content="text/html;charset=utf-8" />
  <meta name='ocr-system' content='tesseract 3.04.00' />
  <meta name='ocr-capabilities' content='ocr_page ocr_carea ocr_par ocr_line ocrx_word'/>
</head>
<body>
  <div class='ocr_page' id='page_1' title='image "./institutionesiu00meyegoog_0489.png"; bbox 0 0 3909 5842; ppageno 0'>
   <div class='ocr_carea' id='block_1_1' title="bbox 465 655 1546 728">
    <p class='ocr_par' dir='ltr' id='par_1_1' title="bbox 465 655 1546 728">
     <span class='ocr_line' id='line_1_1' title="bbox 465 655 1546 728; baseline 0.005 -19"><span class='ocrx_word' id='word_1_1' title='bbox 465 655 536 711; x_wconf 86' lang='lat' dir='ltr'>Iuris</span> <span class='ocrx_word' id='word_1_2' title='bbox 554 656 616 710; x_wconf 87' lang='lat' dir='ltr'>idea</span> <span class='ocrx_word' id='word_1_3' title='bbox 635 674 670 710; x_wconf 85' lang='lat' dir='ltr'>ax</span> <span class='ocrx_word' id='word_1_4' title='bbox 688 656 814 711; x_wconf 85' lang='lat' dir='ltr'>absoluto</span> <span class='ocrx_word' id='word_1_5' title='bbox 832 656 964 727; x_wconf 89' lang='lat' dir='ltr'>principio</span> <span class='ocrx_word' id='word_1_6' title='bbox 983 656 1167 728; x_wconf 87' lang='lat' dir='ltr'>pantheistico</span> <span class='ocrx_word' id='word_1_7' title='bbox 1185 686 1220 695; x_wconf 96' lang='lat'><em>-</em></span> <span class='ocrx_word' id='word_1_8' title='bbox 1239 656 1387 725; x_wconf 75' lang='lat' dir='ltr'>schelling.</span> <span class='ocrx_word' id='word_1_9' title='bbox 1481 661 1546 725; x_wconf 83' lang='grc'>437</span> 
     </span>
    </p>
   </div>
   <div class='ocr_carea' id='block_1_2' title="bbox 297 831 1551 2941">
    <p class='ocr_par' dir='ltr' id='par_1_2' title="bbox 297 831 1551 2941">
     <span class='ocr_line' id='line_1_2' title="bbox 298 831 1547 917; baseline 0.001 -19"><span class='ocrx_word' id='word_1_10' title='bbox 298 833 385 900; x_wconf 85' lang='grc'><strong>111188</strong></span> <span class='ocrx_word' id='word_1_11' title='bbox 413 832 641 917; x_wconf 81' lang='lat' dir='ltr'>„systematis“</span> <span class='ocrx_word' id='word_1_12' title='bbox 669 832 937 915; x_wconf 83' lang='lat' dir='ltr'>consequentiam</span> <span class='ocrx_word' id='word_1_13' title='bbox 959 831 1040 898; x_wconf 91' lang='lat' dir='ltr'>iuris</span> <span class='ocrx_word' id='word_1_14' title='bbox 1063 834 1223 901; x_wconf 88' lang='lat' dir='ltr'>naturalis</span> <span class='ocrx_word' id='word_1_15' title='bbox 1239 833 1405 901; x_wconf 89' lang='lat' dir='ltr'>tractandi</span> <span class='ocrx_word' id='word_1_16' title='bbox 1420 833 1547 900; x_wconf 89' lang='lat' dir='ltr'>matho-</span> 
     </span>
     <span class='ocr_line' id='line_1_3' title="bbox 299 939 1548 1027; baseline 0.002 -23"><span class='ocrx_word' id='word_1_17' title='bbox 299 939 373 1005; x_wconf 90' lang='lat' dir='ltr'>dum</span> <span class='ocrx_word' id='word_1_18' title='bbox 405 940 574 1008; x_wconf 88' lang='lat' dir='ltr'>abstractc</span> <span class='ocrx_word' id='word_1_19' title='bbox 601 940 873 1008; x_wconf 86' lang='lat' dir='ltr'>rationalisticam</span> <span class='ocrx_word' id='word_1_20' title='bbox 903 942 1008 1020; x_wconf 87' lang='lat' dir='ltr'>reicit,</span> <span class='ocrx_word' id='word_1_21' title='bbox 1036 941 1166 1007; x_wconf 75' lang='lat' dir='ltr'>ut⁸cius</span> <span class='ocrx_word' id='word_1_22' title='bbox 1189 941 1261 1007; x_wconf 92' lang='lat' dir='ltr'>loco</span> <span class='ocrx_word' id='word_1_23' title='bbox 1284 942 1548 1027; x_wconf 82' lang='lat' dir='ltr'>historico-phito-</span> 
     </span>
     <span class='ocr_line' id='line_1_4' title="bbox 297 1046 1547 1131; baseline 0.001 -21"><span class='ocrx_word' id='word_1_24' title='bbox 297 1046 458 1131; x_wconf 84' lang='lat' dir='ltr'>aophicam</span> <span class='ocrx_word' id='word_1_25' title='bbox 470 1047 685 1115; x_wconf 90' lang='lat' dir='ltr'>commendet.</span> <span class='ocrx_word' id='word_1_26' title='bbox 707 1048 753 1115; x_wconf 83' lang='grc'>111</span> <span class='ocrx_word' id='word_1_27' title='bbox 763 1068 881 1115; x_wconf 88' lang='lat' dir='ltr'>revera</span> <span class='ocrx_word' id='word_1_28' title='bbox 890 1048 923 1114; x_wconf 93' lang='lat' dir='ltr'>in</span> <span class='ocrx_word' id='word_1_29' title='bbox 935 1049 1005 1114; x_wconf 87' lang='lat' dir='ltr'>eius</span> <span class='ocrx_word' id='word_1_30' title='bbox 1019 1047 1334 1126; x_wconf 84' lang='lat' dir='ltr'>,transscendentali</span> <span class='ocrx_word' id='word_1_31' title='bbox 1343 1047 1547 1125; x_wconf 87' lang='lat' dir='ltr'>idealismo“‚</span> 
     </span>
     <span class='ocr_line' id='line_1_5' title="bbox 298 1154 1548 1240; baseline 0.001 -23"><span class='ocrx_word' id='word_1_32' title='bbox 298 1172 393 1235; x_wconf 92' lang='lat' dir='ltr'>quem</span> <span class='ocrx_word' id='word_1_33' title='bbox 418 1158 525 1231; x_wconf 86' lang='lat' dir='ltr'>vocat,</span> <span class='ocrx_word' id='word_1_34' title='bbox 550 1154 705 1221; x_wconf 90' lang='lat' dir='ltr'>universa</span> <span class='ocrx_word' id='word_1_35' title='bbox 727 1154 806 1221; x_wconf 89' lang='lat' dir='ltr'>iuris</span> <span class='ocrx_word' id='word_1_36' title='bbox 830 1155 1037 1240; x_wconf 79' lang='lat' dir='ltr'>philosophia</span> <span class='ocrx_word' id='word_1_37' title='bbox 1059 1155 1208 1240; x_wconf 86' lang='lat' dir='ltr'>proxima</span> <span class='ocrx_word' id='word_1_38' title='bbox 1232 1154 1362 1237; x_wconf 91' lang='lat' dir='ltr'>quidem</span> <span class='ocrx_word' id='word_1_39' title='bbox 1385 1154 1427 1221; x_wconf 90' lang='lat' dir='ltr'>ad</span> <span class='ocrx_word' id='word_1_40' title='bbox 1443 1154 1548 1238; x_wconf 91' lang='lat' dir='ltr'>pbilo-</span> 
     </span>
     <span class='ocr_line' id='line_1_6' title="bbox 299 1258 1548 1345; baseline 0.002 -22"><span class='ocrx_word' id='word_1_41' title='bbox 299 1258 445 1343; x_wconf 84' lang='lat' dir='ltr'>sophiam</span> <span class='ocrx_word' id='word_1_42' title='bbox 476 1260 617 1326; x_wconf 89' lang='lat' dir='ltr'>absoluti</span> <span class='ocrx_word' id='word_1_43' title='bbox 644 1260 779 1327; x_wconf 85' lang='lat' dir='ltr'>moralis</span> <span class='ocrx_word' id='word_1_44' title='bbox 803 1261 982 1345; x_wconf 86' lang='lat' dir='ltr'>organismi</span> <span class='ocrx_word' id='word_1_45' title='bbox 1005 1262 1065 1327; x_wconf 91' lang='lat' dir='ltr'>sub</span> <span class='ocrx_word' id='word_1_46' title='bbox 1089 1260 1197 1327; x_wconf 83' lang='lat' dir='ltr'>forma</span> <span class='ocrx_word' id='word_1_47' title='bbox 1219 1264 1328 1327; x_wconf 87' lang='lat' dir='ltr'>status</span> <span class='ocrx_word' id='word_1_48' title='bbox 1351 1259 1473 1344; x_wconf 81' lang='lat' dir='ltr'>publici</span> <span class='ocrx_word' id='word_1_49' title='bbox 1495 1278 1548 1325; x_wconf 89' lang='lat' dir='ltr'>re·</span> 
     </span>
     <span class='ocr_line' id='line_1_7' title="bbox 299 1364 1549 1455; baseline 0.001 -25"><span class='ocrx_word' id='word_1_50' title='bbox 299 1364 428 1431; x_wconf 87' lang='lat' dir='ltr'>ducitur</span> <span class='ocrx_word' id='word_1_51' title='bbox 455 1370 489 1432; x_wconf 89' lang='lat' dir='ltr'>et</span> <span class='ocrx_word' id='word_1_52' title='bbox 511 1366 608 1432; x_wconf 89' lang='lat' dir='ltr'>simul</span> <span class='ocrx_word' id='word_1_53' title='bbox 632 1388 704 1433; x_wconf 90' lang='lat' dir='ltr'>cum</span> <span class='ocrx_word' id='word_1_54' title='bbox 728 1367 790 1433; x_wconf 91' lang='lat' dir='ltr'>hac</span> <span class='ocrx_word' id='word_1_55' title='bbox 813 1367 902 1435; x_wconf 92' lang='lat' dir='ltr'>intra</span> <span class='ocrx_word' id='word_1_56' title='bbox 921 1369 1157 1455; x_wconf 80' lang='lat' dir='ltr'>philosophiam</span> <span class='ocrx_word' id='word_1_57' title='bbox 1179 1369 1332 1434; x_wconf 76' lang='lat' dir='ltr'>historiae</span> <span class='ocrx_word' id='word_1_58' title='bbox 1354 1388 1449 1432; x_wconf 92' lang='lat' dir='ltr'>suum</span> <span class='ocrx_word' id='word_1_59' title='bbox 1471 1386 1549 1450; x_wconf 89' lang='lat' dir='ltr'>pro-</span> 
     </span>
     <span class='ocr_line' id='line_1_8' title="bbox 298 1471 1546 1560; baseline 0 -23"><span class='ocrx_word' id='word_1_60' title='bbox 298 1471 404 1555; x_wconf 90' lang='lat' dir='ltr'>prium</span> <span class='ocrx_word' id='word_1_61' title='bbox 428 1472 534 1538; x_wconf 92' lang='lat' dir='ltr'>locum</span> <span class='ocrx_word' id='word_1_62' title='bbox 551 1472 686 1541; x_wconf 88' lang='lat' dir='ltr'>obtinet.</span> <span class='ocrx_word' id='word_1_63' title='bbox 719 1472 892 1557; x_wconf 90' lang='lat' dir='ltr'>Reliquum</span> <span class='ocrx_word' id='word_1_64' title='bbox 909 1474 1069 1541; x_wconf 89' lang='lat' dir='ltr'>scientiae</span> <span class='ocrx_word' id='word_1_65' title='bbox 1085 1473 1244 1540; x_wconf 88' lang='lat' dir='ltr'>ambitum</span> <span class='ocrx_word' id='word_1_66' title='bbox 1260 1473 1331 1539; x_wconf 90' lang='lat' dir='ltr'>fara</span> <span class='ocrx_word' id='word_1_67' title='bbox 1344 1474 1546 1560; x_wconf 79' lang='lat' dir='ltr'>philosophia</span> 
     </span>
     <span class='ocr_line' id='line_1_9' title="bbox 299 1578 1549 1666; baseline 0.001 -22"><span class='ocrx_word' id='word_1_68' title='bbox 299 1586 437 1645; x_wconf 69' lang='lat' dir='ltr'>araturae</span> <span class='ocrx_word' id='word_1_69' title='bbox 471 1582 618 1664; x_wconf 89' lang='lat' dir='ltr'>occupat.</span> <span class='ocrx_word' id='word_1_70' title='bbox 665 1578 755 1656; x_wconf 83' lang='lat' dir='ltr'>Quae</span> <span class='ocrx_word' id='word_1_71' title='bbox 787 1580 1013 1666; x_wconf 88' lang='lat' dir='ltr'>philosophiae</span> <span class='ocrx_word' id='word_1_72' title='bbox 1044 1580 1181 1665; x_wconf 87' lang='lat' dir='ltr'>partitio</span> <span class='ocrx_word' id='word_1_73' title='bbox 1212 1581 1390 1665; x_wconf 77' lang='lat' dir='ltr'>respondet</span> <span class='ocrx_word' id='word_1_74' title='bbox 1421 1580 1549 1645; x_wconf 88' lang='lat' dir='ltr'>formae</span> 
     </span>
     <span class='ocr_line' id='line_1_10' title="bbox 299 1684 1550 1770; baseline -0.001 -20"><span class='ocrx_word' id='word_1_75' title='bbox 299 1684 430 1769; x_wconf 90' lang='lat' dir='ltr'>duplici,</span> <span class='ocrx_word' id='word_1_76' title='bbox 461 1705 526 1769; x_wconf 91' lang='lat' dir='ltr'>qua</span> <span class='ocrx_word' id='word_1_77' title='bbox 555 1684 589 1750; x_wconf 92' lang='lat' dir='ltr'>in</span> <span class='ocrx_word' id='word_1_78' title='bbox 618 1686 738 1752; x_wconf 91' lang='lat' dir='ltr'>mundo</span> <span class='ocrx_word' id='word_1_79' title='bbox 769 1687 850 1753; x_wconf 90' lang='lat' dir='ltr'>reali</span> <span class='ocrx_word' id='word_1_80' title='bbox 883 1684 918 1752; x_wconf 79' lang='lat' dir='ltr'>rh</span> <span class='ocrx_word' id='word_1_81' title='bbox 948 1688 1133 1753; x_wconf 87' lang='lat' dir='ltr'>absolutum</span> <span class='ocrx_word' id='word_1_82' title='bbox 1158 1686 1331 1770; x_wconf 89' lang='lat' dir='ltr'>(identitas</span> <span class='ocrx_word' id='word_1_83' title='bbox 1353 1684 1492 1751; x_wconf 88' lang='lat' dir='ltr'>subiecti</span> <span class='ocrx_word' id='word_1_84' title='bbox 1515 1688 1550 1750; x_wconf 91' lang='lat' dir='ltr'>et</span> 
     </span>
     <span class='ocr_line' id='line_1_11' title="bbox 299 1788 1549 1877; baseline 0.001 -21"><span class='ocrx_word' id='word_1_85' title='bbox 299 1791 638 1859; x_wconf 87' lang='lat' dir='ltr'>obiecti—absoluta</span> <span class='ocrx_word' id='word_1_86' title='bbox 660 1792 799 1859; x_wconf 90' lang='lat' dir='ltr'>ratio-</span> <span class='ocrx_word' id='word_1_87' title='bbox 815 1794 991 1877; x_wconf 89' lang='lat' dir='ltr'>aliquando</span> <span class='ocrx_word' id='word_1_88' title='bbox 1015 1794 1115 1861; x_wconf 90' lang='lat' dir='ltr'>etiam</span> <span class='ocrx_word' id='word_1_89' title='bbox 1140 1792 1251 1858; x_wconf 89' lang='lat' dir='ltr'>anima</span> <span class='ocrx_word' id='word_1_90' title='bbox 1273 1791 1385 1857; x_wconf 91' lang='lat' dir='ltr'>mundi</span> <span class='ocrx_word' id='word_1_91' title='bbox 1402 1788 1549 1877; x_wconf 79' lang='lat' dir='ltr'>[„Welt·</span> 
     </span>
     <span class='ocr_line' id='line_1_12' title="bbox 297 1894 1547 1983; baseline -0.002 -20"><span class='ocrx_word' id='word_1_92' title='bbox 297 1894 421 1981; x_wconf 83' lang='lat' dir='ltr'>seele“]</span> <span class='ocrx_word' id='word_1_93' title='bbox 453 1898 655 1981; x_wconf 88' lang='lat' dir='ltr'>nuncupata)</span> <span class='ocrx_word' id='word_1_94' title='bbox 684 1902 854 1983; x_wconf 78' lang='lat' dir='ltr'>tamquam</span> <span class='ocrx_word' id='word_1_95' title='bbox 884 1920 957 1965; x_wconf 90' lang='lat' dir='ltr'>curn</span> <span class='ocrx_word' id='word_1_96' title='bbox 988 1898 1076 1965; x_wconf 92' lang='lat' dir='ltr'>omni</span> <span class='ocrx_word' id='word_1_97' title='bbox 1108 1918 1181 1963; x_wconf 88' lang='lat' dir='ltr'>asse</span> <span class='ocrx_word' id='word_1_98' title='bbox 1207 1897 1241 1963; x_wconf 92' lang='lat' dir='ltr'>in</span> <span class='ocrx_word' id='word_1_99' title='bbox 1270 1918 1307 1963; x_wconf 92' lang='lat' dir='ltr'>se</span> <span class='ocrx_word' id='word_1_100' title='bbox 1339 1896 1547 1962; x_wconf 89' lang='lat' dir='ltr'>considerato</span> 
     </span>
     <span class='ocr_line' id='line_1_13' title="bbox 298 2002 1550 2085; baseline 0 -17"><span class='ocrx_word' id='word_1_101' title='bbox 298 2002 498 2070; x_wconf 86' lang='lat' dir='ltr'>identicum¹</span> <span class='ocrx_word' id='word_1_102' title='bbox 522 2025 596 2070; x_wconf 90' lang='grc'><strong>8888</strong></span> <span class='ocrx_word' id='word_1_103' title='bbox 619 2004 717 2071; x_wconf 89' lang='lat' dir='ltr'>ideali</span> <span class='ocrx_word' id='word_1_104' title='bbox 740 2006 938 2073; x_wconf 87' lang='lat' dir='ltr'>necessitate</span> <span class='ocrx_word' id='word_1_105' title='bbox 961 2005 1165 2085; x_wconf 86' lang='lat' dir='ltr'>manifestat,</span> <span class='ocrx_word' id='word_1_106' title='bbox 1190 2004 1341 2069; x_wconf 91' lang='lat' dir='ltr'>nimirum</span> <span class='ocrx_word' id='word_1_107' title='bbox 1364 2005 1398 2068; x_wconf 93' lang='lat' dir='ltr'>in</span> <span class='ocrx_word' id='word_1_108' title='bbox 1414 2005 1550 2069; x_wconf 79' lang='lat' dir='ltr'>historia</span> 
     </span>
     <span class='ocr_line' id='line_1_14' title="bbox 299 2109 1549 2194; baseline -0.002 -18"><span class='ocrx_word' id='word_1_109' title='bbox 299 2110 389 2177; x_wconf 88' lang='lat' dir='ltr'>etin</span> <span class='ocrx_word' id='word_1_110' title='bbox 412 2119 543 2178; x_wconf 81' lang='lat' dir='ltr'>natura.</span> <span class='ocrx_word' id='word_1_111' title='bbox 578 2111 616 2176; x_wconf 92' lang='lat' dir='ltr'>ln</span> <span class='ocrx_word' id='word_1_112' title='bbox 640 2114 776 2179; x_wconf 80' lang='lat' dir='ltr'>historia</span> <span class='ocrx_word' id='word_1_113' title='bbox 800 2109 836 2178; x_wconf 80' lang='grc' dir='ltr'>τὸ</span> <span class='ocrx_word' id='word_1_114' title='bbox 858 2113 1045 2179; x_wconf 90' lang='lat' dir='ltr'>absolutum</span> <span class='ocrx_word' id='word_1_115' title='bbox 1068 2133 1104 2177; x_wconf 91' lang='lat' dir='ltr'>sa</span> <span class='ocrx_word' id='word_1_116' title='bbox 1128 2110 1321 2178; x_wconf 86' lang='lat' dir='ltr'>manifestat</span> <span class='ocrx_word' id='word_1_117' title='bbox 1342 2130 1403 2194; x_wconf 89' lang='lat' dir='ltr'>par</span> <span class='ocrx_word' id='word_1_118' title='bbox 1416 2110 1549 2175; x_wconf 89' lang='lat' dir='ltr'>modum</span> 
     </span>
     <span class='ocr_line' id='line_1_15' title="bbox 298 2215 1548 2304; baseline -0.003 -21"><span class='ocrx_word' id='word_1_119' title='bbox 298 2217 462 2285; x_wconf 85' lang='lat' dir='ltr'>libertatis</span> <span class='ocrx_word' id='word_1_120' title='bbox 493 2218 526 2281; x_wconf 93' lang='lat' dir='ltr'>in</span> <span class='ocrx_word' id='word_1_121' title='bbox 549 2220 707 2302; x_wconf 88' lang='lat' dir='ltr'>tempora,</span> <span class='ocrx_word' id='word_1_122' title='bbox 739 2222 773 2285; x_wconf 86' lang='lat' dir='ltr'>et</span> <span class='ocrx_word' id='word_1_123' title='bbox 796 2226 912 2284; x_wconf 86' lang='lat' dir='ltr'>statam</span> <span class='ocrx_word' id='word_1_124' title='bbox 933 2219 1096 2304; x_wconf 85' lang='lat' dir='ltr'>patticam</span> <span class='ocrx_word' id='word_1_125' title='bbox 1120 2216 1254 2283; x_wconf 87' lang='lat' dir='ltr'>exhibet</span> <span class='ocrx_word' id='word_1_126' title='bbox 1276 2219 1445 2299; x_wconf 86' lang='lat' dir='ltr'>tamquam</span> <span class='ocrx_word' id='word_1_127' title='bbox 1472 2215 1548 2293; x_wconf 79' lang='lat' dir='ltr'>„ob-</span> 
     </span>
     <span class='ocr_line' id='line_1_16' title="bbox 298 2322 1549 2406; baseline -0.002 -17"><span class='ocrx_word' id='word_1_128' title='bbox 298 2322 453 2389; x_wconf 87' lang='lat' dir='ltr'>iectivum</span> <span class='ocrx_word' id='word_1_129' title='bbox 486 2324 707 2406; x_wconf 87' lang='lat' dir='ltr'>organismum</span> <span class='ocrx_word' id='word_1_130' title='bbox 740 2324 923 2391; x_wconf 82' lang='lat' dir='ltr'>libertatis“</span> <span class='ocrx_word' id='word_1_131' title='bbox 960 2346 1019 2390; x_wconf 90' lang='lat' dir='ltr'>sau</span> <span class='ocrx_word' id='word_1_132' title='bbox 1050 2322 1259 2402; x_wconf 84' lang='lat' dir='ltr'>„barmoniae</span> <span class='ocrx_word' id='word_1_133' title='bbox 1282 2322 1491 2389; x_wconf 86' lang='lat' dir='ltr'>necessitatis</span> <span class='ocrx_word' id='word_1_134' title='bbox 1515 2325 1549 2387; x_wconf 89' lang='lat' dir='ltr'>et</span> 
     </span>
     <span class='ocr_line' id='line_1_17' title="bbox 299 2428 1551 2514; baseline -0.001 -21"><span class='ocrx_word' id='word_1_135' title='bbox 299 2429 508 2497; x_wconf 77' lang='grc'>111)8818118“2</span> <span class='ocrx_word' id='word_1_136' title='bbox 532 2434 566 2495; x_wconf 88' lang='grc'>81</span> <span class='ocrx_word' id='word_1_137' title='bbox 589 2430 622 2495; x_wconf 85' lang='grc'>18</span> <span class='ocrx_word' id='word_1_138' title='bbox 647 2452 685 2496; x_wconf 90' lang='grc'>88</span> <span class='ocrx_word' id='word_1_139' title='bbox 710 2435 794 2497; x_wconf 84' lang='lat' dir='ltr'>iuris</span> <span class='ocrx_word' id='word_1_140' title='bbox 816 2432 961 2497; x_wconf 86' lang='lat' dir='ltr'>ordinem</span> <span class='ocrx_word' id='word_1_141' title='bbox 985 2434 1155 2514; x_wconf 88' lang='lat' dir='ltr'>tamquam</span> <span class='ocrx_word' id='word_1_142' title='bbox 1174 2428 1371 2495; x_wconf 88' lang='lat' dir='ltr'>obiectivam</span> <span class='ocrx_word' id='word_1_143' title='bbox 1387 2428 1457 2493; x_wconf 89' lang='lat' dir='ltr'>eius</span> <span class='ocrx_word' id='word_1_144' title='bbox 1473 2448 1551 2493; x_wconf 93' lang='lat' dir='ltr'>con·</span> 
     </span>
     <span class='ocr_line' id='line_1_18' title="bbox 300 2534 1551 2620; baseline -0.002 -19"><span class='ocrx_word' id='word_1_145' title='bbox 300 2535 475 2613; x_wconf 87' lang='lat' dir='ltr'>dicionam;</span> <span class='ocrx_word' id='word_1_146' title='bbox 506 2541 681 2619; x_wconf 90' lang='lat' dir='ltr'>utrumque</span> <span class='ocrx_word' id='word_1_147' title='bbox 712 2540 823 2603; x_wconf 87' lang='lat' dir='ltr'>autem</span> <span class='ocrx_word' id='word_1_148' title='bbox 850 2558 915 2603; x_wconf 90' lang='lat' dir='ltr'>non</span> <span class='ocrx_word' id='word_1_149' title='bbox 939 2542 977 2604; x_wconf 92' lang='lat' dir='ltr'>ut</span> <span class='ocrx_word' id='word_1_150' title='bbox 999 2536 1122 2620; x_wconf 83' lang='lat' dir='ltr'>aliquid</span> <span class='ocrx_word' id='word_1_151' title='bbox 1146 2558 1167 2601; x_wconf 91' lang='lat' dir='ltr'>a</span> <span class='ocrx_word' id='word_1_152' title='bbox 1189 2535 1301 2601; x_wconf 85' lang='lat' dir='ltr'>liberis</span> <span class='ocrx_word' id='word_1_153' title='bbox 1324 2534 1551 2601; x_wconf 88' lang='lat' dir='ltr'>voluntatibus</span> 
     </span>
     <span class='ocr_line' id='line_1_19' title="bbox 298 2640 1549 2727; baseline -0.002 -21"><span class='ocrx_word' id='word_1_154' title='bbox 298 2641 473 2708; x_wconf 87' lang='lat' dir='ltr'>individuis</span> <span class='ocrx_word' id='word_1_155' title='bbox 497 2642 673 2722; x_wconf 87' lang='lat' dir='ltr'>resultans,</span> <span class='ocrx_word' id='word_1_156' title='bbox 697 2644 756 2711; x_wconf 90' lang='lat' dir='ltr'>sed</span> <span class='ocrx_word' id='word_1_157' title='bbox 779 2647 948 2727; x_wconf 90' lang='lat' dir='ltr'>tamquam</span> <span class='ocrx_word' id='word_1_158' title='bbox 972 2646 1192 2709; x_wconf 82' lang='lat' dir='ltr'>immediatam</span> <span class='ocrx_word' id='word_1_159' title='bbox 1214 2641 1394 2727; x_wconf 89' lang='lat' dir='ltr'>apparendi</span> <span class='ocrx_word' id='word_1_160' title='bbox 1409 2640 1549 2706; x_wconf 85' lang='lat' dir='ltr'>formam</span> 
     </span>
     <span class='ocr_line' id='line_1_20' title="bbox 300 2746 1550 2833; baseline -0.004 -18"><span class='ocrx_word' id='word_1_161' title='bbox 300 2752 436 2815; x_wconf 77' lang='lat' dir='ltr'>rationis</span> <span class='ocrx_word' id='word_1_162' title='bbox 466 2758 494 2815; x_wconf 81' lang='lat' dir='ltr'>et</span> <span class='ocrx_word' id='word_1_163' title='bbox 522 2753 693 2815; x_wconf 82' lang='lat' dir='ltr'>voluntatis</span> <span class='ocrx_word' id='word_1_164' title='bbox 722 2746 941 2817; x_wconf 58' lang='lat' dir='ltr'>aniversalis(</span> <span class='ocrx_word' id='word_1_165' title='bbox 972 2749 1080 2826; x_wconf 83' lang='lat' dir='ltr'>Quare</span> <span class='ocrx_word' id='word_1_166' title='bbox 1110 2754 1219 2815; x_wconf 90' lang='lat' dir='ltr'>status</span> <span class='ocrx_word' id='word_1_167' title='bbox 1248 2746 1398 2833; x_wconf 89' lang='lat' dir='ltr'>publicus</span> <span class='ocrx_word' id='word_1_168' title='bbox 1424 2768 1489 2811; x_wconf 93' lang='lat' dir='ltr'>non</span> <span class='ocrx_word' id='word_1_169' title='bbox 1513 2748 1550 2810; x_wconf 90' lang='lat' dir='ltr'>ut</span> 
     </span>
     <span class='ocr_line' id='line_1_21' title="bbox 299 2850 1549 2941; baseline -0.004 -20"><span class='ocrx_word' id='word_1_170' title='bbox 299 2854 434 2941; x_wconf 91' lang='lat' dir='ltr'>politiae</span> <span class='ocrx_word' id='word_1_171' title='bbox 457 2860 587 2923; x_wconf 88' lang='lat' dir='ltr'>tanturn</span> <span class='ocrx_word' id='word_1_172' title='bbox 611 2856 799 2923; x_wconf 89' lang='lat' dir='ltr'>institutum</span> <span class='ocrx_word' id='word_1_173' title='bbox 818 2857 860 2923; x_wconf 91' lang='lat' dir='ltr'>ad</span> <span class='ocrx_word' id='word_1_174' title='bbox 876 2856 1033 2924; x_wconf 89' lang='lat' dir='ltr'>tuendam</span> <span class='ocrx_word' id='word_1_175' title='bbox 1049 2856 1252 2940; x_wconf 80' lang='lat' dir='ltr'>singulorum</span> <span class='ocrx_word' id='word_1_176' title='bbox 1268 2854 1467 2931; x_wconf 88' lang='lat' dir='ltr'>libertatern,</span> <span class='ocrx_word' id='word_1_177' title='bbox 1491 2850 1549 2917; x_wconf 88' lang='lat' dir='ltr'>sed</span> 
     </span>
    </p>
   </div>
   <div class='ocr_carea' id='block_1_3' title="bbox 300 2958 1552 3578">
    <p class='ocr_par' dir='ltr' id='par_1_3' title="bbox 301 2958 1549 3048">
     <span class='ocr_line' id='line_1_22' title="bbox 301 2958 1549 3048; baseline -0.002 -22"><span class='ocrx_word' id='word_1_178' title='bbox 301 2981 342 3026; x_wconf 86' lang='lat' dir='ltr'>ex</span> <span class='ocrx_word' id='word_1_179' title='bbox 365 2962 447 3027; x_wconf 88' lang='lat' dir='ltr'>ideis</span> <span class='ocrx_word' id='word_1_180' title='bbox 474 2963 635 3041; x_wconf 76' lang='lat' dir='ltr'>„absoluti</span> <span class='ocrx_word' id='word_1_181' title='bbox 659 2964 855 3047; x_wconf 83' lang='lat' dir='ltr'>organismi“</span> <span class='ocrx_word' id='word_1_182' title='bbox 882 2962 1105 3048; x_wconf 91' lang='lat' dir='ltr'>philosophice</span> <span class='ocrx_word' id='word_1_183' title='bbox 1126 2960 1449 3046; x_wconf 89' lang='lat' dir='ltr'>comprehendendus</span> <span class='ocrx_word' id='word_1_184' title='bbox 1465 2958 1549 3024; x_wconf 70' lang='grc'><strong>8813.</strong></span> 
     </span>
    </p>

    <p class='ocr_par' dir='ltr' id='par_1_4' title="bbox 300 3065 1552 3578">
     <span class='ocr_line' id='line_1_23' title="bbox 388 3065 1551 3155; baseline -0.003 -20"><span class='ocrx_word' id='word_1_185' title='bbox 388 3068 495 3135; x_wconf 89' lang='lat' dir='ltr'>Nemo</span> <span class='ocrx_word' id='word_1_186' title='bbox 524 3091 589 3136; x_wconf 91' lang='lat' dir='ltr'>non</span> <span class='ocrx_word' id='word_1_187' title='bbox 617 3070 708 3137; x_wconf 89' lang='lat' dir='ltr'>videt</span> <span class='ocrx_word' id='word_1_188' title='bbox 731 3091 790 3155; x_wconf 92' lang='lat' dir='ltr'>per</span> <span class='ocrx_word' id='word_1_189' title='bbox 813 3070 970 3136; x_wconf 89' lang='lat' dir='ltr'>eiusmodi</span> <span class='ocrx_word' id='word_1_190' title='bbox 994 3069 1236 3154; x_wconf 88' lang='lat' dir='ltr'>pantheismum</span> <span class='ocrx_word' id='word_1_191' title='bbox 1258 3089 1324 3133; x_wconf 91' lang='lat' dir='ltr'>non</span> <span class='ocrx_word' id='word_1_192' title='bbox 1346 3072 1416 3133; x_wconf 91' lang='lat' dir='ltr'>tam</span> <span class='ocrx_word' id='word_1_193' title='bbox 1439 3065 1551 3149; x_wconf 83' lang='lat' dir='ltr'>pristi-</span> 
     </span>
     <span class='ocr_line' id='line_1_24' title="bbox 301 3173 1551 3261; baseline 0 -22"><span class='ocrx_word' id='word_1_194' title='bbox 301 3196 377 3239; x_wconf 89' lang='lat' dir='ltr'>num</span> <span class='ocrx_word' id='word_1_195' title='bbox 400 3174 481 3239; x_wconf 91' lang='lat' dir='ltr'>iuris</span> <span class='ocrx_word' id='word_1_196' title='bbox 503 3175 802 3241; x_wconf 86' lang='lat' dir='ltr'>individualismum</span> <span class='ocrx_word' id='word_1_197' title='bbox 825 3197 885 3261; x_wconf 93' lang='lat' dir='ltr'>per</span> <span class='ocrx_word' id='word_1_198' title='bbox 907 3198 1024 3243; x_wconf 88' lang='lat' dir='ltr'>sanum</span> <span class='ocrx_word' id='word_1_199' title='bbox 1048 3175 1308 3241; x_wconf 86' lang='lat' dir='ltr'>obiectivismum</span> <span class='ocrx_word' id='word_1_200' title='bbox 1328 3175 1371 3240; x_wconf 91' lang='lat' dir='ltr'>ad</span> <span class='ocrx_word' id='word_1_201' title='bbox 1386 3173 1551 3255; x_wconf 85' lang='lat' dir='ltr'>legitimos</span> 
     </span>
     <span class='ocr_line' id='line_1_25' title="bbox 300 3279 1552 3366; baseline -0.001 -21"><span class='ocrx_word' id='word_1_202' title='bbox 300 3302 377 3346; x_wconf 88' lang='lat' dir='ltr'>suos</span> <span class='ocrx_word' id='word_1_203' title='bbox 400 3280 522 3347; x_wconf 88' lang='lat' dir='ltr'>limitas</span> <span class='ocrx_word' id='word_1_204' title='bbox 545 3283 705 3361; x_wconf 87' lang='lat' dir='ltr'>revocari,</span> <span class='ocrx_word' id='word_1_205' title='bbox 731 3303 827 3365; x_wconf 89' lang='lat' dir='ltr'>quam</span> <span class='ocrx_word' id='word_1_206' title='bbox 851 3282 961 3366; x_wconf 93' lang='lat' dir='ltr'>potius</span> <span class='ocrx_word' id='word_1_207' title='bbox 985 3302 1080 3348; x_wconf 91' lang='lat' dir='ltr'>omne</span> <span class='ocrx_word' id='word_1_208' title='bbox 1102 3282 1353 3349; x_wconf 85' lang='lat' dir='ltr'>fundamentum</span> <span class='ocrx_word' id='word_1_209' title='bbox 1369 3279 1552 3365; x_wconf 89' lang='lat' dir='ltr'>personalis</span> 
     </span>
     <span class='ocr_line' id='line_1_26' title="bbox 301 3385 1547 3469; baseline -0.002 -17"><span class='ocrx_word' id='word_1_210' title='bbox 301 3386 473 3469; x_wconf 81' lang='lat' dir='ltr'>dignitatis</span> <span class='ocrx_word' id='word_1_211' title='bbox 504 3408 542 3453; x_wconf 92' lang='lat' dir='ltr'>ac</span> <span class='ocrx_word' id='word_1_212' title='bbox 565 3386 728 3453; x_wconf 88' lang='lat' dir='ltr'>libertatis</span> <span class='ocrx_word' id='word_1_213' title='bbox 752 3388 899 3453; x_wconf 90' lang='lat' dir='ltr'>emedio</span> <span class='ocrx_word' id='word_1_214' title='bbox 924 3388 1005 3466; x_wconf 92' lang='lat' dir='ltr'>tolli,</span> <span class='ocrx_word' id='word_1_215' title='bbox 1036 3392 1073 3455; x_wconf 88' lang='lat' dir='ltr'>ut</span> <span class='ocrx_word' id='word_1_216' title='bbox 1096 3388 1226 3454; x_wconf 90' lang='lat' dir='ltr'>nomina</span> <span class='ocrx_word' id='word_1_217' title='bbox 1254 3387 1352 3466; x_wconf 86' lang='lat' dir='ltr'>„iuris</span> <span class='ocrx_word' id='word_1_218' title='bbox 1374 3385 1547 3451; x_wconf 82' lang='lat' dir='ltr'>obiectivi“</span> 
     </span>
     <span class='ocr_line' id='line_1_27' title="bbox 302 3490 1551 3578; baseline -0.002 -21"><span class='ocrx_word' id='word_1_219' title='bbox 302 3514 434 3558; x_wconf 85' lang='lat' dir='ltr'>caecum</span> <span class='ocrx_word' id='word_1_220' title='bbox 459 3492 598 3575; x_wconf 91' lang='lat' dir='ltr'>danique</span> <span class='ocrx_word' id='word_1_221' title='bbox 620 3493 726 3561; x_wconf 89' lang='lat' dir='ltr'>fatum</span> <span class='ocrx_word' id='word_1_222' title='bbox 750 3494 975 3578; x_wconf 86' lang='lat' dir='ltr'>nescioquod,</span> <span class='ocrx_word' id='word_1_223' title='bbox 1000 3515 1043 3561; x_wconf 83' lang='lat' dir='ltr'>ex</span> <span class='ocrx_word' id='word_1_224' title='bbox 1058 3494 1189 3561; x_wconf 89' lang='lat' dir='ltr'>interna</span> <span class='ocrx_word' id='word_1_225' title='bbox 1204 3492 1403 3559; x_wconf 88' lang='lat' dir='ltr'>necessitate</span> <span class='ocrx_word' id='word_1_226' title='bbox 1419 3490 1551 3557; x_wconf 88' lang='lat' dir='ltr'>univer·</span> 
     </span>
    </p>
   </div>
   <div class='ocr_carea' id='block_1_4' title="bbox 301 3753 1591 4623">
    <p class='ocr_par' dir='ltr' id='par_1_5' title="bbox 301 3753 1591 4623">
     <span class='ocr_line' id='line_1_28' title="bbox 395 3753 1551 3825; baseline -0.001 -18"><span class='ocrx_word' id='word_1_227' title='bbox 395 3756 402 3785; x_wconf 89' lang='lat'><strong>¹</strong></span> <span class='ocrx_word' id='word_1_228' title='bbox 421 3754 463 3808; x_wconf 84' lang='lat' dir='ltr'>cf.</span> <span class='ocrx_word' id='word_1_229' title='bbox 479 3754 575 3821; x_wconf 78' lang='lat' dir='ltr'>„idean</span> <span class='ocrx_word' id='word_1_230' title='bbox 592 3772 625 3809; x_wconf 88' lang='lat' dir='ltr'>zu</span> <span class='ocrx_word' id='word_1_231' title='bbox 639 3755 713 3808; x_wconf 89' lang='lat' dir='ltr'>einer</span> <span class='ocrx_word' id='word_1_232' title='bbox 725 3755 901 3825; x_wconf 86' lang='lat' dir='ltr'>Philosophia</span> <span class='ocrx_word' id='word_1_233' title='bbox 914 3755 962 3810; x_wconf 90' lang='lat' dir='ltr'>dar</span> <span class='ocrx_word' id='word_1_234' title='bbox 973 3755 1089 3815; x_wconf 79' lang='lat' dir='ltr'>Natur‘.</span> <span class='ocrx_word' id='word_1_235' title='bbox 1110 3755 1178 3810; x_wconf 88' lang='grc'><strong>1797</strong></span> <span class='ocrx_word' id='word_1_236' title='bbox 1194 3754 1302 3823; x_wconf 79' lang='lat' dir='ltr'>(sama.</span> <span class='ocrx_word' id='word_1_237' title='bbox 1315 3754 1426 3820; x_wconf 84' lang='lat' dir='ltr'>Werka,</span> <span class='ocrx_word' id='word_1_238' title='bbox 1440 3756 1465 3808; x_wconf 93' lang='lat'>1.</span> <span class='ocrx_word' id='word_1_239' title='bbox 1478 3753 1551 3817; x_wconf 78' lang='lat' dir='ltr'>Aba,</span> 
     </span>
     <span class='ocr_line' id='line_1_29' title="bbox 302 3842 1550 3915; baseline -0.001 -18"><span class='ocrx_word' id='word_1_240' title='bbox 302 3844 375 3897; x_wconf 82' lang='lat'><strong>1157</strong></span> <span class='ocrx_word' id='word_1_241' title='bbox 389 3842 458 3912; x_wconf 88' lang='lat' dir='ltr'>sq.);</span> <span class='ocrx_word' id='word_1_242' title='bbox 481 3842 556 3909; x_wconf 77' lang='lat' dir='ltr'>„Von</span> <span class='ocrx_word' id='word_1_243' title='bbox 576 3844 623 3897; x_wconf 90' lang='lat' dir='ltr'>dar</span> <span class='ocrx_word' id='word_1_244' title='bbox 636 3842 799 3897; x_wconf 78' lang='lat' dir='ltr'>Waltsaale‘</span> <span class='ocrx_word' id='word_1_245' title='bbox 822 3844 857 3899; x_wconf 89' lang='lat' dir='ltr'>ib.</span> <span class='ocrx_word' id='word_1_246' title='bbox 871 3862 897 3915; x_wconf 91' lang='lat' dir='ltr'>p.</span> <span class='ocrx_word' id='word_1_247' title='bbox 911 3845 964 3899; x_wconf 81' lang='lat'>345</span> <span class='ocrx_word' id='word_1_248' title='bbox 977 3861 1044 3914; x_wconf 85' lang='lat' dir='ltr'>sqq;</span> <span class='ocrx_word' id='word_1_249' title='bbox 1067 3844 1191 3914; x_wconf 84' lang='lat' dir='ltr'>,System</span> <span class='ocrx_word' id='word_1_250' title='bbox 1211 3845 1260 3899; x_wconf 88' lang='lat' dir='ltr'>des</span> <span class='ocrx_word' id='word_1_251' title='bbox 1277 3843 1550 3899; x_wconf 85' lang='lat' dir='ltr'>transscendentalen</span> 
     </span>
     <span class='ocr_line' id='line_1_30' title="bbox 302 3931 1546 4003; baseline -0.001 -17"><span class='ocrx_word' id='word_1_252' title='bbox 302 3932 489 3995; x_wconf 77' lang='lat' dir='ltr'>idealismue“,</span> <span class='ocrx_word' id='word_1_253' title='bbox 519 3931 588 3986; x_wconf 83' lang='lat' dir='ltr'>Eiul.</span> <span class='ocrx_word' id='word_1_254' title='bbox 615 3932 655 3985; x_wconf 92' lang='lat' dir='ltr'>III</span> <span class='ocrx_word' id='word_1_255' title='bbox 680 3932 748 3997; x_wconf 85' lang='lat'><strong>339;</strong></span> <span class='ocrx_word' id='word_1_256' title='bbox 783 3932 976 4001; x_wconf 80' lang='lat' dir='ltr'>„Darstellung</span> <span class='ocrx_word' id='word_1_257' title='bbox 1003 3933 1108 3987; x_wconf 84' lang='lat' dir='ltr'>meinos</span> <span class='ocrx_word' id='word_1_258' title='bbox 1133 3933 1258 4003; x_wconf 87' lang='lat' dir='ltr'>Systams</span> <span class='ocrx_word' id='word_1_259' title='bbox 1284 3934 1332 3987; x_wconf 90' lang='lat' dir='ltr'>der</span> <span class='ocrx_word' id='word_1_260' title='bbox 1357 3932 1546 4002; x_wconf 75' lang='lat' dir='ltr'>Philosophia*</span> 
     </span>
     <span class='ocr_line' id='line_1_31' title="bbox 303 4020 1550 4089; baseline -0.002 -13"><span class='ocrx_word' id='word_1_261' title='bbox 303 4022 368 4076; x_wconf 91' lang='lat'>1801</span> <span class='ocrx_word' id='word_1_262' title='bbox 392 4020 499 4087; x_wconf 73' lang='lat' dir='ltr'>(Samtl.</span> <span class='ocrx_word' id='word_1_263' title='bbox 520 4020 630 4087; x_wconf 85' lang='lat' dir='ltr'>Werka,</span> <span class='ocrx_word' id='word_1_264' title='bbox 652 4022 675 4075; x_wconf 94' lang='lat' dir='ltr'>l.</span> <span class='ocrx_word' id='word_1_265' title='bbox 689 4022 761 4086; x_wconf 77' lang='lat' dir='ltr'>Aba,</span> <span class='ocrx_word' id='word_1_266' title='bbox 780 4020 997 4089; x_wconf 79' lang='lat' dir='ltr'>1V105-212).</span> <span class='ocrx_word' id='word_1_267' title='bbox 1026 4022 1089 4087; x_wconf 79' lang='lat' dir='ltr'>„Ich</span> <span class='ocrx_word' id='word_1_268' title='bbox 1107 4040 1195 4075; x_wconf 89' lang='lat' dir='ltr'>nenne</span> <span class='ocrx_word' id='word_1_269' title='bbox 1207 4021 1353 4085; x_wconf 82' lang='lat' dir='ltr'>Vernunft‚</span> <span class='ocrx_word' id='word_1_270' title='bbox 1371 4021 1493 4075; x_wconf 82' lang='lat' dir='ltr'>insciam</span> <span class='ocrx_word' id='word_1_271' title='bbox 1510 4020 1550 4073; x_wconf 89' lang='lat' dir='ltr'>sia</span> 
     </span>
     <span class='ocr_line' id='line_1_32' title="bbox 301 4108 1551 4181; baseline -0.001 -17"><span class='ocrx_word' id='word_1_272' title='bbox 301 4111 342 4165; x_wconf 90' lang='grc'>818</span> <span class='ocrx_word' id='word_1_273' title='bbox 361 4110 445 4165; x_wconf 85' lang='lat' dir='ltr'>totale</span> <span class='ocrx_word' id='word_1_274' title='bbox 458 4110 619 4164; x_wconf 70' lang='lat' dir='ltr'>indifferent</span> <span class='ocrx_word' id='word_1_275' title='bbox 637 4111 685 4165; x_wconf 90' lang='lat' dir='ltr'>des</span> <span class='ocrx_word' id='word_1_276' title='bbox 698 4108 878 4181; x_wconf 85' lang='lat' dir='ltr'>Snbjektivan</span> <span class='ocrx_word' id='word_1_277' title='bbox 897 4110 1421 4178; x_wconf 63' lang='grc'><strong>88101181118888818811881...</strong></span> <span class='ocrx_word' id='word_1_278' title='bbox 1447 4110 1551 4163; x_wconf 82' lang='lat' dir='ltr'>Ausacr</span> 
     </span>
     <span class='ocr_line' id='line_1_33' title="bbox 301 4196 1550 4267; baseline -0.002 -14"><span class='ocrx_word' id='word_1_279' title='bbox 301 4198 349 4253; x_wconf 91' lang='lat' dir='ltr'>dar</span> <span class='ocrx_word' id='word_1_280' title='bbox 361 4198 499 4253; x_wconf 84' lang='lat' dir='ltr'>Varnunft</span> <span class='ocrx_word' id='word_1_281' title='bbox 518 4199 554 4253; x_wconf 90' lang='grc'>181</span> <span class='ocrx_word' id='word_1_282' title='bbox 572 4198 663 4253; x_wconf 82' lang='grc'><strong>818118</strong></span> <span class='ocrx_word' id='word_1_283' title='bbox 681 4198 735 4252; x_wconf 90' lang='lat' dir='ltr'>und</span> <span class='ocrx_word' id='word_1_284' title='bbox 755 4198 782 4251; x_wconf 92' lang='lat' dir='ltr'>in</span> <span class='ocrx_word' id='word_1_285' title='bbox 801 4198 845 4251; x_wconf 92' lang='lat' dir='ltr'>ihr</span> <span class='ocrx_word' id='word_1_286' title='bbox 863 4198 901 4253; x_wconf 87' lang='lat' dir='ltr'>iat</span> <span class='ocrx_word' id='word_1_287' title='bbox 919 4197 996 4253; x_wconf 89' lang='lat' dir='ltr'>allas.</span> <span class='ocrx_word' id='word_1_288' title='bbox 1011 4240 1017 4252; x_wconf 90' lang='lat'>.</span> <span class='ocrx_word' id='word_1_289' title='bbox 1032 4238 1059 4252; x_wconf 91' lang='lat'>..</span> <span class='ocrx_word' id='word_1_290' title='bbox 1085 4198 1123 4252; x_wconf 80' lang='lat' dir='ltr'>Es</span> <span class='ocrx_word' id='word_1_291' title='bbox 1141 4198 1201 4266; x_wconf 81' lang='lat' dir='ltr'>gibt</span> <span class='ocrx_word' id='word_1_292' title='bbox 1219 4198 1299 4251; x_wconf 80' lang='lat' dir='ltr'>heina</span> <span class='ocrx_word' id='word_1_293' title='bbox 1315 4196 1490 4267; x_wconf 83' lang='lat' dir='ltr'>Philosophia</span> <span class='ocrx_word' id='word_1_294' title='bbox 1509 4197 1550 4251; x_wconf 87' lang='grc'>818</span> 
     </span>
     <span class='ocr_line' id='line_1_34' title="bbox 301 4285 1591 4357; baseline 0.001 -17"><span class='ocrx_word' id='word_1_295' title='bbox 301 4305 363 4341; x_wconf 86' lang='lat' dir='ltr'>vom</span> <span class='ocrx_word' id='word_1_296' title='bbox 382 4286 558 4357; x_wconf 85' lang='lat' dir='ltr'>Standpunkt</span> <span class='ocrx_word' id='word_1_297' title='bbox 577 4287 624 4342; x_wconf 83' lang='lat' dir='ltr'>des</span> <span class='ocrx_word' id='word_1_298' title='bbox 642 4286 865 4341; x_wconf 71' lang='lat' dir='ltr'>absolutam...</span> <span class='ocrx_word' id='word_1_299' title='bbox 902 4287 953 4341; x_wconf 89' lang='lat' dir='ltr'>Die</span> <span class='ocrx_word' id='word_1_300' title='bbox 972 4286 1111 4341; x_wconf 83' lang='lat' dir='ltr'>Vernunft</span> <span class='ocrx_word' id='word_1_301' title='bbox 1128 4286 1166 4341; x_wconf 91' lang='lat' dir='ltr'>ist</span> <span class='ocrx_word' id='word_1_302' title='bbox 1184 4287 1234 4341; x_wconf 90' lang='lat' dir='ltr'>das</span> <span class='ocrx_word' id='word_1_303' title='bbox 1251 4286 1393 4341; x_wconf 78' lang='lat' dir='ltr'>Absoluta.</span> <span class='ocrx_word' id='word_1_304' title='bbox 1407 4328 1414 4340; x_wconf 92' lang='lat'><strong>.</strong></span> <span class='ocrx_word' id='word_1_305' title='bbox 1428 4326 1456 4340; x_wconf 88' lang='lat'>..</span> <span class='ocrx_word' id='word_1_306' title='bbox 1493 4285 1550 4339; x_wconf 85' lang='lat' dir='ltr'>Das</span> <span class='ocrx_word' id='word_1_307' title='bbox 1587 4336 1591 4341; x_wconf 82' lang='lat'><em>.</em></span> 
     </span>
     <span class='ocr_line' id='line_1_35' title="bbox 301 4374 1549 4444; baseline -0.002 -14"><span class='ocrx_word' id='word_1_308' title='bbox 301 4376 414 4431; x_wconf 79' lang='lat' dir='ltr'>hbchsta</span> <span class='ocrx_word' id='word_1_309' title='bbox 433 4374 533 4431; x_wconf 84' lang='lat' dir='ltr'>Gesatz</span> <span class='ocrx_word' id='word_1_310' title='bbox 557 4376 603 4429; x_wconf 84' lang='lat' dir='ltr'>fur</span> <span class='ocrx_word' id='word_1_311' title='bbox 628 4376 677 4430; x_wconf 83' lang='lat' dir='ltr'>das</span> <span class='ocrx_word' id='word_1_312' title='bbox 696 4376 759 4430; x_wconf 82' lang='lat' dir='ltr'>Scin</span> <span class='ocrx_word' id='word_1_313' title='bbox 785 4376 833 4430; x_wconf 89' lang='lat' dir='ltr'>der</span> <span class='ocrx_word' id='word_1_314' title='bbox 852 4374 1004 4441; x_wconf 85' lang='lat' dir='ltr'>Varnunft,</span> <span class='ocrx_word' id='word_1_315' title='bbox 1032 4374 1170 4444; x_wconf 78' lang='lat' dir='ltr'>(folglicb)</span> <span class='ocrx_word' id='word_1_316' title='bbox 1198 4376 1243 4429; x_wconf 79' lang='lat' dir='ltr'>fiir</span> <span class='ocrx_word' id='word_1_317' title='bbox 1268 4374 1337 4429; x_wconf 86' lang='lat' dir='ltr'>alles</span> <span class='ocrx_word' id='word_1_318' title='bbox 1356 4374 1419 4429; x_wconf 84' lang='lat' dir='ltr'>Scin</span> <span class='ocrx_word' id='word_1_319' title='bbox 1444 4375 1482 4428; x_wconf 88' lang='lat' dir='ltr'>ist</span> <span class='ocrx_word' id='word_1_320' title='bbox 1499 4376 1549 4428; x_wconf 84' lang='lat' dir='ltr'>dos</span> 
     </span>
     <span class='ocr_line' id='line_1_36' title="bbox 304 4463 1551 4533; baseline 0 -16"><span class='ocrx_word' id='word_1_321' title='bbox 304 4467 395 4519; x_wconf 79' lang='lat' dir='ltr'>Geaeta</span> <span class='ocrx_word' id='word_1_322' title='bbox 413 4467 461 4519; x_wconf 83' lang='lat' dir='ltr'>dar</span> <span class='ocrx_word' id='word_1_323' title='bbox 473 4466 609 4533; x_wconf 75' lang='grc'><strong>1818811181,</strong></span> <span class='ocrx_word' id='word_1_324' title='bbox 629 4464 748 4519; x_wconf 85' lang='lat' dir='ltr'>welches</span> <span class='ocrx_word' id='word_1_325' title='bbox 766 4464 795 4518; x_wconf 93' lang='lat' dir='ltr'>in</span> <span class='ocrx_word' id='word_1_326' title='bbox 808 4466 900 4533; x_wconf 81' lang='lat' dir='ltr'>Beaug</span> <span class='ocrx_word' id='word_1_327' title='bbox 919 4464 969 4519; x_wconf 83' lang='lat' dir='ltr'>aui</span> <span class='ocrx_word' id='word_1_328' title='bbox 985 4464 1055 4519; x_wconf 87' lang='lat' dir='ltr'>alles</span> <span class='ocrx_word' id='word_1_329' title='bbox 1067 4464 1131 4518; x_wconf 86' lang='lat' dir='ltr'>Scin</span> <span class='ocrx_word' id='word_1_330' title='bbox 1144 4464 1230 4519; x_wconf 88' lang='lat' dir='ltr'>durch</span> <span class='ocrx_word' id='word_1_331' title='bbox 1243 4466 1346 4519; x_wconf 75' lang='lat' dir='ltr'>A=A</span> <span class='ocrx_word' id='word_1_332' title='bbox 1364 4463 1551 4533; x_wconf 76' lang='lat' dir='ltr'>ausgadrdckt</span> 
     </span>
     <span class='ocr_line' id='line_1_37' title="bbox 302 4551 604 4623; baseline 0.007 -18"><span class='ocrx_word' id='word_1_333' title='bbox 302 4552 383 4606; x_wconf 74' lang='lat' dir='ltr'>wind*</span> <span class='ocrx_word' id='word_1_334' title='bbox 407 4554 445 4623; x_wconf 91' lang='lat' dir='ltr'>(p.</span> <span class='ocrx_word' id='word_1_335' title='bbox 466 4554 518 4607; x_wconf 82' lang='lat'>114</span> <span class='ocrx_word' id='word_1_336' title='bbox 530 4551 604 4623; x_wconf 82' lang='lat' dir='ltr'>sqq).</span> 
     </span>
    </p>
   </div>
   <div class='ocr_carea' id='block_1_5' title="bbox 391 4638 1651 4711">
    <p class='ocr_par' dir='ltr' id='par_1_6' title="bbox 391 4638 1651 4711">
     <span class='ocr_line' id='line_1_38' title="bbox 391 4638 1651 4711; baseline -0.002 -16"><span class='ocrx_word' id='word_1_337' title='bbox 391 4640 628 4709; x_wconf 74' lang='lat' dir='ltr'>²,Vorlasungen</span> <span class='ocrx_word' id='word_1_338' title='bbox 652 4640 720 4695; x_wconf 80' lang='lat' dir='ltr'>uber</span> <span class='ocrx_word' id='word_1_339' title='bbox 744 4641 794 4695; x_wconf 85' lang='grc'><strong>(188</strong></span> <span class='ocrx_word' id='word_1_340' title='bbox 819 4639 944 4695; x_wconf 88' lang='lat' dir='ltr'>Studium</span> <span class='ocrx_word' id='word_1_341' title='bbox 970 4640 1019 4695; x_wconf 89' lang='lat' dir='ltr'>der</span> <span class='ocrx_word' id='word_1_342' title='bbox 1037 4639 1158 4694; x_wconf 88' lang='lat' dir='ltr'>Historia</span> <span class='ocrx_word' id='word_1_343' title='bbox 1183 4640 1239 4694; x_wconf 88' lang='lat' dir='ltr'>und</span> <span class='ocrx_word' id='word_1_344' title='bbox 1264 4640 1313 4695; x_wconf 90' lang='lat' dir='ltr'>dar</span> <span class='ocrx_word' id='word_1_345' title='bbox 1330 4640 1548 4711; x_wconf 85' lang='lat' dir='ltr'>Iurisprndenz&#39;,</span> <span class='ocrx_word' id='word_1_346' title='bbox 1647 4638 1651 4643; x_wconf 72' lang='grc'><em>“</em></span> 
     </span>
    </p>
   </div>
   <div class='ocr_carea' id='block_1_6' title="bbox 301 4728 1549 5064">
    <p class='ocr_par' dir='ltr' id='par_1_7' title="bbox 301 4728 488 4785">
     <span class='ocr_line' id='line_1_39' title="bbox 301 4728 488 4785; baseline 0.016 -3"><span class='ocrx_word' id='word_1_347' title='bbox 301 4728 319 4784; x_wconf 93' lang='lat' dir='ltr'>l.</span> <span class='ocrx_word' id='word_1_348' title='bbox 356 4772 362 4784; x_wconf 94' lang='lat'><em>.</em></span> <span class='ocrx_word' id='word_1_349' title='bbox 482 4772 488 4785; x_wconf 93' lang='lat'><em>.</em></span> 
     </span>
    </p>

    <p class='ocr_par' dir='ltr' id='par_1_8' title="bbox 301 4730 1549 5064">
     <span class='ocr_line' id='line_1_40' title="bbox 339 4730 1548 4889; baseline 0 -16"><span class='ocrx_word' id='word_1_350' title='bbox 339 4746 354 4784; x_wconf 53' lang='grc' dir='ltr'><strong>ο</strong></span> <span class='ocrx_word' id='word_1_351' title='bbox 381 4730 545 4874; x_wconf 38' lang='lat' dir='ltr'>{lasum</span> <span class='ocrx_word' id='word_1_352' title='bbox 584 4818 625 4873; x_wconf 82' lang='lat' dir='ltr'>Cf.</span> <span class='ocrx_word' id='word_1_353' title='bbox 655 4818 781 4889; x_wconf 74' lang='lat' dir='ltr'>„system</span> <span class='ocrx_word' id='word_1_354' title='bbox 806 4820 854 4873; x_wconf 87' lang='lat' dir='ltr'>des</span> <span class='ocrx_word' id='word_1_355' title='bbox 880 4816 1153 4873; x_wconf 87' lang='lat' dir='ltr'>transscendeutalan</span> <span class='ocrx_word' id='word_1_356' title='bbox 1178 4816 1367 4881; x_wconf 82' lang='lat' dir='ltr'>idealismns‘‚</span> <span class='ocrx_word' id='word_1_357' title='bbox 1393 4818 1411 4873; x_wconf 95' lang='lat' dir='ltr'>l.</span> <span class='ocrx_word' id='word_1_358' title='bbox 1437 4836 1461 4872; x_wconf 92' lang='grc'>8.</span> <span class='ocrx_word' id='word_1_359' title='bbox 1486 4818 1548 4876; x_wconf 87' lang='grc'><strong>491.</strong></span> 
     </span>
     <span class='ocr_line' id='line_1_41' title="bbox 301 4905 1549 4975; baseline 0 -14"><span class='ocrx_word' id='word_1_360' title='bbox 301 4906 341 4961; x_wconf 90' lang='lat' dir='ltr'>De</span> <span class='ocrx_word' id='word_1_361' title='bbox 363 4907 594 4975; x_wconf 69' lang='grc' dir='ltr'>,,8τς8818811888“Ι</span> <span class='ocrx_word' id='word_1_362' title='bbox 617 4908 784 4975; x_wconf 80' lang='lat' dir='ltr'>generatim:</span> <span class='ocrx_word' id='word_1_363' title='bbox 807 4905 1016 4975; x_wconf 76' lang='lat' dir='ltr'>„Organisation</span> <span class='ocrx_word' id='word_1_364' title='bbox 1035 4906 1072 4959; x_wconf 92' lang='lat' dir='ltr'>im</span> <span class='ocrx_word' id='word_1_365' title='bbox 1085 4905 1267 4973; x_wconf 81' lang='lat' dir='ltr'>allgameinen</span> <span class='ocrx_word' id='word_1_366' title='bbox 1280 4908 1317 4961; x_wconf 88' lang='lat' dir='ltr'>ist</span> <span class='ocrx_word' id='word_1_367' title='bbox 1329 4906 1421 4962; x_wconf 84' lang='lat' dir='ltr'>nichts</span> <span class='ocrx_word' id='word_1_368' title='bbox 1433 4906 1549 4961; x_wconf 87' lang='lat' dir='ltr'>anderes</span> 
     </span>
     <span class='ocr_line' id='line_1_42' title="bbox 302 4994 1545 5064; baseline 0.001 -15"><span class='ocrx_word' id='word_1_369' title='bbox 302 4995 343 5049; x_wconf 85' lang='grc'>818</span> <span class='ocrx_word' id='word_1_370' title='bbox 362 4995 412 5049; x_wconf 88' lang='lat' dir='ltr'>das</span> <span class='ocrx_word' id='word_1_371' title='bbox 430 4994 613 5050; x_wconf 86' lang='lat' dir='ltr'>varklainerte</span> <span class='ocrx_word' id='word_1_372' title='bbox 631 4996 686 5049; x_wconf 89' lang='lat' dir='ltr'>und</span> <span class='ocrx_word' id='word_1_373' title='bbox 706 4994 856 5064; x_wconf 80' lang='lat' dir='ltr'>gleichsam</span> <span class='ocrx_word' id='word_1_374' title='bbox 875 5011 1170 5064; x_wconf 76' lang='lat' dir='ltr'>zusammengczogsnc</span> <span class='ocrx_word' id='word_1_375' title='bbox 1188 4994 1249 5049; x_wconf 92' lang='lat' dir='ltr'>Bild</span> <span class='ocrx_word' id='word_1_376' title='bbox 1275 4996 1324 5051; x_wconf 87' lang='lat' dir='ltr'>das</span> <span class='ocrx_word' id='word_1_377' title='bbox 1341 4996 1545 5051; x_wconf 79' lang='lat' dir='ltr'>Universums.“</span> 
     </span>
    </p>
   </div>
   <div class='ocr_carea' id='block_1_7' title="bbox 0 0 1965 5842">
    <p class='ocr_par' dir='ltr' id='par_1_9' title="bbox 0 0 1965 5842">
     <span class='ocr_line' id='line_1_43' title="bbox 0 0 1965 5842; baseline 0 0"><span class='ocrx_word' id='word_1_378' title='bbox 0 0 1965 5842; x_wconf 95' lang='lat' dir='ltr'> </span> 
     </span>
    </p>
   </div>
  </div>
 </body>
</html>
