3909 5842
411 622 476 687 380
638 616 726 672 Sectis
746 617 780 672 II.
817 616 898 671 Liber
915 617 949 672 ΙΙ.
988 617 1077 687 Caput
1095 617 1115 670 1.
1153 615 1292 669 Articulus
1311 616 1336 670 3.
1374 615 1439 683 52.

409 794 478 862 rari
508 797 683 876 nequeunt.
731 793 847 861 Potest
876 814 955 859 sane
987 797 1022 860 et
1051 793 1124 877 ipsa
1153 813 1218 858 non
1247 813 1344 858 secus
1368 813 1410 858 ac
1434 793 1605 875 reliquae
1628 814 1683 859 nc·

409 903 517 968 tiones
539 899 681 966 morales
704 899 746 964 ab
769 899 900 966 homine
924 898 1089 965 contemni
1113 902 1148 964 et
1170 897 1315 963 studiose
1339 898 1472 981 negari,
1501 900 1683 980 autquasi

409 1008 505 1074 illata
528 1006 561 1071 vi
584 1006 625 1072 ad
649 1008 780 1088 tempus
804 1009 941 1070 externe
957 1003 1151 1087 depravari;
1176 1003 1276 1070 deleri
1292 1024 1311 1068 e
1327 1003 1489 1069 cordibus
1506 1004 1682 1070 hominum

411 1134 586 1196 numquam
610 1116 729 1196 potest.
776 1111 839 1178 Est
867 1110 968 1194 igitur
990 1110 1074 1176 haec
1095 1110 1169 1194 ipsa
1191 1109 1371 1176 communis
1393 1110 1582 1176 hominum
1608 1134 1682 1177 eon·

412 1221 559 1298 scientia,
584 1219 704 1303 quippe
727 1239 811 1301 quae
834 1237 948 1283 vocem
965 1216 1070 1283 refert
1085 1217 1229 1283 auctoris
1245 1217 1306 1282 Dei
1321 1216 1355 1281 in
1370 1221 1503 1283 natura
1520 1219 1683 1286 rationali

412 1327 626 1402 enuntiatam,
651 1325 776 1410 primus
801 1343 839 1388 ac
862 1322 1059 1407 praecipuus
1082 1321 1300 1405 cognoscendi
1322 1321 1406 1399 fons,
1433 1343 1457 1387 a
1482 1345 1559 1405 quo
1576 1323 1683 1408 pbilo-

412 1431 546 1516 sophicc
569 1429 728 1498 scrutatio
751 1429 840 1496 illius
863 1429 956 1494 ideae
979 1429 1206 1512 proficiscatur
1222 1431 1360 1512 oportet.
1393 1429 1442 1496 Et
1457 1429 1531 1495 hoc
1547 1431 1682 1512 quidem

413 1537 625 1602 fundamento
637 1535 842 1621 potissimum
855 1535 981 1612 nititur,
995 1555 1080 1617 quae
1091 1534 1125 1600 iu
1136 1535 1217 1600 iuris
1229 1534 1437 1618 philosophia
1452 1538 1574 1604 statui
1587 1538 1682 1605 solet

413 1673 483 1746 453.
573 1677 734 1761 Definitio.
781 1675 836 1741 lus
859 1696 918 1759 pro
942 1678 1109 1759 potestate
1133 1679 1304 1759 acceptum
1328 1675 1462 1755 (Recht,
1488 1679 1683 1744 rechtliche

411 1781 584 1866 Beiugnis)
607 1783 783 1848 seeundum
808 1803 1011 1847 communem
1035 1782 1200 1847 hominum
1225 1781 1461 1847 conscientiam
1495 1790 1604 1852 recte
1631 1787 1683 1850 de·

414 1890 542 1956 finitur:

548 1996 683 2061 Marciis
707 2003 848 2080 potestas
877 1997 1004 2082 aliquid
1023 1996 1213 2081 possidendi
1236 1997 1281 2060 vel
1304 1997 1421 2082 aqendi
1444 1999 1497 2062 aei
1526 2001 1685 2086 πίφεηάὶ

505 2101 695 2169 inviolabilis
704 2104 725 2170 ¹.

503 2209 640 2292 Singula
677 2211 843 2274 momenta
881 2207 933 2273 hic
971 2208 1135 2275 recensita
1165 2208 1304 2274 totidem
1341 2208 1552 2276 essentiales
1587 2217 1685 2279 notes

414 2317 587 2394 exhibent,
623 2315 739 2398 quibus
774 2335 871 2380 verus
905 2315 986 2380 iuris
1021 2319 1199 2398 conceptus
1234 2318 1456 2380 construatur.
1510 2317 1565 2384 Et
1605 2341 1685 2384 vero

415 2423 534 2490 dieitur

507 2535 535 2596 1.
568 2532 709 2596 Potestas
739 2531 802 2594 siae
830 2529 971 2610 facultas
995 2525 1193 2610 (Befugnis),
1224 2548 1289 2609 quo
1319 2526 1369 2591 ius
1397 2528 1439 2592 ab
1464 2528 1683 2613 obligatione

416 2659 473 2703 seu
497 2635 604 2701 officio
628 2635 866 2716 distinguimus.
904 2633 989 2699 Illud
1012 2633 1163 2698 nimirum
1179 2632 1331 2699 attribuit
1347 2633 1481 2714 aliquod
1494 2657 1603 2719 posse
1619 2636 1682 2714 (ein

416 2741 578 2824 Kdnnen),
606 2742 667 2806 hoo
691 2745 800 2806 autem
824 2739 963 2824 imponit
986 2739 1117 2823 aliquod
1142 2741 1254 2806 debere
1277 2739 1344 2823 (ein
1368 2739 1509 2822 Sallen).

507 2851 536 2911 2.
562 2847 703 2912 Potestas
726 2849 865 2928 encratis,
891 2851 927 2912 ut
950 2846 1173 2929 distinguatur
1195 2849 1400 2931 apotestate
1413 2848 1571 2933 physica,
1599 2870 1680 2932 quae

418 2958 469 3020 est
492 2952 640 3038 potentia
663 2973 721 3018 seu
745 2953 797 3018 vis
820 2953 978 3018 influxum
996 2953 1171 3017 exercendi
1186 2952 1220 3018 in
1235 2955 1404 3017 materiam
1419 2953 1475 3016 vel
1493 2956 1680 3037 superandi

417 3061 535 3127 virium
570 3060 780 3145 physicarum
813 3059 993 3125 obstacula.
1041 3059 1186 3125 Denotst
1218 3058 1320 3140 igitur
1350 3057 1486 3123 moralis
1520 3064 1679 3144 potestas

418 3168 549 3250 aliquod
569 3189 669 3252 posse,
694 3167 779 3247 quod
802 3170 908 3232 totum
932 3165 965 3229 in
983 3164 1096 3229 ordine
1112 3164 1274 3248 spirituali
1290 3185 1349 3229 seu
1365 3164 1482 3230 morali
1499 3166 1676 3242 fraudamur,

418 3277 452 3339 et
481 3273 515 3338 vi
539 3273 630 3338 cuius
652 3272 796 3337 influxus
820 3275 994 3337 exercetur
1016 3270 1050 3335 in
1073 3274 1210 3336 naturas
1232 3272 1427 3354 spirituales,
1459 3274 1496 3338 et
1519 3275 1677 3356 proxime

418 3380 547 3464 quidem
571 3380 604 3446 in
627 3379 871 3462 intellegentias
895 3381 929 3443 et
953 3377 1003 3441 his
1026 3377 1244 3442 mediantibus
1267 3377 1300 3441 in
1324 3376 1527 3445 voluntates.

508 3489 538 3552 3.
555 3487 692 3571 Aliquid
705 3489 894 3573 possidendi
909 3490 955 3553 ael
971 3488 1090 3572 apendi
1104 3490 1150 3552 ael
1164 3489 1331 3572 estipendi;
1346 3487 1463 3568 quibus
1476 3487 1675 3572 designatur

420 3595 502 3657 iaris
517 3597 654 3658 materia
674 3613 732 3658 seu
749 3593 887 3671 obieeta,
912 3593 1006 3659 cirea>
1016 3613 1100 3674 quae
1115 3593 1196 3658 illud
1212 3593 1339 3658 versari
1355 3592 1470 3676 possit.
1499 3593 1673 3660 Eiusmodi

421 3701 530 3764 autern
563 3702 640 3764 sunt
663 3699 716 3763 vel
740 3722 791 3765 res
815 3700 868 3765 vel
892 3701 1054 3764 humanae
1078 3703 1284 3784 operationes,
1316 3703 1351 3764 et
1373 3699 1436 3763 hae
1460 3699 1597 3780 quidem
1621 3703 1673 3767 rel

415 3807 570 3889 propriae
592 3805 643 3869 vel
669 3807 801 3872 alienae.
841 3805 917 3870 Ideo
942 3827 1001 3889 pro
1025 3805 1086 3870 hac
1109 3805 1302 3871 diversitate
1324 3805 1485 3871 materiae
1506 3827 1609 3873 omne
1622 3809 1672 3875 ius

422 3973 690 3980 *aon-
695 3973 733 3980 ‘-

514 4067 570 4120 'lu
597 4066 709 4120 eandem
729 4065 925 4130 definitionem,
952 4065 1023 4134 quod
1042 4065 1077 4118 ad
1095 4065 1277 4120 substantiam
1296 4064 1409 4129 attinet,
1434 4065 1540 4133 passim
1559 4083 1670 4121 eanm-
1754 4048 1756 4064 ¹

421 4157 493 4210 tiunt
511 4155 530 4208 ii
549 4155 711 4225 scriptores,
737 4155 864 4222 quicum
890 4154 1020 4208 universa
1039 4153 1189 4207 christiana
1213 4153 1378 4221 antiquitate
1397 4153 1568 4209 individuum
1589 4161 1670 4224 atque

422 4242 594 4299 essentialem
613 4260 714 4296 nexum
733 4243 820 4297 omnis
839 4243 907 4296 iuris
925 4260 988 4296 eum
1005 4242 1067 4310 lege
1086 4243 1181 4296 morali
1201 4245 1361 4309 agnoscunt.
1393 4241 1436 4296 Ita
1454 4241 1472 4296 i.
1492 4259 1516 4296 a.
1537 4245 1669 4298 Rasmias'-

423 4335 543 4402 aeroas,
569 4331 695 4386 rhosos
714 4330 758 4384 uu
776 4331 878 4385 unsa
896 4331 909 4384 1
930 4331 995 4385 rso:
1025 4330 1063 4395 ,u
1089 4330 1182 4384 aista
1201 4333 1216 4382 s
1234 4347 1288 4383 una
1313 4330 1415 4383 raaia
1441 4331 1469 4383 a
1494 4349 1609 4401 optram
1629 4335 1668 4387 aa
1754 4306 1756 4335 '

423 4422 472 4476 che
491 4421 582 4490 piace,
609 4421 727 4490 protetta
746 4420 820 4474 dalla
838 4419 918 4488 legge
937 4419 1054 4484 morale,
1080 4419 1130 4472 che
1148 4435 1183 4472 ne
1201 4419 1332 4487 inglunge
1351 4419 1386 4472 sd
1406 4417 1471 4472 altri
1490 4418 1510 4472 il
1530 4421 1664 4489 rispetto.‘

422 4541 457 4549 -
480 4511 633 4578 Taparelli,
658 4508 758 4564 Diritto
777 4509 901 4563 naturale
920 4509 931 4562 l
951 4510 967 4576 ξ
987 4510 1054 4562 344:
1084 4525 1135 4572 ,un
1160 4507 1349 4575 irrefragabile
1374 4510 1467 4576 potere
1492 4509 1612 4563 secondo
1627 4525 1665 4562 rs·
1754 4540 1756 4551 ·

423 4600 525 4670 udonef
547 4628 582 4636 —
601 4601 716 4664 Balmes,
736 4597 864 4652 Filosofia
883 4597 1028 4651 elemental
1047 4615 1072 4667 p.
1090 4596 1151 4662 390,
1170 4597 1198 4650 in
1219 4597 1285 4650 iuris
1303 4597 1365 4650 idea
1383 4596 1487 4666 duplex
1506 4595 1664 4652 elementum

423 4687 574 4756 distinguit,
594 4687 709 4741 altemm
729 4687 799 4756 quod
819 4685 886 4740 dicit
904 4685 1006 4754 aliquid
1028 4685 1148 4753 ‚licitum
1167 4702 1202 4740 ex
1221 4689 1298 4755 parte
1311 4685 1427 4739 subiecti
1440 4685 1535 4750 iuris¹,
1555 4685 1662 4739 alterurn
1754 4716 1756 4742 ι

424 4777 576 4830 consistens
593 4775 620 4828 in
644 4775 822 4842 ,obligatione
841 4773 955 4828 aliorum
974 4773 1040 4827 illud
1053 4773 1221 4828 reverendi‘.
1242 4803 1275 4812 -
1294 4776 1461 4840 Liberaicre,
1480 4773 1662 4828 institutiones

423 4863 573 4933 philosoph.
594 4863 668 4930 1115
687 4864 736 4917 67:
765 4861 892 4928 ,Marelis
917 4861 1035 4916 facultas
1060 4863 1163 4931 aliquid
1188 4862 1317 4932 operandi
1337 4861 1381 4916 vel
1407 4861 1536 4930 exigendi
1559 4863 1660 4916 inviab·
1754 4914 1756 4935 ,

424 4951 510 5006 bilis*
551 4951 591 5006 (tl.
612 4953 724 5019 secares,
744 4951 783 5004 De
802 4951 855 5018 leg.
875 4951 888 5004 I
906 4967 929 5004 e.
949 4951 974 5016 2,
994 4949 1010 5018 §
1030 4953 1055 5006 5.
