3909 5842
523 710 565 763 De
582 713 696 764 naturae
714 708 850 764 horumne
868 710 1037 781 expansione
1057 710 1086 764 in
1104 728 1135 765 se
1154 712 1285 781 spectata.
1486 714 1526 777 21

270 889 350 955 fere
378 888 557 955 communis
582 887 776 954 resultantis
803 888 837 953 in
865 888 975 971 aliquo
1003 890 1187 971 systemate
1215 886 1331 952 virium
1364 886 1529 952 mechani-

270 1015 408 1071 carum,
439 994 658 1079 particulares
687 1014 800 1059 omnes
830 993 1066 1077 expansiones‚
1097 992 1239 1076 quaein
1265 993 1368 1060 totius
1390 998 1530 1061 naturae

271 1100 421 1167 entitate
442 1099 662 1179 inveniuntur,
693 1100 736 1165 ad
760 1099 922 1167 unitatem
945 1099 1092 1182 colligat.
1139 1099 1230 1165 Sicut
1253 1099 1339 1165 enim
1363 1100 1530 1181 quodlibet

271 1228 346 1282 ens,
379 1211 455 1275 utut
477 1205 693 1291 compositum
716 1210 751 1272 et
778 1205 853 1271 hinc
877 1205 1016 1272 diversis
1039 1205 1197 1290 potentiis
1221 1206 1410 1289 expausivis
1433 1226 1529 1291 prae·

271 1313 396 1393 ditum,
419 1316 605 1379 esttamen
627 1334 738 1390 unum,
761 1312 810 1379 ita
833 1312 907 1379 finis
931 1314 961 1381 oi
985 1314 1186 1399 respondens
1209 1334 1293 1379 unus
1316 1316 1351 1381 et
1372 1312 1448 1377 hinc
1471 1334 1530 1379 ex-

271 1420 396 1503 pansio
425 1419 534 1485 finalis
563 1420 594 1485 ei
622 1419 825 1503 respondens
854 1441 921 1486 una
950 1440 1023 1487 esse
1055 1420 1153 1487 debet
1176 1417 1333 1501 (Axiema
1355 1418 1426 1501 IV).
1474 1420 1529 1485 Ar·

273 1528 332 1612 qai
366 1525 523 1591 eiusmodi
556 1524 716 1609 expansio
747 1526 782 1591 in
814 1525 944 1591 homine
977 1530 1029 1593 est
1060 1526 1132 1611 ipsa
1163 1523 1334 1591 rationalis
1363 1524 1529 1591 voluntas.

275 1633 369 1717 Ergo
392 1636 455 1699 ete.

369 1751 531 1825 Probatur
549 1750 664 1825 minor.
704 1754 823 1834 Homo,
847 1760 884 1821 ut
907 1756 1124 1841 compositum
1147 1756 1300 1823 naturale
1316 1775 1358 1819 ex
1376 1752 1530 1819 rationali

274 1866 311 1927 et
335 1860 473 1928 animali
495 1864 651 1926 constane
673 1865 803 1938 natura,
827 1861 998 1945 utriusque
1021 1867 1162 1931 naturae
1177 1860 1328 1947 proprias
1342 1859 1531 1927 tendentiae

274 1970 311 2033 in
337 1989 404 2033 ana
426 1968 561 2031 subiecto
584 1969 745 2033 namnam
768 1966 946 2050 coniungit.
987 1968 1188 2035 Tendentiae
1211 1968 1392 2051 vegetatos,
1416 1969 1531 2050 utpote

274 2072 418 2157 physica
447 2073 646 2141 necessitate
676 2074 710 2139 in
739 2074 911 2141 servitium
935 2074 1025 2141 vitae
1049 2074 1201 2141 animalis
1224 2076 1414 2157 assumptae
1437 2072 1531 2154 eique

275 2179 319 2245 ad
342 2178 527 2263 perfectam
550 2179 713 2246 unitatem
727 2179 916 2247 immediate
932 2180 1175 2259 subordinatas,
1198 2180 1316 2247 merito
1332 2179 1384 2245 hic
1400 2177 1531 2261 neglegi

277 2290 338 2351 aut
370 2285 481 2370 potius
512 2290 681 2369 tamquam
712 2286 747 2351 in
778 2286 859 2371 ipsis
890 2287 1068 2355 tendentiie
1101 2291 1241 2354 naturae
1272 2284 1422 2351 animalis
1454 2284 1531 2349 sub·

277 2395 433 2475 sumptae
455 2390 570 2457 haberi
597 2397 746 2476 possunt.
793 2394 890 2461 Unde
913 2396 1033 2479 duplex
1058 2396 1189 2461 tantum
1216 2390 1393 2476 praecipue
1416 2388 1531 2455 classis

278 2498 516 2580 expensionum
546 2498 757 2591 naturalium⁸
775 2498 810 2564 in
837 2498 968 2592 homine
992 2498 1229 2565 consideranda
1259 2500 1386 2563 manet:
1418 2498 1530 2573 altera,

279 2625 366 2685 quae
389 2607 531 2669 naturae
551 2602 705 2669 rationali
726 2606 906 2689 respondet
928 2610 963 2672 et
986 2606 1020 2671 in
1045 2605 1195 2689 appetitu
1218 2603 1369 2671 rationali
1394 2624 1452 2669 seu
1472 2622 1531 2667 vo·

278 2708 412 2775 luntate
435 2708 601 2788 condent,
632 2712 750 2793 adera,
781 2732 865 2795 quae
895 2711 1030 2779 animali
1059 2712 1192 2795 propria
1222 2713 1275 2777 aet
1304 2713 1338 2775 et
1365 2708 1531 2794 appetitus

279 2815 458 2882 sensitivos
487 2816 583 2881 sirnul
614 2837 688 2883 curn
717 2818 896 2885 tendentiis
925 2840 984 2884 seu
1007 2818 1132 2885 viribus
1158 2815 1421 2883 locomotricibus
1444 2836 1532 2881 com-

279 2921 464 3004 prehendit.

370 3028 442 3093 Iam
465 3048 555 3106 vero,
579 3031 617 3094 ut
639 3029 831 3097 tendentiae
854 3034 923 3097 tam
946 3052 1006 3115 per
1028 3052 1064 3095 se
1088 3030 1239 3097 diversae
1263 3034 1298 3097 et
1319 3050 1379 3113 pro
1395 3026 1532 3122 diversi-

279 3137 351 3200 tate
375 3134 576 3199 obiectorum
600 3134 833 3202 dissentientes
861 3138 907 3202 ad
933 3141 1088 3203 unitatem
1116 3140 1296 3203 tendentiae
1318 3135 1438 3202 anitati
1460 3132 1532 3197 aab·

280 3241 352 3306 iacti
375 3242 499 3327 aperitis
523 3242 774 3308 accommodatae
796 3244 997 3323 ordinentur,
1022 3264 1156 3311 necesse
1178 3246 1301 3322 estut
1324 3260 1438 3307 omnes
1459 3239 1531 3304 aab·

282 3347 474 3412 ordinentur
501 3354 529 3411 ct
555 3348 755 3416 subserviant
782 3350 973 3417 tendentiae
1003 3352 1058 3417 uni
1082 3350 1237 3434 (Axiema
1260 3349 1336 3431 IV),
1367 3366 1451 3431 quae
1480 3348 1533 3409 est

281 3452 387 3532 gradu
417 3472 587 3535 suprema,
618 3453 766 3537 adeoque
795 3456 986 3523 tendentiae
1016 3457 1171 3523 rationali
1201 3479 1259 3523 seu
1289 3452 1463 3520 voluntati.
1488 3486 1532 3495 -*

282 3557 367 3623 Nam
398 3562 533 3641 praeter
562 3558 721 3625 eiusmodi
750 3562 1051 3630 subordinationem
1082 3564 1148 3631 alia
1170 3565 1226 3629 via
1253 3563 1343 3630 illam
1372 3560 1531 3627 unitatem

283 3664 444 3731 efficiendi
467 3665 607 3748 cogitari
630 3688 696 3732 non
718 3673 839 3751 potest,
863 3669 926 3735 nisi
949 3670 1038 3736 forte
1060 3709 1105 3719 -
1128 3672 1181 3737 vel
1202 3670 1357 3756 physicae
1373 3662 1532 3731 commix-

282 3771 389 3852 tionis,
415 3794 481 3855 qua
501 3774 653 3857 singulae
668 3775 886 3859 particulares
908 3778 1098 3844 tendentiae
1114 3778 1328 3843 immutentur
1350 3774 1385 3839 in
1400 3769 1532 3853 aliquod

284 3898 380 3942 unum
412 3878 619 3945 collectivum
649 3902 670 3945 a
697 3901 734 3946 se
764 3882 940 3961 diversum,
965 3922 1008 3932 -
1036 3885 1090 3950 vel
1120 3882 1359 3969 suppressionie
1389 3876 1532 3943 omnium

284 3990 415 4064 praeter
438 4006 546 4053 unam.
586 3988 655 4053 Iam
681 4010 759 4053 vero
783 3994 958 4072 utrumque
982 3992 1205 4075 experientiae
1228 3986 1474 4075 physiologicae
1498 3986 1532 4047 et

285 4091 534 4175 psychologicae
563 4114 628 4159 non
658 4094 765 4159 minue
792 4117 890 4178 quam
921 4097 1103 4181 sapientiae
1127 4096 1230 4163 divini
1253 4092 1450 4161 ordinatoria
1479 4109 1531 4154 re-

285 4202 441 4279 pugnat1.
466 4236 507 4245 —
532 4200 683 4267 Ceterum
712 4202 798 4268 idem
829 4225 889 4287 per
918 4204 1105 4287 analogiam
1137 4203 1275 4282 ordinm,
1307 4201 1361 4285 qui
1391 4198 1425 4264 in
1454 4196 1530 4261 sub-

286 4306 426 4371 stantiae
449 4306 685 4391 compositione
700 4309 826 4375 cunctis
848 4310 1071 4377 animantibus
1091 4308 1254 4377 communi
1277 4310 1425 4393 apparet,
1449 4300 1532 4368 satis

287 4412 503 4479 confirmatur.
549 4412 587 4478 ln
616 4413 682 4479 illie
705 4413 792 4479 eninr
814 4414 964 4481 videmus
993 4437 1057 4481 non
1088 4416 1192 4481 solnm
1216 4414 1341 4481 viribus
1364 4406 1532 4478 sensitivis

288 4516 510 4597 vegetatum,
534 4519 592 4584 sed
615 4519 666 4585 his
688 4520 809 4586 iterum
832 4521 921 4587 vires
944 4522 1162 4604 anorganicas
1185 4519 1399 4597 subordinari,
1424 4517 1472 4585 ita
1495 4522 1532 4584 ut

288 4620 388 4699 quivis
411 4624 534 4707 madon
557 4626 707 4709 superior
728 4627 901 4694 inferiores
917 4649 1029 4694 omnes
1046 4628 1161 4695 eadem
1184 4626 1451 4694 subordinatione
1471 4624 1531 4689 sub

289 4746 321 4791 se
332 4731 585 4816 comprehendat
597 4754 718 4816 easque
732 4756 844 4800 ornnes
859 4734 892 4800 in
908 4734 1036 4803 unitate
1049 4736 1160 4801 vitalia
1172 4733 1362 4801 tendentiae
1375 4730 1531 4814 quodam-

290 4835 378 4902 modo
400 4844 595 4922 repraesent
615 4845 639 4907 t.

297 4972 596 4989 *Q-—m

374 5049 381 5081 ¹
401 5047 443 5102 Gi.
464 5050 578 5116 Saurea,
596 5048 638 5103 De
656 5050 746 5104 anima
764 5049 782 5103 l.
801 5051 828 5117 5,
847 5068 870 5105 c.
890 5053 916 5106 6.
