3909 5842
402 672 467 737 470
610 668 700 725 Sectis
719 671 752 725 Π.
790 670 870 733 Liber
888 671 922 725 Il.
959 671 1049 743 Caput
1066 672 1115 727 lll.
1151 673 1290 729 Articulus
1310 674 1334 728 l.
1370 673 1430 742 Η.

401 845 522 911 habere
552 866 616 911 non
646 851 769 931 posset,
799 847 862 913 nisi
891 851 1062 931 tamquam
1093 848 1240 915 condicio
1270 848 1478 915 rationabilis
1502 849 1658 933 obsequii
1770 871 1771 874 ¹

402 951 599 1019 naturaliter
630 953 879 1037 praecognitum
909 958 1115 1039 supponatur
1145 955 1287 1039 officium
1316 978 1387 1022 aere
1417 957 1595 1021 insidiosam
1628 966 1659 1021 el

403 1058 639 1145 irrefrapadile,
664 1081 728 1143 quo
751 1082 816 1127 non
840 1061 945 1126 solum
968 1060 1118 1127 homines
1140 1061 1261 1145 singuli
1276 1061 1432 1145 privatim
1447 1061 1482 1127 in
1497 1083 1560 1128 sua
1575 1084 1657 1129 con·

401 1163 550 1244 scientia,
581 1186 696 1233 varum
726 1170 760 1233 et
782 1169 945 1233 bominum
969 1170 1180 1233 communitas
1203 1189 1268 1253 qua
1290 1170 1366 1234 talis
1389 1168 1460 1234 Deo
1482 1173 1657 1251 tamquam

401 1272 552 1338 absoluto
577 1271 706 1339 domino
730 1276 765 1339 et
786 1272 970 1356 legislatori
993 1271 1123 1358 publice
1146 1272 1407 1356 obstringuntur.
1446 1276 1548 1361 Atqui
1571 1275 1656 1340 haec

401 1377 587 1444 essentialis
617 1378 761 1444 universi
791 1379 922 1461 generis
952 1380 995 1445 ad
1018 1380 1123 1445 Deum
1153 1379 1290 1447 iuridica
1319 1380 1438 1445 relatio
1461 1401 1654 1465 supremum
1772 1453 1773 1460 q

402 1484 564 1567 quoddam
597 1488 648 1551 ius
679 1492 819 1551 naturae
851 1484 1033 1565 const‘tuit,
1067 1488 1146 1551 anta
1178 1506 1307 1552 omnem
1340 1486 1519 1570 positivam
1550 1486 1654 1571 legis-

400 1589 556 1657 lationem
587 1590 686 1656 etiam
718 1591 863 1659 divinam
894 1591 927 1656 vi
957 1592 1059 1657 salius
1086 1592 1170 1675 legis
1193 1592 1355 1659 naturalis
1379 1596 1414 1658 et
1435 1592 1595 1676 privatim
1618 1598 1655 1659 at

400 1696 529 1781 publice
557 1698 811 1779 agnoscendum,
843 1698 929 1781 quod
959 1696 1109 1783 prolecto
1133 1720 1198 1764 non
1221 1702 1291 1765 tum
1315 1700 1421 1765 solum
1444 1698 1562 1784 incipit
1585 1699 1654 1765 vim

399 1801 480 1867 iuris
502 1803 633 1883 habere,
657 1810 831 1889 postquam
855 1809 888 1871 et
911 1805 1074 1871 humanae
1097 1806 1247 1871 societati
1269 1805 1432 1889 placuerit
1453 1804 1536 1871 illud
1563 1806 1654 1890 posi·
1773 1849 1774 1878 ι

399 1909 469 1975 tiva
493 1916 667 1995 acceptare
691 1916 725 1978 et
748 1912 885 1979 sancire.
932 1912 1020 1998 Erpa
1044 1916 1108 1979 etc.

491 2018 622 2104 Arpano.
647 2022 678 2084 2.
727 2020 811 2100 Quia
835 2020 989 2103 arpanica
1011 2020 1168 2085 autelatis
1185 2019 1274 2103 oripo
1289 2020 1342 2084 ius
1357 2026 1498 2084 naturae
1511 2022 1655 2103 positum

402 2130 430 2189 et
452 2128 611 2209 supponit.

490 2230 625 2297 Publica
648 2230 789 2297 societas
812 2252 872 2315 pro
896 2250 956 2295 sua
979 2230 1125 2295 naturali
1148 2228 1274 2313 origine
1292 2230 1503 2297 considerata
1518 2232 1656 2297 moralis

401 2334 568 2402 cuiusdam
593 2336 772 2421 organismi
795 2340 947 2403 naturam
964 2335 1078 2414 refert,
1103 2336 1156 2418 qui
1174 2356 1194 2401 a
1209 2336 1459 2420 simplicissimis
1474 2336 1655 2402 socialibus

401 2440 582 2521 elementis,
607 2442 735 2509 scilicet
757 2442 933 2509 individuis
948 2442 1143 2521 hominibus,
1168 2441 1210 2509 ad
1225 2441 1364 2526 primam
1380 2446 1415 2508 et
1430 2441 1654 2509 mcfismrmm

402 2546 555 2614 socialem
586 2548 747 2616 unitatem
778 2548 812 2614 in
843 2548 969 2615 familia
999 2548 1151 2615 collectis
1179 2548 1374 2626 incohando,
1403 2548 1445 2614 ad
1476 2549 1653 2615 ulteriores

400 2653 473 2719 dein
498 2656 657 2739 analogas
679 2654 825 2722 unitates
848 2676 891 2721 ex
914 2654 1058 2733 familiis,
1088 2654 1287 2720 familiarum
1311 2654 1469 2732 coetibus,
1498 2654 1653 2721 tribubus
1775 2647 1776 2652 ’

401 2766 463 2831 etc.
488 2762 609 2844 iugiter
631 2761 738 2844 magis
761 2760 960 2845 compositas
983 2762 1152 2843 usquead
1175 2760 1408 2844 amplissimam
1426 2760 1570 2843 denique
1585 2762 1653 2828 for·

400 2888 487 2933 mam
511 2868 679 2935 societatis
703 2867 809 2933 civilis
825 2868 978 2951 organice
994 2868 1181 2934 succrescit.
1213 2866 1259 2933 Et
1273 2867 1394 2949 singuli
1409 2865 1542 2948 quidem
1557 2866 1654 2934 buius
1776 2915 1777 2942 1

402 2972 598 3039 evolationis
622 2972 752 3040 socialis
775 2974 898 3056 gradum
921 2995 987 3039 non
1009 2994 1101 3039 mera
1124 2974 1288 3039 elementa
1310 2978 1369 3041 aut
1383 2974 1533 3039 mambra
1548 2973 1652 3040 socie-

400 3078 482 3147 tatis
513 3079 620 3145 civilis
651 3102 723 3147 esse
753 3080 905 3147 censendi
935 3083 1023 3159 sunt,
1054 3079 1172 3162 quibus
1200 3083 1334 3163 praeter
1355 3079 1442 3143 hunc
1464 3084 1651 3163 raspem

400 3186 491 3252 nulla
520 3186 654 3271 propria
685 3187 859 3254 conveniat
889 3186 997 3252 forma
1027 3190 1061 3252 et
1090 3186 1176 3253 ratio
1200 3184 1397 3263 exsistendi3
1428 3186 1488 3251 sed
1511 3186 1651 3253 totidem

400 3292 540 3358 sociales
573 3293 779 3375 organismos
811 3293 1010 3359 naturaliter
1033 3291 1155 3359 vitales
1187 3291 1372 3374 designant,
1404 3290 1523 3373 quibus
1555 3292 1649 3357 simul

401 3418 473 3463 eum
504 3400 671 3466 essentiali
705 3400 835 3467 interna
866 3398 1101 3467 constitutione
1131 3398 1283 3484 proprius
1313 3418 1442 3481 quoque
1466 3399 1651 3466 activitatis

400 3504 531 3570 socialis
561 3506 634 3571 finis
664 3509 700 3571 et
729 3504 870 3571 ambitus
901 3504 1134 3571 antecedenter
1158 3505 1200 3570 ad
1223 3503 1396 3569 formalem
1418 3504 1650 3573 exsistentiam

401 3610 570 3677 societatis
594 3612 701 3677 civilis
725 3612 766 3678 ab
790 3614 925 3677 auctore
948 3615 1089 3676 naturae
1111 3610 1314 3694 praefigitur.
1361 3608 1452 3687 Quod
1477 3632 1561 3677 sane
1587 3612 1649 3677 iam

401 3716 561 3801 deprimo
578 3718 692 3799 gradu,
718 3719 771 3801 qui
789 3719 831 3785 ad
846 3717 1038 3784 societatem
1055 3716 1267 3802 domesticam
1284 3716 1438 3800 pertinet¹
1463 3718 1505 3783 ad
1523 3718 1648 3783 oculum

401 3828 504 3908 patet.
552 3826 647 3892 Unde
670 3826 788 3893 merito
812 3826 859 3891 ita
882 3824 1134 3891 ratiocinamur:

490 3930 679 3997 Subsistunt
706 3936 741 3998 et
767 3932 882 4015 vigent
911 3932 944 3996 in
976 3930 1136 3997 societate
1166 3928 1310 3994 humana
1333 3928 1407 4011 ipsa
1433 3929 1647 4013 compellente

401 4042 521 4105 natura
537 4038 668 4121 quidam
688 4036 827 4103 sociales
843 4036 1023 4119 organismi
1038 4035 1126 4101 omni
1145 4034 1216 4099 iure
1235 4033 1365 4118 publico
1378 4032 1535 4117 positivo,
1553 4035 1646 4100 immo

400 4145 488 4211 omni
504 4144 663 4212 societate
679 4143 809 4228 publica
825 4142 1018 4222 anteriores,
1039 4144 1129 4228 atqui
1145 4140 1250 4206 omnis
1265 4138 1425 4205 eiusmodi
1443 4141 1646 4223 organismns

401 4272 466 4335 qua
488 4251 565 4318 talis
584 4250 762 4317 subsistere
781 4248 894 4331 nequit
913 4248 975 4313 nisi
1001 4256 1179 4332 perreriae
1201 4250 1348 4313 internas
1371 4248 1457 4311 iuris
1473 4249 1645 4327 rutulianus,

401 4358 518 4439 quibus
534 4356 754 4423 constituatur
773 4360 807 4421 et
820 4359 1045 4432 conservetur,
1066 4358 1100 4419 st
1112 4374 1169 4418 eas
1188 4352 1318 4435 quidem
1332 4350 1420 4417 omni
1431 4350 1505 4420 iure
1521 4353 1646 4439 publico

401 4464 541 4549 positivo
554 4463 745 4541 anteriores,
764 4463 784 4528 i.
798 4483 826 4529 e.
840 4482 898 4545 per
914 4461 1021 4543 legem
1039 4465 1178 4527 naturae
1194 4457 1383 4524 immediate
1395 4460 1526 4525 validas
1541 4464 1576 4525 et
1587 4478 1645 4541 qua

401 4573 486 4639 tales
499 4572 641 4654 agnitas.
669 4570 756 4655 Erpa
771 4570 844 4655 ipsa
860 4570 1016 4651 organica
1032 4567 1202 4634 societatis
1218 4565 1420 4633 constructio
1432 4568 1486 4631 ius
1500 4568 1647 4631 naturale

401 4700 460 4764 per
483 4700 519 4744 se
542 4680 668 4743 firmum
693 4681 792 4743 statui
812 4678 939 4762 publico
960 4679 1180 4761 praeexistens
1203 4674 1352 4758 postulat
1374 4676 1409 4739 et
1431 4672 1597 4757 supponit.

491 4790 624 4871 Arpurn.
649 4788 679 4851 3.
714 4786 798 4865 Quia
821 4786 873 4848 ius
895 4791 1035 4849 naturae
1058 4785 1093 4846 in
1117 4782 1231 4847 ordine
1251 4778 1646 4865 prouidentiaenaturalir

400 4896 529 4960 unicum
555 4900 582 4959 et
605 4894 818 4957 necessarium
834 4890 1007 4955 iuridicum
1022 4888 1221 4974 praesidium
1239 4894 1285 4952 est
1299 4886 1458 4952 libertatis
1469 4886 1645 4972 pascualis

402 5000 556 5065 adversus
581 5000 663 5063 iuris
686 4998 821 5063 bumont
845 4998 964 5063 abusus
987 4994 1156 5077 manifeste
1179 4993 1382 5061 arbitrarius.
