3909 5842
439 627 504 692 302
666 623 755 678 Sectio
776 624 795 678 Ι.
832 623 889 678 Lib.
909 623 955 677 IV.
994 623 1083 694 Caput
1102 623 1136 678 Il.
1176 623 1316 678 Articulus
1335 623 1359 676 2.
1398 622 1460 690 51.

438 807 491 870 est
513 801 576 868 nisi
600 803 731 886 duplex,
763 801 890 868 scilicet
917 801 1104 869 intellectus
1128 801 1199 868 sive
1222 801 1308 868 ratic
1332 805 1366 867 et
1388 801 1584 886 appetitus;
1618 800 1699 866 haec

437 909 524 975 enim
547 914 625 975 sunt
648 908 711 973 duo
734 908 904 973 moventia
926 908 959 973 in
984 908 1123 974 homine.
1142 960 1149 974 .
1169 959 1201 975 ..
1249 907 1344 973 Unde
1368 907 1474 972 omnis
1498 908 1617 973 virtus
1641 908 1698 971 hn-

437 1036 536 1080 mana
565 1018 697 1098 oportet
726 1014 812 1098 quod
842 1014 887 1081 sit
912 1015 1097 1098 perfectiva
1120 1013 1257 1080 alicuius
1280 1015 1419 1080 istorum
1442 1015 1696 1099 principiorum.

438 1123 472 1188 Si
496 1121 625 1204 quidem
649 1121 751 1204 igitur
773 1121 818 1188 sit
840 1121 1025 1206 perfectiva
1049 1121 1237 1188 intellectus
1260 1119 1456 1206 speculativi
1479 1121 1536 1186 vel
1552 1120 1697 1206 practici

438 1228 480 1294 ad
503 1228 622 1294 bonum
645 1228 785 1294 hominis
808 1233 928 1307 actum,
959 1229 1024 1294 erit
1054 1227 1161 1294 virtus
1184 1229 1424 1308 intellectualia·
1453 1228 1482 1293 si
1507 1233 1630 1296 autem
1655 1227 1695 1293 sit

439 1335 622 1418 perfectiva
637 1335 841 1419 appetitivae
856 1335 971 1418 partis,
992 1335 1056 1400 erit
1072 1335 1178 1401 virtus
1194 1337 1334 1402 moralis.
1368 1335 1462 1402 Unde
1478 1333 1697 1418 relinquitur,

439 1441 525 1522 quod
555 1441 660 1507 omnis
692 1440 798 1508 virtus
829 1440 972 1506 humana
1002 1441 1056 1506 vel
1087 1445 1139 1507 est
1160 1440 1395 1507 intellectualis
1417 1441 1473 1506 vel
1495 1439 1698 1506 moralis.‘¹

528 1545 673 1613 Similem
703 1550 813 1612 autem
844 1567 886 1612 ex
909 1547 1050 1612 adverso
1073 1533 1159 1613 vitia
1180 1567 1309 1630 quoque
1332 1545 1512 1614 virtutibus
1537 1545 1698 1630 opposita

439 1652 631 1720 divisionem
655 1652 844 1720 admittunt.

527 1759 623 1842 Ipsae
636 1759 709 1824 dein
722 1759 862 1826 virtutes
874 1760 1005 1843 proprie
1017 1763 1152 1826 morales
1164 1759 1293 1826 ratione
1308 1761 1470 1841 materiae,
1487 1757 1581 1823 circa
1595 1778 1697 1840 quam

440 1869 624 1942 versantur,
641 1865 793 1947 generice
809 1865 1055 1948 distinguuntur
1070 1865 1165 1944 aliae,
1183 1885 1267 1948 quae
1283 1869 1361 1932 sunt
1377 1865 1463 1930 circa
1476 1867 1696 1950 operationes,

439 1970 534 2046 aliae,
565 1990 649 2052 quae
680 1973 757 2036 sunt
790 1971 878 2037 circa
898 1974 1074 2057 passiones.
1121 1971 1293 2051 Nimirum,
1328 1971 1495 2056 ,operatio
1520 1975 1557 2036 et
1581 1970 1698 2054 passio

440 2074 613 2158 dupliciter
634 2078 746 2158 potest
770 2076 953 2160 comparari
977 2077 1018 2142 ad
1038 2077 1213 2142 virtutem:
1237 2097 1301 2142 uno
1318 2076 1413 2142 modo
1429 2075 1516 2141 sicut
1533 2077 1697 2145 effeetus:

440 2185 474 2246 et
497 2180 558 2245 hoc
580 2181 676 2246 modo
696 2181 801 2246 omnis
816 2181 950 2248 moralis
966 2183 1072 2248 virtus
1088 2181 1188 2249 habet
1204 2182 1331 2265 aliquas
1345 2181 1559 2272 'operationes
1578 2182 1698 2259 bonas,

441 2308 578 2369 quarum
608 2291 660 2354 est
689 2287 894 2371 productiva,
926 2293 960 2356 et
983 2288 1236 2354 delectationem
1259 2289 1402 2372 aliquam
1426 2289 1479 2354 vel
1503 2289 1698 2355 tristitiam.

441 2415 525 2477 quae
547 2397 625 2460 sunt
648 2393 827 2478 passiones.
853 2447 859 2461 .
887 2447 893 2461 .
920 2446 928 2460 .
974 2393 1048 2459 Alio
1072 2394 1168 2460 modo
1192 2399 1302 2478 potest
1326 2393 1509 2478 comparari
1538 2397 1698 2478 operatio

442 2501 484 2566 ad
507 2501 663 2567 virtutem
687 2501 844 2566 moralem
867 2500 952 2568 sicut
975 2501 1115 2568 materia
1139 2501 1227 2568 circa
1250 2523 1347 2584 quarn
1365 2505 1432 2578 est;
1457 2505 1491 2568 et
1506 2501 1697 2568 secundum

441 2606 502 2671 hoc
526 2610 656 2691 oportet
680 2607 763 2673 alias
787 2628 859 2672 esse
882 2608 1024 2676 virtutes
1047 2609 1188 2676 morales
1213 2608 1298 2675 circa
1322 2608 1531 2694 operationes
1555 2613 1593 2675 et
1611 2610 1699 2676 alias

442 2712 530 2778 cirea
552 2713 768 2798 passiones“2.

443 2850 512 2921 339.
603 2853 811 2919 Communior
839 2853 956 2920 divisio
992 2858 1026 2920 et
1058 2854 1123 2920 iam
1153 2875 1174 2920 a
1203 2855 1417 2939 scriptoribus
1450 2855 1699 2937 antiquissimis

442 2957 567 3024 usitata
589 2958 648 3024 illa
671 2965 732 3036 est,
762 2980 846 3043 quae
875 2961 1017 3027 virtutes
1048 2981 1160 3026 omnes
1187 2962 1328 3026 morales
1352 2962 1393 3026 ad
1417 2965 1577 3044 quattuor
1602 2963 1698 3045 prin·

443 3065 564 3149 cipales
579 3065 715 3150 species,
736 3069 955 3152 prudentiam,
972 3070 1140 3150 iustitiam,
1156 3072 1398 3154 temperantiam
1415 3073 1450 3134 et
1462 3069 1696 3150 fortitudinem

442 3178 587 3240 revocat.
634 3173 687 3240 lta
717 3173 784 3239 iam
816 3175 903 3258 apud
935 3175 1122 3241 Ciceronem
1154 3173 1310 3257 legimus:
1349 3175 1480 3254 ,Omna
1516 3175 1608 3256 quod
1644 3183 1698 3240 est

441 3279 624 3358 honestum,
648 3279 680 3344 id
697 3283 854 3363 quattuor
869 3281 1011 3365 partium
1036 3281 1141 3347 oritur
1164 3301 1206 3346 ex
1230 3281 1359 3364 aliqua:
1382 3277 1442 3346 aut
1460 3280 1598 3345 enimin
1617 3303 1696 3366 per·

441 3386 616 3469 spicientia
646 3387 716 3451 veri
747 3387 947 3470 solertiaque
976 3393 1145 3455 versatur:
1179 3391 1237 3452 aut
1267 3387 1300 3452 in
1330 3386 1495 3452 hominum
1525 3385 1695 3453 societate

440 3491 563 3558 tuenda
592 3493 830 3576 tribuendoque
860 3515 954 3559 suurn
985 3493 1100 3575 cuique
1132 3498 1166 3559 et
1196 3513 1304 3558 rerum
1335 3497 1580 3559 contractarum
1609 3493 1695 3558 fide:

440 3597 553 3664 autin
577 3598 677 3663 animi
700 3600 823 3665 excelsi
846 3604 946 3683 atque
969 3599 1084 3665 invicti
1107 3599 1332 3682 magnitudine
1355 3619 1394 3664 ac
1417 3599 1551 3664 robore:
1576 3601 1694 3667 autin

440 3704 592 3780 omnium,
626 3725 709 3786 quae
738 3707 822 3770 fiunt
851 3725 999 3787 quaeque
1024 3704 1186 3784 dicuntur,
1217 3705 1331 3770 ordine
1361 3709 1394 3772 et
1417 3705 1523 3783 modo,
1557 3705 1590 3770 in
1626 3727 1693 3787 quo
1767 3743 1768 3796 j

439 3810 526 3876 inest
548 3809 711 3876 modestia
733 3815 767 3878 et
782 3811 1059 3896 temperantia.“³
1091 3811 1176 3876 Hinc
1193 3815 1254 3890 est,
1279 3811 1365 3893 quod
1381 3810 1515 3876 eaedem
1532 3811 1691 3883 virtutes.
1767 3815 1768 3818 ’

440 3936 564 3998 eaeque
588 3916 678 3981 solae
702 3919 886 3983 cardinales
909 3919 1009 4001 vulgo
1025 3917 1250 4002 appellantem
1276 3917 1352 3999 quia
1368 3938 1467 4000 super
1483 3938 1550 3996 eas,
1575 3921 1615 3984 ut
1632 3919 1692 3983 ob-

439 4026 553 4088 servat
571 4023 602 4089 S.
620 4022 773 4101 Thomas,
797 4025 882 4090 aliae
899 4025 1040 4091 virtutes
1055 4026 1238 4101 firmantur,
1255 4023 1340 4088 sicut
1356 4022 1474 4088 ostium
1490 4023 1525 4088 in
1541 4023 1691 4090 cardine.

528 4131 612 4196 Esse
632 4135 743 4198 autem
767 4131 953 4214 praedictas
976 4134 1134 4213 quattuor
1156 4131 1282 4196 virtues
1307 4130 1489 4196 cardinales
1513 4151 1572 4195 seu
1595 4131 1691 4214 prin-

439 4238 562 4321 cipales
591 4238 674 4302 idem
700 4237 732 4302 S.
757 4239 881 4303 Ductor
910 4238 958 4303 ita
982 4236 1119 4302 evincit:
1156 4235 1338 4313 ,Numerus
1354 4227 1550 4318 'aliquorum
1582 4235 1688 4320 accipi

438 4349 550 4428 potest
574 4345 626 4409 vel
650 4345 826 4410 secundum
851 4345 1012 4430 principia
1028 4343 1179 4409 formalia
1195 4347 1253 4408 aut
1268 4343 1444 4409 secundum
1461 4341 1628 4418 subiecta;
1656 4347 1689 4407 et-

439 4455 577 4532 utroque
593 4451 687 4515 modo
703 4450 915 4518 inveniuntur
934 4453 1091 4534 quattuor
1107 4449 1289 4516 cardinales
1305 4449 1456 4516 virtutes.
1482 4449 1686 4534 Principium

364 4645 368 4651 .
440 4560 523 4623 enim
544 4557 680 4638 formale
695 4556 838 4635 virtutis,
864 4557 904 4623 de
928 4579 993 4639 qua
1016 4578 1102 4622 nunc
1126 4557 1297 4640 loquimur,
1323 4560 1375 4621 est
1391 4558 1528 4622 rationis
1549 4556 1692 4637 bonam,-

441 4662 526 4744 quod
549 4661 679 4744 quidem
702 4663 876 4747 dupliciter
904 4667 1016 4746 potest
1040 4663 1257 4729 considerari:
1288 4661 1362 4730 Uno
1385 4663 1482 4729 modo
1505 4663 1691 4728 secundum

553 4805 667 4812 ..β-.-

533 4867 541 4896 ¹
561 4865 584 4928 l,
604 4863 628 4929 2,
648 4882 673 4932 q.
693 4863 735 4928 58,
755 4880 779 4916 a.
799 4863 823 4915 3.
932 4862 943 4894 ²
963 4863 986 4926 l,
1006 4861 1030 4928 2,
1050 4880 1076 4931 q.
1096 4863 1138 4927 60,
1158 4880 1181 4916 a.
1201 4863 1226 4915 2.

531 4954 599 5004 ³De
617 4953 661 5005 off.
680 4952 698 5004 l.
720 4953 742 5015 1,
762 4969 784 5004 c.
804 4953 829 5004 5.
