3909 5842
544 681 690 738 Societatis
708 681 797 738 8181118
816 683 892 750 origo
911 681 1046 737 naturalis
1064 682 1225 736 ostenditur.
1448 687 1514 752 363

261 861 361 920 181888
376 879 411 919 88
425 859 494 931 fine,
510 857 725 918 communionis
740 877 855 935 quoqne
870 877 905 918 88
920 859 1121 919 fraternitatis
1135 859 1287 919 vinculum
1300 863 1377 919 inter
1389 861 1517 920 18881888

262 959 399 1018 laxatum
428 976 464 1016 ac
491 976 584 1034 prope
612 956 778 1032 disruptum
806 961 880 1017 erat
922 957 979 1016 Sed
1003 957 1081 1016 idem
1101 958 1228 1018 unitatis
1248 957 1399 1017 vinculum
1420 977 1516 1016 resar-

265 1057 403 1115 ciendum
424 1059 513 1131 atque
534 1054 647 1114 firmius
669 1074 754 1131 quam
777 1075 914 1132 umquam
936 1060 1008 1115 ante
1027 1056 1205 1116 nectendum
1227 1055 1361 1132 suscepit
1381 1055 1518 1115 Christus

265 1155 421 1223 Dominus,
443 1153 573 1212 omnium
593 1153 694 1212 188188
716 1171 782 1211 cum
797 1153 862 1212 Deo
883 1153 1102 1225 reconciliator,
1124 1155 1219 1212 188188
1240 1159 1270 1212 81
1284 1173 1346 1214 rex.
1374 1153 1437 1212 Nec
1458 1172 1518 1212 non

264 1251 361 1328 ipsius
389 1249 570 1310 universalis
598 1249 749 1310 hominum
778 1251 992 1310 communionis
1018 1253 1138 1311 realiter
1165 1253 1329 1326 efficiendae
1350 1250 1517 1310 certissima

266 1350 462 1409 fundamenta
482 1347 562 1420 iecit,
584 1348 736 1407 inculcata
757 1348 934 1424 praesertim
954 1351 1129 1408 universalia
1148 1353 1282 1409 caritatis
1302 1352 1360 1427 Iope
1373 1353 1463 1424 atque
1477 1348 1518 1406 iu·

267 1448 374 1507 stituto
388 1446 543 1506 Ecclesiae
565 1465 637 1505 suae
651 1465 739 1524 ropac
752 1449 911 1508 universali
924 1455 950 1506 et
963 1448 1109 1524 catholieo,
1130 1447 1334 1506 catholicitate
1348 1464 1409 1504 uon
1423 1444 1518 1503 solum

267 1544 375 1622 spatii,
404 1544 458 1603 sed
485 1543 575 1603 etiam
602 1549 767 1620 temporum
779 1549 796 1603 ¹.
839 1543 1040 1620 Originariam
1068 1543 1160 1619 igitur
1187 1544 1309 1603 humaui
1335 1542 1456 1618 generis
1480 1542 1517 1601 ad

266 1641 468 1701 universalem
489 1640 664 1701 societatem
687 1641 924 1701 constituendam
946 1641 1192 1713 destinationem,
1215 1662 1272 1718 per
1292 1661 1321 1701 88
1341 1642 1517 1716 naturalem,

267 1741 322 1799 881
342 1744 467 1817 peccato
482 1739 567 1815 quasi
582 1743 755 1808 emortuam,
778 1739 860 1798 88188
876 1738 1013 1798 Christus
1027 1738 1221 1798 resuscitavit
1235 1738 1379 1814 simulque
1393 1743 1518 1796 naturae

269 1837 472 1897 condicionem
494 1836 632 1896 adhunc
654 1837 743 1895 118818
764 1837 987 1914 supernaturali
1001 1836 1186 1896 incremento
1200 1836 1294 1896 auxit.
1324 1835 1409 1895 Unde
1423 1854 1520 1911 quem-

268 1935 423 1994 admodum
445 1953 534 2012 super
554 1934 619 1993 solo
641 1933 824 1994 christianae
845 1935 999 2010 religionis
1021 1941 1051 1994 81
1065 1934 1220 1995 Ecclesiae
1236 1933 1402 1994 catholicae
1416 1932 1519 1992 18818·

269 2038 368 2093 mento
389 2033 446 2092 hoc
474 2031 609 2092 ultimum
638 2032 758 2092 socialis
786 2037 955 2092 structurae
985 2032 1140 2108 fastigium
1160 2052 1215 2110 per
1235 2051 1268 2092 88
1288 2030 1431 2109 possibile
1453 2049 1521 2089 8888

269 2131 462 2206 intellegitur,
483 2129 526 2189 ita
547 2130 620 2189 11181
641 2149 694 2207 per
716 2130 912 2190 defectionem
933 2131 1108 2207 populorum
1130 2130 1282 2189 aOhristo
1296 2129 1345 2188 vel
1367 2128 1521 2187 81118818-

270 2229 333 2288 siae
364 2227 569 2288 oatholicitate
596 2228 732 2304 impediri
754 2247 789 2287 ac
810 2227 925 2287 irritum
946 2228 1012 2288 fieri
1032 2247 1157 2287 8888888
1178 2233 1232 2287 est.
1274 2227 1439 2304 Propterea
1458 2245 1518 2284 non

271 2328 366 2386 solum
387 2325 549 2386 socialiemi
570 2325 813 2386 intemationalie
835 2326 1069 2404 conspiratores,
1091 2325 1237 2385 atheismo
1257 2325 1439 2400 gloriantes,
1467 2323 1519 2382 sed

272 2425 360 2484 etiam
381 2423 514 2484 moderni
533 2423 608 2482 iuris
629 2423 741 2501 publici
761 2424 958 2501 interpretes,
988 2442 1100 2482 merum
1127 2421 1353 2482 naturalismum
1373 2421 1519 2480 8811818·

270 2541 349 2581 mum
369 2521 554 2598 profitentes,
575 2521 696 2581 tametsi
719 2525 846 2581 obscuro
867 2521 993 2598 quodam
1014 2520 1161 2580 naturalis
1181 2520 1262 2580 illius
1275 2520 1360 2578 ideae
1373 2519 1519 2578 instinctu

272 2619 360 2688 ducti,
383 2618 578 2694 nequidquam
599 2624 698 2678 tamen
720 2618 919 2678 universalem
941 2617 1099 2694 aliquando
1121 2623 1151 2676 et
1171 2637 1261 2676 unam
1279 2618 1372 2677 totius
1386 2617 1519 2676 humaui-

270 2717 342 2775 tatia
363 2715 574 2792 rempublicam
600 2717 768 2791 erigendam
797 2716 982 2788 somniant';
1010 2716 1225 2792 nequidquam,
1252 2715 1393 2786 dicimus,
1420 2731 1519 2790 quam·

363 2905 420 2958 Ι11
446 2907 608 2972 81681881,
634 2905 751 2973 L'eglisa
777 2908 805 2960 81
829 2905 857 2958 18
883 2905 986 2958 8881616
1011 2904 1096 2958 818861
1116 2904 1195 2974 chap.
1216 2905 1263 2967 14,
1290 2903 1437 2958 muitetur
1454 2901 1518 2957 8881-

271 2995 353 3048 bene:
382 2993 438 3060 ,En
463 2999 551 3048 meme
575 2997 666 3064 temps
693 3011 745 3062 que
770 3010 819 3047 son
839 2992 943 3061 origine
962 2996 1006 3046 eat
1024 2995 1128 3060 118188,
1152 2993 1232 3046 11168
1257 2990 1459 3046 fondamentale
1483 2990 1519 3044 du

273 3082 474 3136 christianisme
493 3085 537 3136 est
556 3082 789 3137 essentiellemont
806 3085 835 3135 et
852 3099 902 3151 par
921 3081 1076 3135 excellence
1095 3082 1229 3134 18888188.
1258 3079 1327 3133 Saus
1346 3078 1468 3148 l’empire
1486 3077 1520 3130 18

271 3175 344 3226 88118
370 3172 430 3225 idda
455 3171 481 3224 18
506 3171 708 3225 christianisme
733 3187 749 3223 a
771 3169 911 3223 8881811686
936 3163 1000 3222 toue'
1024 3169 1065 3222 les
1090 3169 1227 3232 hommes,
1252 3172 1316 3221 tous
1340 3167 1382 3220 188
1406 3165 1520 3235 peuples

272 3277 375 3314 comme
400 3260 451 3313 1168
470 3263 546 3313 88188
565 3276 619 3312 eux
639 3275 688 3328 par
706 3257 826 3312 d’autres
844 3257 915 3312 liene
933 3275 987 3326 que
1005 3257 1033 3310 18
1051 3257 1140 3319 force,
1165 3273 1215 3326 par
1240 3255 1376 3309 18811888
1394 3254 1520 3323 indepen-

272 3350 353 3402 dents
372 3346 600 3401 1818118888116
619 3346 837 3400 18818881181888
856 3349 884 3399 81
903 3347 951 3400 188
970 3351 1208 3413 gouvernements.
1239 3343 1313 3397 ’1888
1331 3343 1373 3396 188
1390 3342 1521 3403 hommes,

271 3443 334 3490 tous
353 3435 394 3490 les
412 3435 524 3505 peuples
543 3436 646 3488 etaient
665 3435 784 3506 compris
803 3435 872 3488 1888
890 3451 922 3488 88
941 3433 1068 3488 mission:
1088 3433 1165 3486 Allez
1184 3441 1208 3485 et
1219 3435 1365 3486 1881888888
1383 3431 1523 3483 1888188188

271 3529 387 3578 nattam.
425 3525 466 3578 En
492 3523 652 3579 travaillant
677 3527 845 3578 1888888118
863 3527 955 3577 188188
979 3522 1021 3576 188
1045 3521 1154 3576 8811888
1175 3520 1202 3573 18
1220 3519 1424 3574 christianisme
1442 3535 1459 3572 a
1478 3535 1522 3570 en·

272 3613 355 3667 18818
374 3613 448 3667 aussi
467 3613 508 3667 188
526 3616 609 3682 antr,
636 3617 664 3667 81
689 3613 758 3668 18188
783 3615 910 3682 86861888
935 3611 1003 3664 1888
1028 3610 1103 3664 leurs
1120 3614 1248 3680 rapports
1266 3609 1315 3664 des
1333 3609 1471 3678 principes
1490 3608 1523 3661 de

269 3703 371 3774 justice
390 3707 418 3756 81
437 3703 470 3756 18
489 3701 516 3755 18
535 3702 608 3772 paix,
628 3702 661 3756 de
680 3703 752 3756 droit
770 3705 799 3755 81
816 3701 850 3754 18
869 3701 962 3754 devoir
987 3699 1116 3753 mutuels.
1154 3699 1228 3753 G’eet
1253 3715 1288 3751 88
1307 3714 1369 3750 nom
1389 3696 1524 3750 1818181

272 3795 302 3844 81
320 3792 352 3843 de
371 3790 398 3844 la
416 3790 453 3844 181
472 3789 630 3844 8186118888
648 3790 738 3858 qu’est
756 3794 798 3854 86,
819 3788 932 3844 188818
951 3789 1111 3851 8186118816,
1130 3787 1156 3840 18
1169 3787 1301 3841 18811188
1314 3786 1406 3853 genef
1428 3814 1463 3822 -
1482 3785 1522 3838 De

271 3879 396 3933 efficacia
427 3877 592 3933 christianae
626 3877 766 3946 religionis
797 3877 938 3931 essentiali
969 3876 1109 3931 socialiter
1138 3875 1248 3929 uniendi
1280 3873 1393 3943 populos
1425 3873 1461 3926 81.
1495 3876 1523 3926 81

272 3970 306 4025 F.
327 3970 441 4038 Walter,
467 3967 680 4032 Kirohenraoht,
706 3968 731 4022 8.
751 3967 842 4030 Buch,
870 3965 973 4033 §342;
999 3958 1463 4025 Ν818888811881Ρ8111118138.
1488 3990 1523 3998 -

272 4059 359 4110 Immo
385 4057 456 4127 apud
482 4058 570 4126 ipsum
591 4058 684 4110 1888.
705 4057 878 4123 Hammona,
904 4052 1080 4122 Philosophia
1106 4053 1155 4106 188
1176 4052 1374 4106 Unbewuasten
1401 4049 1467 4111 339,
1495 4049 1524 4101 18

272 4145 386 4200 eandem
398 4163 457 4198 rem
469 4144 537 4200 haec
549 4145 681 4214 legimus:
705 4143 815 4210 ,Dieser
827 4142 1085 4211 Kosmopolitismus
1098 4141 1146 4194 der
1158 4138 1410 4193 mittelalteriicheu
1423 4137 1524 4190 Kirche

272 4234 310 4288 ist
328 4251 382 4288 von
401 4233 448 4286 der
467 4233 681 4301 greaeartigsten
700 4231 754 4284 und
773 4229 1005 4298 folgenreichsten
1024 4229 1189 4298 politischen
1207 4228 1263 4281 und
1281 4226 1400 4280 88818188
1419 4225 1524 4278 Beden-

271 4328 356 4391 tuug;
384 4323 454 4376 deun
480 4340 510 4376 88
534 4322 594 4390 giht
619 4338 678 4374 zum
705 4319 869 4374 erstenmale
895 4319 947 4371 deu
973 4317 1167 4386 Angehtrigen
1191 4315 1400 4370 verschiedener
1421 4313 1525 4367 thker

272 4412 327 4465 881
354 4409 467 4464 8188188
493 4412 537 4464 818
562 4407 755 4464 solidarieches
779 4407 981 4472 Bewusstsein,
1001 4391 1145 4460 Ι8888811881
1170 4405 1291 4460 18188811
1318 4403 1444 4457 88188818
1468 4401 1524 4454 881

273 4499 393 4553 18188818
419 4499 471 4553 188
496 4498 658 4552 friedlicheu
677 4495 803 4550 Verkehr
828 4493 1039 4548 verschiedenar
1055 4494 1160 4548 leher
1178 4492 1389 4548 unteroinander
1407 4490 1462 4544 und
1480 4490 1524 4544 be-

272 4587 354 4642 reitet
380 4589 429 4642 188
455 4584 695 4656 kosmopolitische
713 4584 899 4639 Bewnssteeiu
926 4585 973 4637 188
998 4584 1144 4637 modemen
1162 4583 1221 4636 Ζ811
1239 4600 1303 4648 888,
1329 4578 1447 4634 welches
1466 4576 1524 4632 sich

273 4676 324 4730 aui
340 4677 401 4730 dem
420 4675 538 4730 88818188
558 4671 841 4742 Humanitttsprinzip
859 4671 979 4726 erhebt.“

363 4764 560 4830 'Blantecltli,
586 4762 704 4830 Aligem.
724 4759 896 4814 Staatsrecht
915 4759 963 4812 11.
985 4759 1009 4823 l,
1029 4775 1052 4812 c.
1071 4759 1088 4811 2
1109 4757 1336 4826 (,Weltstaat“),
1355 4755 1395 4808 ita
1413 4753 1524 4808 scribite

275 4852 382 4918 ,Weuu
402 4852 445 4906 dis
464 4850 637 4906 Mensohheit
661 4849 689 4902 in
708 4847 855 4902 Wahrheit
874 4847 917 4901 eiu
936 4846 1045 4902 Gauzes
1062 4847 1114 4910 ist,
1140 4863 1219 4899 weun
1240 4844 1351 4899 818888
1371 4843 1460 4897 ciuem
1479 4857 1524 4908 ge·

272 4941 442 4994 meinsamen
462 4938 555 4994 Geiste
581 4936 686 4992 hasselt
704 4936 756 5002 181,
782 4936 833 4989 wie
859 4935 940 4989 881118
965 4933 1006 4988 818
1025 4929 1525 4998 81811888111188181111811888111888

272 5030 388 5098 eigeneu
407 5027 524 5082 Wesene
544 5026 661 5092 8188188,
682 5026 707 5080 d.
727 5025 753 5079 h.
772 5041 833 5079 rum
847 5023 941 5078 Staate
959 5039 994 5076 88
1012 5022 1122 5076 888188
1140 5021 1266 5076 suchen‘l
1287 5049 1321 5059 —
1340 5019 1390 5073 Die
1401 5017 1524 5072 rational
