3909 5842
764 677 872 736 Relatio
890 679 1014 734 inridica.
1449 682 1514 748 893

252 855 395 940 publico
426 874 485 939 per
514 854 692 922 humanam
723 856 915 924 societatem
946 861 1057 924 erecto
1087 859 1122 922 ot
1150 856 1278 922 sancito
1305 855 1515 940 participent.

253 963 305 1028 Et
339 983 379 1028 eo
409 962 540 1045 quidem
569 961 775 1046 potissimum
802 962 949 1047 pertinet
971 982 1087 1028 recens
1109 961 1190 1028 iuris
1212 961 1352 1039 theoria,
1383 981 1514 1028 conser-

254 1069 384 1135 votiva
407 1090 504 1152 quam
528 1089 608 1153 prae
632 1089 668 1136 so
691 1069 759 1136 fert
773 1069 883 1135 indole
900 1069 1125 1154 multipliciter
1141 1069 1369 1136 commendata
1383 1071 1516 1154 lateque

254 1179 461 1260 propagata,
480 1195 578 1258 quam
591 1176 690 1260 vulgo
707 1175 857 1254 ,scholae
870 1175 1067 1243 historicae*
1083 1177 1213 1242 nomine
1226 1176 1514 1261 comprehendunt,

255 1285 296 1348 et
329 1281 424 1348 cuius
454 1282 649 1366 praecipuus
679 1303 799 1366 praeco
823 1287 858 1350 et
880 1283 1045 1367 interpres
1068 1283 1157 1350 inter
1179 1283 1260 1350 iuris
1283 1284 1435 1350 doctores
1457 1303 1516 1349 cx·

254 1387 352 1454 stitit
375 1389 412 1454 F.
425 1389 469 1454 ’.1.
495 1390 595 1456 Stati.
642 1389 675 1454 Ie
698 1388 800 1472 igitur
822 1409 843 1456 a
866 1389 1029 1456 communi
1052 1389 1109 1456 illo
1132 1389 1291 1474 principio
1306 1389 1516 1474 proficiscens

259 1494 471 1573 ,subiectum
500 1495 612 1572 iuris“,
643 1495 701 1572 ait,
737 1498 807 1572 ,ost
833 1495 972 1580 populus
995 1495 1028 1560 in
1052 1515 1115 1560 sua
1136 1495 1265 1562 unitate
1288 1495 1515 1562 consideratus

256 1622 321 1666 eeu
356 1605 467 1668 statue
498 1601 657 1686 publicus,
691 1623 756 1667 non
789 1607 898 1668 autem
930 1601 1141 1686 particularis
1170 1603 1268 1668 homo
1295 1623 1360 1686 qua
1382 1602 1478 1669 talis·
1492 1605 1513 1668 ¹.

258 1708 363 1776 Unde
398 1707 609 1791 consequitur
638 1728 658 1774 a
688 1707 817 1774 fortiori
854 1707 955 1774 etiam
988 1711 1188 1792 potestatem
1219 1709 1301 1775 iuris
1331 1708 1515 1775 coactivam

259 1816 327 1882 soli
359 1816 462 1882 statui
484 1815 615 1900 publico
636 1838 694 1902 per
717 1837 750 1881 sc
772 1819 807 1882 et
826 1817 982 1900 primitas
1005 1819 1203 1900 competere,
1235 1815 1374 1898 singulis
1403 1818 1515 1883 autom

259 1942 329 1986 non
354 1943 449 1988 secus
473 1943 512 1988 ac
534 1922 607 2006 ipsa
629 1921 712 2000 iura,
736 1920 864 1988 scilicet
886 1924 1017 1988 tanturn
1040 1941 1100 2004 por
1122 1921 1360 1988 derivationem
1377 1925 1412 1988 et
1427 1941 1515 1987 com·

259 2028 530 2096 municationem.
554 2026 732 2110 -Atque
761 2027 843 2092 haec
873 2027 1003 2109 quidem
1033 2027 1095 2092 hoc
1124 2027 1198 2092 loco
1224 2027 1330 2094 solum
1352 2027 1515 2093 indicasse

259 2133 425 2213 sufficiat,
459 2155 531 2200 oum
562 2135 669 2218 ipsum
698 2133 875 2200 fecundum
904 2133 1117 2218 principium,
1148 2134 1234 2200 unde
1264 2133 1329 2200 ista
1356 2138 1391 2200 et
1419 2133 1515 2218 plura

261 2239 333 2305 alia
357 2239 536 2318 dimanant,
561 2239 639 2306 alibi
662 2261 756 2306 suam
780 2239 955 2323 specialem
979 2240 1079 2305 crisin
1102 2240 1269 2324 deposcat.

263 2413 313 2467 llI.
335 2415 396 2480 Qua
415 2416 565 2468 normaton
583 2415 700 2468 cosmica
718 2416 790 2467 turis
808 2415 1002 2468 inviolabilitas
1014 2415 1158 2483 physicam
1177 2415 1288 2485 copends'
1297 2416 1444 2483 paeoniam
1460 2413 1514 2466 sihi

753 2505 872 2556 comitem
890 2505 1035 2572 requirat?

263 2609 338 2682 485.
429 2612 490 2678 Est
519 2612 601 2678 haec
631 2611 781 2694 quaestio
812 2631 854 2676 ex
884 2610 934 2688 iis,
966 2631 1051 2693 quae
1078 2631 1158 2695 prae
1181 2611 1301 2677 ceteris
1324 2610 1449 2678 directe
1471 2614 1513 2680 ad

263 2717 441 2800 genuinam
471 2717 551 2783 iuris
581 2718 746 2784 notionem
774 2717 1058 2784 determinandam
1080 2717 1257 2801 pertinent.
1303 2717 1342 2782 In
1365 2737 1406 2784 ea
1428 2719 1514 2786 onim

264 2824 368 2891 veluti
398 2824 432 2889 in
461 2823 683 2908 praeliminari
715 2823 905 2907 compendio
933 2823 1004 2888 fere
1026 2825 1100 2888 tota
1123 2823 1190 2888 iam
1212 2822 1301 2889 illius
1324 2824 1514 2891 certaminis

263 2931 351 2996 ratio
381 2930 577 3008 continetur,
608 2951 671 3013 quo
699 2930 845 2996 moderni
868 2929 949 2994 iuris
972 2929 1090 3013 legalis
1113 2930 1353 2996 mechanismus
1375 2931 1417 2996 ab
1439 2931 1514 2998 idea

264 3037 345 3102 iuris
378 3037 797 3120 christiano-philosophica
829 3035 984 3114 dissidet,
1021 3041 1055 3102 ot
1088 3036 1179 3101 cuius
1209 3037 1337 3121 plenior
1369 3037 1513 3120 cognitio

266 3143 363 3208 alteri
387 3142 487 3227 capiti
509 3143 713 3209 reservanda
736 3147 797 3208 cst.

354 3249 489 3316 Interim
513 3269 591 3314 voro
615 3249 709 3315 iuvat
732 3249 909 3314 secundum
932 3248 1136 3332 propositum
1159 3247 1254 3314 huius
1278 3249 1374 3332 primi
1397 3249 1514 3333 capitis

265 3375 378 3420 veram
402 3355 489 3419 illius
513 3355 708 3420 solutionem
730 3355 796 3420 iam
819 3354 881 3420 hoc
905 3355 976 3420 loco
992 3354 1041 3422 ita
1056 3355 1295 3439 praestabilius,
1320 3359 1358 3421 ut
1373 3375 1413 3420 ea
1427 3359 1513 3420 tam·

267 3481 363 3543 quam
392 3469 560 3527 certumst
583 3464 730 3547 ycncrclc
754 3463 917 3528 doctrinae
938 3464 1133 3548 principium
1158 3462 1413 3545 quibuscumque
1436 3483 1513 3526 oon·

268 3566 366 3632 cretis
389 3565 661 3650 applicationibus
683 3572 791 3635 tutam
814 3567 923 3634 iudicii
947 3589 1094 3634 normam
1118 3567 1315 3654 suppeditet.

356 3673 560 3757 Responsum
593 3677 703 3740 autem
733 3674 775 3740 ad
798 3674 1001 3758 propositam
1025 3673 1250 3757 quaestionem
1273 3674 1395 3759 partim
1419 3674 1513 3758 offir-

269 3784 404 3846 motionc
426 3779 547 3864 partim
571 3784 735 3867 repertione
758 3781 925 3848 consistit:

271 3919 339 3990 486.
432 3923 461 3989 1.
485 3921 811 3988 Affirmandum:

356 4027 389 4110 a)
413 4027 451 4092 ln
473 4028 555 4094 reali
579 4032 613 4094 et
637 4027 820 4096 sufficiente
844 4027 994 4112 potentia
1017 4027 1219 4095 coactionem
1243 4027 1394 4093 effectivo
1418 4047 1513 4093 exor-

273 4133 362 4199 condi
390 4138 603 4200 necessarium
634 4137 848 4201 condicionem
877 4142 1039 4201 externam
1063 4133 1233 4212 contineri,
1263 4155 1329 4216 qua
1359 4137 1458 4200 realis
1487 4142 1515 4200 et

274 4248 416 4306 externus
446 4241 573 4324 effectus
602 4241 739 4307 alicuius
754 4239 848 4306 ‘iuris
871 4261 935 4306 non
959 4241 1066 4306 solum
1088 4261 1148 4325 pro
1172 4241 1272 4306 cortis
1294 4239 1457 4306 adiunctis
1481 4244 1515 4305 et
1611 4303 1616 4308 .

276 4355 313 4362 ..-

360 4399 369 4430 ¹
387 4398 419 4450 F.
440 4400 468 4452 J.
489 4400 567 4453 Stati
574 4440 582 4468 ,
607 4397 720 4454 Rechts·
746 4398 801 4452 und
820 4397 992 4454 Stasialchrs
1016 4397 1067 4452 suf
1089 4398 1138 4452 der
1159 4397 1317 4465 Grundlsge
1342 4395 1515 4452 christlicher

276 4483 523 4554 Woltanschauung
540 4485 559 4542 l.
579 4488 610 4553 2,
635 4486 701 4554 §22
730 4487 802 4555 ,Das
822 4488 929 4555 Sutjctct
955 4487 1004 4541 des
1022 4486 1125 4542 Rechts
1150 4487 1187 4542 ist
1207 4487 1263 4553 das
1280 4486 1353 4541 Volk
1377 4487 1407 4540 in
1422 4485 1514 4540 seiner

277 4572 391 4638 llinheit,
417 4575 496 4630 schin
521 4579 571 4630 dar
590 4578 684 4646 Stant,
709 4575 786 4632 nicht
811 4577 859 4630 der
877 4575 1008 4630 Rinaelne
1033 4575 1076 4630 als
1097 4575 1213 4630 solchsr.
1227 4619 1233 4630 .
1247 4617 1275 4631 ..
1312 4574 1368 4629 Der
1385 4573 1515 4628 Einaslns

276 4662 344 4716 steht
361 4667 441 4718 nater
459 4664 510 4718 den
530 4665 651 4720 Geboten
671 4665 719 4720 des
738 4664 840 4720 Rechts
859 4682 910 4719 nur
928 4665 956 4719 in
975 4666 1030 4719 und
1049 4663 1153 4719 mittola
1171 4665 1220 4720 des
1238 4663 1356 4729 Volkss,
1374 4663 1416 4718 als
1436 4662 1514 4718 Gliod

277 4751 320 4804 des
338 4750 460 4815 Gauron,
486 4753 563 4808 nicht
587 4752 763 4808 unmittslbar
788 4753 833 4806 thr
856 4752 916 4807 sich
941 4751 984 4807 sle
1009 4751 1166 4816 Einaslnsr,
1192 4751 1234 4806 als
1259 4751 1344 4817 civis,
1369 4750 1447 4806 nicht
1471 4750 1514 4806 als

276 4839 356 4894 homo.
370 4879 376 4894 .
390 4881 417 4894 ..
455 4841 557 4896 Danum
582 4841 691 4896 worden
716 4841 760 4895 dic
785 4840 904 4894 Normen
929 4841 978 4896 des
1002 4841 1106 4896 Rechts
1131 4859 1185 4896 ron
1211 4841 1314 4896 Volkes
1339 4840 1394 4894 und
1419 4839 1514 4895 Stasts

278 4945 363 4996 wogcn
388 4929 564 4998 iestgsectzt,
590 4929 666 4985 nicht
692 4929 754 4984 dem
777 4927 866 4982 Urteil
892 4929 941 4984 des
960 4929 1108 4984 Rinzslnsn
1132 4929 1306 4995 hbsrlassen,
1332 4947 1385 4983 von
1410 4927 1514 4984 Volkes

278 5017 326 5072 und
344 5015 436 5072 Strata
454 5035 549 5086 vogen
569 5017 751 5086 gehandhabt,
770 5016 847 5072 nicht
866 5017 926 5072 dem
946 5017 1048 5072 Willen
1067 5018 1116 5074 des
1134 5018 1282 5073 Rinaslnon
1300 5017 1484 5072 dherlasson.‘
