3909 5842
428 670 470 726 De
488 671 603 727 actionis
620 672 754 727 naturalis
771 673 887 727 termino
905 689 955 727 ssu
970 673 1007 727 de
1026 673 1095 727 bono
1114 676 1142 729 et
1160 672 1215 727 fine
1232 673 1390 728 universim.
1494 678 1534 741 13

262 847 440 927 licitatur,
472 848 538 914 alia
561 870 634 914 esse
656 848 783 932 nequit,
814 848 876 915 uisi
901 849 978 933 quia
1001 848 1203 933 perfectione
1227 848 1336 931 aliqua
1360 852 1452 915 caret
1473 848 1535 913 sibi

265 959 518 1032 consentanea,
534 954 626 1019 cuius
641 954 792 1021 absentia
807 954 901 1038 quasi
909 959 1011 1022 'extra
1027 954 1252 1038 aequilibrium
1269 953 1411 1039 ponitur.
1438 954 1535 1020 Unde

267 1062 392 1127 omnis
414 1061 577 1127 naturalis
600 1062 688 1127 actio
710 1060 896 1127 formaliter
918 1060 951 1125 in
974 1061 1022 1139 id,
1047 1082 1110 1143 quo
1133 1064 1252 1127 natura
1275 1060 1453 1145 perficitur,
1477 1080 1534 1125 seu

266 1166 319 1233 in
342 1167 463 1233 bonnm
486 1167 602 1234 tendit.

375 1282 478 1348 Porro
503 1283 588 1349 sicut
617 1286 738 1349 natura
767 1304 832 1349 non
856 1282 927 1366 agit
950 1282 1013 1349 nisi
1036 1304 1095 1367 per
1117 1282 1305 1362 facultates,
1335 1282 1384 1349 ita
1407 1302 1535 1365 quoque

266 1388 317 1454 in
348 1389 417 1454 suis
447 1388 662 1455 facultatibus
694 1408 753 1453 seu
781 1388 823 1453 iis
851 1388 1071 1456 mediantibus
1101 1388 1277 1473 perficitur.
1329 1388 1535 1473 Quapropter

270 1497 359 1562 boni
389 1500 567 1581 conceptus
596 1496 782 1562 formaliter
811 1495 934 1579 sumpti
963 1516 1094 1581 sempor
1120 1496 1261 1563 involvit
1283 1502 1467 1580 respectum
1492 1498 1532 1563 ad

269 1602 429 1685 aliquam
453 1607 605 1669 naturam
629 1602 806 1668 universim
831 1607 890 1669 aut
912 1602 1061 1687 proxime
1084 1601 1227 1685 aliquam
1250 1602 1319 1667 eius
1339 1602 1532 1669 facultatem

270 1709 511 1793 complendam
543 1710 597 1775 vel
631 1709 872 1793 perficiendam.
927 1708 1030 1774 Recte
1062 1708 1164 1789 igitur
1197 1708 1317 1773 bonum
1348 1708 1381 1773 in
1413 1730 1534 1792 genere

271 1813 386 1880 etiam
417 1815 587 1881 definitur:
621 1816 799 1901 ,quidquid
828 1818 935 1900 appeti
961 1798 1093 1900 poteet‘ss
1123 1815 1144 1881 i.
1170 1836 1197 1881 e.
1221 1814 1256 1880 in
1279 1814 1364 1897 quod
1391 1814 1533 1881 facultas

271 1921 398 2005 aliqua
420 1926 588 2004 tamquam
611 1921 645 1986 in
668 1942 762 1986 suum
786 1922 962 1987 terminum
985 1922 1121 1987 tendere
1143 1924 1255 2005 potest
1265 1924 1285 1988 ¹.

373 2036 454 2103 lade
477 2036 698 2103 concludimus
727 2037 847 2102 bonum
871 2057 961 2115 esse,
992 2036 1146 2119 quidquid
1172 2048 1216 2103 est
1245 2057 1304 2101 seu
1330 2058 1394 2103 esse
1416 2036 1532 2112 habet;

275 2142 363 2225 quia
385 2143 474 2209 omni
498 2166 563 2209 esse
584 2146 654 2209 tum
671 2142 757 2210 ratio
773 2142 985 2226 perfectiouis
1001 2145 1152 2227 respectu
1169 2142 1380 2225 complendae
1397 2141 1533 2207 alieuius

275 2248 457 2315 facultatis
480 2249 532 2314 vel
556 2254 705 2329 naturae,
729 2253 799 2316 tum
823 2248 1046 2333 appetibilitaa
1071 2248 1232 2314 convenit

376 2364 468 2428 Bono
491 2363 615 2431 directe
638 2364 814 2449 opponitur
837 2367 973 2445 maium,
1005 2364 1090 2429 unde
1114 2362 1241 2429 definiri
1264 2363 1365 2429 solet:
1395 2367 1533 2450 privatio

276 2471 369 2535 boni.
415 2470 493 2536 Ideo
517 2470 682 2538 mediante
706 2472 800 2549 bono,
825 2470 916 2537 cuius
940 2473 992 2536 est
1014 2468 1167 2554 privatio,
1200 2470 1324 2553 pariter
1346 2472 1532 2554 respectum

274 2576 386 2642 habet
414 2578 456 2641 ad
485 2582 639 2642 naturam
670 2576 813 2657 aliquam
837 2576 890 2641 vel
913 2575 1106 2655 subiectum,
1138 2576 1223 2657 quod
1251 2575 1401 2658 privatur
1423 2574 1533 2657 aliqua

274 2683 487 2766 perfectione
515 2682 577 2747 sibi
600 2702 755 2764 congrua.
806 2682 948 2759 ,Malum
971 2682 1051 2747 nihil
1075 2687 1126 2748 est
1150 2682 1238 2747 aliud
1269 2703 1366 2765 quam
1390 2681 1532 2765 privatio

276 2790 365 2867 eius,
397 2788 484 2872 quod
513 2788 585 2871 quis
615 2792 714 2853 uatus
743 2792 795 2855 eet
819 2792 853 2854 et
875 2789 973 2854 debet
1001 2788 1175 2855 habere.“²
1198 2823 1241 2833 -
1265 2787 1393 2854 Dicitur
1421 2792 1532 2855 tamen

276 2894 385 2961 etiam
409 2894 544 2976 negatio
559 2893 724 2960 realitatis
740 2893 898 2977 (nibilum,
922 2896 1042 2961 marm
1063 2896 1333 2981 rneiaplayaieam);
1358 2894 1532 2960 sedetiam

276 3000 331 3067 sic
356 3004 528 3085 acceptum
550 3000 673 3065 malum
695 2999 836 3066 involvit
858 3000 965 3067 ideam
989 3000 1188 3093 privationis
1205 3000 1281 3065 boni
1297 3000 1530 3079 convenientis,

276 3128 349 3172 non
373 3106 502 3189 quidem
526 3110 678 3190 respectu
701 3110 840 3171 naturae
863 3110 923 3173 aut
945 3106 1114 3173 facultatis
1130 3106 1266 3173 alicuius
1283 3106 1530 3184 determinatae,

276 3213 345 3279 sed
373 3215 478 3280 relate
509 3212 550 3278 ad
580 3217 718 3279 naturas
747 3217 781 3277 et
804 3212 983 3279 facultates
1007 3213 1216 3297 complendas
1238 3215 1481 3279 indeterminate
1506 3220 1532 3277 et

275 3323 459 3405 peneratim
488 3327 640 3405 sumptas.
687 3318 833 3384 Nihilum
864 3319 948 3385 enim
981 3325 1032 3386 est
1063 3320 1214 3403 incapax,
1247 3322 1347 3387 aliam
1378 3324 1528 3385 naturam

277 3426 473 3510 perficiendi
508 3430 567 3492 aut
600 3426 701 3491 ullam
733 3425 935 3492 tendentium
969 3420 1216 3491 determinandi.
1268 3424 1416 3507 Denique
1449 3424 1529 3489 bona

277 3531 348 3597 vel·
363 3534 449 3597 maia
473 3532 591 3599 dicitur
614 3555 673 3615 res,
698 3553 782 3615 quae
806 3536 858 3598 est
879 3532 956 3597 boni
979 3532 1032 3597 vel
1056 3532 1134 3598 mali
1154 3536 1324 3619 particeps.

280 3680 335 3752 22.
430 3680 566 3753 hxiomu
593 3678 662 3751 XV.
709 3684 803 3749 Finis
838 3692 866 3748 et
900 3686 1031 3767 bonam,
1067 3686 1211 3769 quamvis
1246 3706 1261 3747 e
1293 3704 1349 3747 sco
1384 3690 1530 3767 concepta

277 3788 465 3871 formaliter
507 3791 656 3855 distincta
667 3842 676 3873 ,
721 3790 865 3856 obiectioe
907 3798 1012 3855 tamea
1056 3812 1110 3855 sea
1154 3792 1364 3855 materialiter
1406 3810 1530 3854 coacer-
1630 3848 1632 3851 .

280 3901 399 3959 tantur
408 3895 431 3960 ³.

377 4122 384 4152 ¹
404 4118 551 4189 Psrpcram
570 4122 662 4173 autem
680 4122 841 4189 conceptum
853 4120 916 4174 boni
929 4120 1086 4191 explicaret,
1106 4120 1151 4189 qui
1166 4120 1282 4173 dicaret:
1302 4126 1409 4172 eatenus
1425 4120 1531 4187 aliquid

281 4210 383 4261 bomem
401 4216 447 4275 ea,
466 4216 597 4276 quaterem
615 4212 752 4277 appetitur
771 4207 857 4273 (locoz
879 4214 1030 4277 ,quatenus
1048 4210 1141 4279 appeti
1160 4208 1290 4279 potest‘).
1315 4208 1358 4261 lta
1371 4226 1396 4261 v.
1410 4225 1436 4275 g.
1457 4214 1530 4261 errat

279 4298 311 4349 J.
325 4297 359 4349 F.
372 4297 502 4363 Herbart,
521 4296 638 4365 allgem.
660 4297 750 4367 prakt.
768 4297 942 4367 Philosophia
957 4298 1047 4368 (Opp,
1067 4298 1107 4351 ed.
1130 4298 1304 4351 Hartmmteia
1327 4296 1406 4363 1851)
1422 4296 1487 4351 VIII
1504 4296 1528 4361 5,

280 4404 309 4439 n.
325 4385 387 4447 179,
406 4384 582 4439 existimans:
600 4386 652 4439 Die
665 4385 780 4440 Gutheit
791 4404 904 4441 unseres
919 4386 1041 4441 Wolleas
1058 4386 1114 4440 und
1126 4386 1283 4455 Begehrens
1302 4385 1342 4439 sei
1354 4386 1530 4453 unabhiingig

281 4491 337 4527 von
350 4473 404 4527 den
416 4472 528 4538 (tutem,
548 4474 598 4527 anf
612 4474 655 4527 die
674 4492 703 4527 es
723 4474 859 4542 gerichtet
876 4475 923 4540 sei,
943 4476 1014 4544 qnod
1027 4475 1085 4528 fera
1101 4474 1171 4529 idern
1185 4478 1228 4529 est
1240 4492 1271 4529 ac
1285 4474 1382 4537 dicere,
1401 4472 1444 4527 ein
1457 4474 1529 4540 Ding

281 4561 324 4616 sei
335 4579 388 4615 nur
406 4560 527 4615 insofern
540 4562 584 4615 ein
597 4560 660 4626 Gut,
680 4562 722 4615 als
741 4580 770 4616 es
782 4562 898 4630 begehrt
912 4563 987 4618 vird.
1002 4564 1086 4617 -At
1106 4580 1169 4617 vero
1188 4562 1253 4617 licet
1271 4561 1402 4632 appetitio
1420 4561 1528 4629 siguum

280 4651 320 4705 sit
338 4649 454 4705 alicuius
472 4650 604 4705 bonitatis
622 4652 676 4715 rei,
694 4652 870 4707 nibilominus
888 4652 976 4721 logice
995 4656 1098 4707 certum
1118 4655 1173 4707 est:
1200 4653 1254 4706 Rea
1273 4650 1411 4720 quaelibet
1428 4650 1529 4720 appeti·

280 4743 335 4803 tur,
355 4738 631 4807 quiavslquatenus
649 4739 862 4809 apprehenditur
880 4742 1007 4804 uthans,
1026 4758 1079 4794 non
1098 4743 1188 4793 nutem
1209 4740 1278 4794 bona
1297 4741 1347 4803 est,
1367 4738 1431 4807 quia
1449 4756 1528 4808 appe·

279 4830 358 4882 fitur.
395 4826 536 4897 Appetitio
556 4828 731 4895 consequitur
750 4827 991 4898 apprehensionem
1011 4829 1081 4883 boni.

371 4916 383 4949 ¹
403 4917 432 4969 S.
455 4916 556 4979 ruam,
576 4914 678 4970 Contra
696 4917 799 4972 Gentes
817 4917 836 4971 l.
855 4918 881 4982 3,
900 4936 924 4972 c.
944 4918 968 4971 7.

372 5004 445 5058 'Gt
465 5005 494 5057 S.
517 5005 619 5072 Iliam,
637 5004 664 5058 S.
681 4998 767 5059 theol.
788 5006 812 5070 l,
831 5022 857 5074 q.
877 5008 902 5071 5,
921 5024 945 5061 a.
965 5008 999 5070 43
1019 5004 1119 5059 Contra
1138 5004 1242 5060 Gentes
1260 5005 1279 5059 l.
1298 5006 1323 5069 3,
1342 5022 1365 5059 c.
1387 5006 1428 5059 16.
