3909 5842
726 689 768 744 De
786 689 941 746 moralitate
958 690 988 745 in
1005 690 1104 761 specio.
1171 700 1176 711 ·
1475 691 1538 757 165

285 873 427 936 starum.
459 867 552 934 Haec
575 865 662 933 euim
686 870 839 934 censetur
861 887 935 933 esse
957 889 1026 934 aaa
1048 869 1230 934 substantia
1247 869 1449 950 aniversalis,
1474 888 1539 950 que

285 975 368 1042 talis
391 974 557 1041 exsistens
581 977 616 1041 et
630 993 667 1038 se
682 973 899 1040 manifestans
914 974 947 1039 in
962 974 1101 1058 singolis
1115 972 1290 1038 individuis
1305 972 1537 1050 rationalibus3

285 1081 375 1148 ratio
391 1085 502 1148 autern
522 1084 638 1147 nostra
660 1079 817 1163 practica,
841 1085 880 1146 ut
902 1081 1009 1146 omnis
1030 1099 1085 1146 ree
1108 1083 1231 1158 create,
1255 1078 1355 1145 aliam
1375 1079 1538 1146 exsisten-

285 1187 371 1254 tiam
395 1186 583 1253 nonhabet
605 1185 669 1250 uisi
691 1185 925 1252 individualem
932 1210 947 1270 ,·
969 1189 1076 1255 totam
1098 1188 1211 1252 autem
1227 1205 1320 1250 suam
1336 1184 1539 1251 invariabili·

285 1297 395 1360 tatem
425 1296 460 1359 et
490 1291 774 1358 universalitatem
806 1311 865 1376 per
898 1292 1030 1358 modum
1061 1289 1257 1375 cognitionis
1287 1290 1466 1374 participat
1496 1291 1538 1356 ab

285 1399 472 1466 universali
495 1398 608 1465 ordine
632 1398 787 1464 obicaioo.

286 1520 354 1592 187.
444 1518 609 1592 Sohblillm
630 1519 655 1592 l.
683 1527 864 1607 Principium
878 1529 1057 1590 moralitatis
1073 1529 1177 1590 stricte
1199 1533 1357 1606 sumptum,
1379 1526 1457 1604 quod
1470 1527 1538 1586 bac·

286 1631 379 1686 tenus
400 1625 608 1698 stabilivimus,
630 1626 710 1686 bono
730 1646 784 1704 per
805 1646 837 1686 so
858 1645 944 1686 usum
963 1627 1065 1699 habet,
1087 1631 1121 1686 ut
1142 1626 1206 1686 eius
1228 1645 1283 1704 ope
1296 1626 1356 1685 iam
1370 1645 1430 1685 non
1445 1625 1539 1684 solnm

288 1745 343 1803 per
364 1725 509 1784 directam
530 1723 719 1796 evidentiam,
741 1725 794 1784 sed
814 1724 900 1784 simul
914 1725 1025 1785 reflexo
1040 1731 1072 1785 et
1084 1725 1245 1785 secundum
1259 1724 1436 1784 obiectivsm
1451 1727 1539 1783 scien·

289 1829 347 1884 tiae
367 1823 515 1883 rationem
536 1823 640 1882 bonum
661 1831 687 1882 et
708 1825 818 1882 rnatum
838 1825 947 1883 morale
961 1825 1123 1883 dissensere
1135 1823 1298 1883 valeamus.
1327 1822 1366 1882 st
1379 1821 1435 1881 hoc
1447 1839 1539 1880 unum

290 1920 406 1997 quidem
428 1919 595 1996 praesentis
610 1917 851 1994 investigationis
865 1921 1052 1997 propositum
1070 1925 1143 1979 erat.
1171 1919 1283 1979 Verum
1298 1917 1539 1995 quemadmodum

288 2017 395 2076 oedem
416 2015 530 2076 directa
551 2014 711 2084 svidemia,
732 2035 791 2092 qua
811 2017 974 2076 theoretice
995 2016 1153 2077 honestum
1175 2020 1206 2075 et
1225 2015 1415 2075 inhonestum
1436 2013 1539 2073 distin·

287 2113 417 2189 gaimus,
439 2111 527 2172 simul
548 2131 663 2189 quoquo
684 2112 719 2172 de
739 2115 849 2190 illicito,
870 2113 907 2172 de
927 2115 1014 2190 licito,
1034 2132 1071 2172 ao
1089 2113 1288 2192 depraecepto
1301 2111 1475 2183 iudicamus,
1496 2111 1540 2170 ita

288 2210 382 2270 etiam
404 2210 539 2270 doctrina
560 2209 596 2268 de
617 2209 797 2270 moralitatis
817 2211 963 2288 principio
984 2231 1038 2289 per
1059 2231 1092 2270 ss
1112 2211 1292 2288 incompleta
1310 2214 1400 2281 esset,
1421 2207 1481 2268 nisi
1495 2205 1539 2266 illi

286 2313 440 2384 tamquam
462 2307 626 2384 practicam
647 2307 892 2384 complementum
913 2307 1019 2367 similis
1041 2307 1207 2384 disquisitio
1228 2307 1264 2366 de
1285 2305 1402 2366 formali
1422 2303 1539 2364 ratione

286 2409 471 2484 oblinationis
485 2424 521 2464 ac
542 2405 579 2464 de
598 2425 711 2466 stimmo
732 2407 801 2484 leqis
815 2409 963 2484 prunonio
985 2405 1141 2466 secederet
1161 2406 1207 2478 (ut
1226 2405 1305 2464 infra
1325 2404 1344 2464 l.
1358 2401 1435 2476 ΙΠ);
1463 2401 1539 2460 haec

288 2508 391 2562 antem
405 2503 548 2574 vicissim,
569 2502 627 2562 nisi
643 2503 724 2562 illam
738 2501 821 2580 prius
836 2503 893 2563 sibi
907 2505 1090 2563 substratam
1105 2503 1238 2574 baberet,
1258 2498 1430 2560 necessario
1444 2498 1538 2558 scisn-

287 2601 352 2661 lu'ae
373 2601 468 2676 gradu
489 2619 525 2660 sc
546 2601 738 2660 fundamento
759 2606 840 2662 esset
861 2600 1001 2660 caritura

288 2714 357 2786 188.
445 2713 609 2787 Soliolium
631 2715 659 2786 2.
695 2725 849 2798 Remanet,
871 2731 904 2785 ut
924 2725 1086 2785 secundum
1107 2742 1151 2796 eo,
1172 2742 1248 2800 quse
1268 2722 1328 2781 iam
1342 2723 1418 2783 alias
1432 2722 1472 2796 (u.
1487 2720 1538 2792 47)

288 2819 522 2898 uniuscuiusque
542 2819 767 2899 philosophicae
787 2823 973 2884 meditationi
995 2841 1156 2899 suggerere
1176 2821 1271 2892 libuit,
1293 2821 1403 2880 similia
1423 2841 1442 2880 a
1455 2838 1539 2898 prae·

289 2917 370 2978 sonti
398 2937 513 2995 quoque
541 2919 695 2979 doctrinae
723 2925 897 2997 argomento
926 2921 1099 2998 deprompta
1125 2919 1272 2979 uberioris
1293 2919 1539 2979 musiderstiouis

289 3017 406 3077 semina
433 3017 630 3090 subiciamus,
658 3017 764 3095 quibus
790 3018 935 3080 scientiae
960 3018 1083 3080 moralis
1104 3037 1168 3078 cam
1189 3017 1332 3078 universa
1350 3016 1539 3095 philosophia

289 3119 322 3174 et
342 3113 526 3190 singularum
552 3113 616 3176 eius
643 3115 771 3193 partium
798 3115 878 3175 inter
905 3134 938 3175 se
959 3114 1110 3175 obiectiva
1128 3114 1283 3174 hermonis
1305 3119 1335 3173 et
1355 3114 1454 3174 unitas
1475 3113 1538 3174 illu-

289 3216 411 3272 stretur.
457 3211 566 3272 Eadem
600 3212 678 3272 anim
710 3217 901 3288 argumenta,
934 3213 1041 3290 quibus
1073 3214 1217 3290 probatur
1243 3217 1382 3272 naturam
1408 3211 1538 3272 rationa-

289 3307 349 3368 lem
377 3328 435 3386 qua
463 3309 593 3368 finaliter
613 3309 788 3370 directivam
808 3313 965 3370 secandum
986 3312 1128 3370 arimatia
1147 3311 1271 3370 rationis
1286 3312 1437 3388 pmnripia
1454 3329 1537 3386 prac-

289 3411 349 3468 tica
369 3426 435 3466 osse
464 3407 641 3466 obiectivsm
669 3410 789 3468 moralis
815 3410 999 3468 recitudinis
1021 3427 1153 3466 normam
1176 3405 1357 3484 proximam,
1381 3406 1538 3466 aratione

291 3503 393 3562 divina
414 3507 563 3580 tamquam
584 3523 688 3563 norma
709 3505 848 3564 absoluta
862 3503 1037 3576 derivatam,
1059 3537 1096 3546 -
1119 3504 1232 3576 oedem,
1253 3505 1381 3580 inquam,
1403 3503 1434 3562 vi
1446 3504 1538 3562 realis

290 3599 449 3675 analogiae
469 3599 556 3659 simul
572 3600 713 3660 evincunt
733 3602 798 3676 pari
820 3601 1060 3661 consideratione
1078 3601 1203 3660 eandem
1216 3609 1354 3660 naturam
1368 3601 1538 3660 rationalem

290 3702 373 3757 reato
388 3701 557 3774 promissam
578 3699 741 3757 obiectivam
761 3717 894 3758 ammam
917 3698 975 3758 dici
996 3704 1060 3758 tum
1080 3703 1141 3760 vert
1162 3707 1188 3760 et
1208 3701 1282 3776 falsi
1303 3699 1464 3759 secundum
1479 3698 1538 3757 evi·

291 3793 393 3854 dentis
416 3794 542 3854 rationis
567 3793 714 3872 principia
739 3797 926 3872 spcmlztivo,
950 3801 1013 3855 tum
1029 3798 1149 3873 publio-l
1174 3806 1200 3857 et
1224 3815 1281 3856 non
1296 3797 1415 3873 malalai
1436 3815 1538 3855 secun·

291 3892 361 3950 dum
387 3891 534 3969 principia
560 3877 728 3969 amtbetioa,
755 3912 932 3954 communem
953 3898 1053 3954 autem
1073 3895 1179 3954 horum
1199 3913 1333 3954 normam
1353 3894 1487 3954 ultimam
1508 3899 1539 3952 et

291 3989 460 4048 absolutam
488 4007 555 4049 esse
582 3993 723 4050 rationem
750 3993 887 4052 divinam.
929 3991 964 4050 Id
992 3991 1071 4051 enim
1098 3991 1255 4051 manifeste
1282 3991 1472 4067 consequitur
1500 4009 1539 4050 ex

292 4086 366 4144 reali
385 4089 497 4146 scaimtc
524 4085 588 4144 sive
617 4086 764 4146 humanae
785 4087 911 4147 rationis
936 4107 991 4166 per
1011 4107 1095 4148 suam
1116 4090 1278 4148 essentiam
1298 4093 1453 4166 spectatae
1474 4087 1538 4146 sive

292 4181 402 4242 obiecti
421 4187 536 4262 proprii
557 4183 652 4244 omnis
673 4183 828 4244 rationalis
850 4185 1041 4260 cognitionis,
1063 4185 1140 4262 quod
1161 4185 1286 4245 docente
1307 4185 1337 4246 S.
1358 4184 1470 4244 Thoma
1490 4190 1539 4244 est

291 4284 370 4341 ordo.
404 4281 443 4340 Et
464 4281 535 4341 ordo
556 4281 672 4358 quidem
693 4281 841 4341 obiectum
862 4283 1098 4360 metaphysioum
1119 4282 1241 4342 realiter
1256 4301 1348 4342 unum
1362 4287 1417 4353 est,
1440 4301 1538 4356 quam·

291 4397 379 4454 quam
400 4379 560 4438 secundum
581 4377 681 4438 varios
702 4383 856 4455 respectus
875 4381 1042 4455 formaliter
1061 4379 1254 4456 distinguitur
1275 4379 1345 4439 ordo
1360 4378 1423 4438 veri
1442 4399 1538 4455 specu-

291 4475 405 4551 lativae,
426 4475 497 4535 ordo
513 4480 663 4554 practicus
683 4475 886 4553 operabilium,
908 4477 979 4537 ordo
1000 4481 1177 4538 santelinus.

763 4640 1005 4711 Articulus
1028 4642 1063 4711 2.

690 4769 739 4834 De
762 4773 943 4835 moralitate
965 4772 1001 4835 in
1025 4773 1134 4856 specio.

291 4895 358 4968 189.
449 4897 571 4965 Omnes
600 4903 695 4966 actus
716 4899 859 4978 humaui,
890 4901 946 4983 qui
969 4901 1152 4969 obiectivse
1175 4901 1309 4967 moralis
1332 4901 1537 4969 rectitudinis

292 5024 426 5070 nonnae
449 5005 633 5072 conformes
648 5009 735 5084 sunt,
759 5006 845 5072 inter
861 5027 897 5072 se
914 5007 1114 5074 conveniunt
1125 5011 1160 5074 in
1172 5030 1288 5093 qaaere
1303 5007 1377 5074 boni
1391 5009 1535 5087 moralis,
