3909 5842
514 704 515 709 ¹
599 687 702 742 Verum
719 688 786 743 iuris
804 705 940 743 summum
958 688 1120 759 principium
1140 687 1281 743 asseritur.
1494 692 1560 756 495

312 872 419 955 neque
441 871 547 955 logice
570 870 802 953 obligationem
819 891 876 935 seu
894 870 1039 936 officium
1054 870 1194 936 hominis
1210 870 1387 954 praecedit.
1420 872 1563 937 idealiter

315 979 401 1045 enim
425 982 600 1061 utrumque
623 977 720 1043 simul
743 976 885 1053 exsistit,
909 980 1006 1063 toyice
1028 998 1108 1043 vero
1130 977 1300 1060 praeeedit
1322 977 1464 1061 officinm
1481 978 1561 1043 illud

315 1086 470 1169 generale
494 1088 529 1151 et
551 1084 775 1167 originarium,
807 1084 892 1165 quod
915 1083 949 1148 in
973 1083 1047 1167 ipsa
1068 1083 1276 1150 ordinatione
1298 1082 1401 1150 totius
1423 1086 1563 1149 naturae

316 1192 479 1257 humanae
508 1192 549 1256 sd
581 1191 678 1256 finem
709 1190 860 1255 ultimum
892 1190 1053 1257 consistit.
1100 1190 1210 1255 Primo
1233 1188 1359 1255 scilicet
1382 1188 1565 1274 concipitur

316 1299 412 1364 homo
435 1302 473 1365 ut
496 1301 649 1363 creatura
671 1297 705 1361 in
728 1300 800 1364 toto
824 1318 883 1361 suo
907 1317 982 1361 esse
1000 1296 1188 1381 dependens
1203 1302 1238 1363 et
1252 1294 1327 1361 hinc
1343 1296 1565 1363 essentialiter

317 1406 472 1489 obtinatus
496 1404 537 1469 ad
560 1396 658 1469 finem
674 1402 735 1468 sibi
751 1424 772 1468 a
788 1406 938 1468 creatore
953 1405 1136 1486 praefixum
1153 1438 1195 1448 -
1211 1402 1328 1468 deinde
1344 1410 1566 1487 consequenter

318 1510 417 1577 etiam
442 1530 482 1576 en
506 1508 648 1594 sphaera
669 1509 750 1574 iuris
773 1530 832 1574 seu
856 1512 1015 1575 externae
1037 1508 1202 1575 libertatis
1224 1508 1359 1575 moralis
1381 1510 1423 1574 ab
1451 1508 1565 1575 eodem

317 1620 466 1682 creatore
496 1615 687 1693 instructus,
719 1635 802 1697 quae
832 1619 1001 1696 tamquam
1031 1616 1172 1681 medium
1195 1614 1415 1681 necessarium
1438 1614 1485 1679 illi
1508 1613 1565 1678 fini

317 1722 351 1787 in
380 1722 430 1787 his
461 1721 561 1787 terris
593 1720 785 1805 complendo
817 1722 1027 1805 respondeat.
1074 1721 1170 1787 Unde
1200 1726 1340 1805 apparet
1375 1722 1457 1787 nihil
1492 1740 1565 1786 esse

319 1848 397 1893 vere
432 1828 602 1913 ¹‚positivil
634 1829 668 1893 in
698 1826 864 1913 personali
893 1828 1050 1894 libertate
1080 1830 1229 1906 extema
1261 1828 1322 1893 nisi
1353 1828 1439 1910 quod
1468 1826 1500 1892 ei
1524 1847 1566 1892 ex

319 1934 377 2000 illa
399 1934 488 1999 finali
513 1934 714 2017 obligatione
738 1933 874 1999 accedit.

1162 2117 1166 2141 1

365 2152 437 2234 §a
474 2152 622 2219 Verum
654 2152 761 2218 iuris
791 2173 984 2217 summum
1015 2152 1268 2236 principium
1299 2152 1520 2219 asseritur.

322 2298 392 2371 589.
476 2288 632 2373 'l'hOSlS
659 2288 708 2371 L.
751 2312 922 2375 Summum
951 2314 1038 2376 iuris
1068 2315 1238 2377 naturalis
1268 2314 1473 2394 principium
1503 2317 1567 2379 bae

320 2409 616 2475 universalissima
636 2410 732 2490 lege
753 2409 898 2472 iuridica
919 2411 1133 2475 contineturr
1160 2411 1335 2474 Rectum
1362 2412 1480 2476 vitae
1506 2430 1567 2475 so·

321 2509 451 2571 cialis
480 2508 673 2572 ordinem
702 2512 898 2587 servato;
927 2508 1017 2571 unde
1037 2508 1126 2572 idem
1153 2509 1217 2572 boo
1244 2510 1461 2572 axiomata
1490 2515 1567 2587 apte

322 2607 539 2670 enuntiatur:
568 2605 710 2669 (imnis
738 2606 852 2667 iuris
880 2606 1104 2669 naturalis
1132 2606 1361 2669 asserendi
1389 2608 1568 2671 ratioet

321 2721 523 2767 mensura
550 2703 595 2766 in
622 2708 743 2766 recto
771 2704 891 2768 vitae
919 2705 1104 2767 socialis
1126 2704 1276 2767 ordine
1297 2706 1567 2770 naturaliter

322 2803 495 2865 sancito
522 2801 774 2879 reponenda
801 2806 879 2863 est.

410 2936 718 3006 Praenotanda.
751 2938 842 3004 Idem
860 2938 939 3005 imis
955 2938 1149 3024 principium
1166 2939 1301 3024 perinde
1316 2938 1370 3004 vel
1385 2940 1446 3005 sub
1461 2939 1568 3005 forma

322 3048 397 3129 leuis
420 3047 613 3110 uniuersalis
636 3044 688 3110 vel
709 3046 769 3110 sub
785 3044 892 3111 forma
905 3049 1066 3129 qenereiis
1082 3049 1253 3111 axiomatis
1269 3046 1432 3112 enuntiari
1447 3050 1567 3129 potest,

324 3150 497 3215 dummodo
526 3150 691 3234 utrimque
714 3150 800 3216 idem
823 3150 1009 3217 formaliter
1030 3151 1110 3216 iuris
1133 3152 1382 3218 fundamentum
1406 3158 1567 3220 servetur.

324 3256 386 3321 Illa
409 3257 538 3339 quidem
562 3257 642 3323 iuris
665 3258 791 3337 officiis,
823 3258 905 3324 haec
926 3256 1008 3343 ipsis
1030 3258 1155 3324 iuribus
1178 3258 1368 3323 derivandis
1390 3258 1497 3341 magis
1520 3259 1568 3324 di-

325 3366 414 3428 recte
444 3363 718 3431 accommodatur.
742 3364 911 3429 -Porro
946 3368 1075 3441 „rectus
1106 3363 1197 3430 vitae
1227 3362 1357 3429 socialis
1386 3363 1483 3429 ordo“
1517 3364 1569 3429 hic

324 3468 563 3552 intellegendus
591 3474 643 3535 est
675 3472 779 3535 stricte
810 3472 985 3535 secundum
1016 3470 1197 3536 obiectivam
1229 3472 1441 3554 inteqritatem
1473 3472 1569 3536 buius

325 3577 460 3659 ordirzis,
492 3596 556 3658 qua
586 3575 758 3642 deficiente
788 3576 817 3641 is
846 3576 1039 3659 simpliciter
1067 3599 1131 3656 non
1159 3584 1262 3642 rectus
1290 3576 1353 3641 dici
1376 3576 1504 3656 debeat,
1536 3581 1570 3644 et

325 3681 454 3763 quidem
478 3681 512 3745 in
535 3702 571 3747 re
595 3682 823 3749 determinata.
855 3681 962 3764 Igitur
984 3682 1064 3747 ordo
1092 3685 1238 3759 „rectus‘
1266 3682 1320 3747 vel
1340 3704 1423 3761 „non
1438 3686 1566 3749 rectus“

325 3809 389 3853 uon
428 3792 708 3854 commensuratur
746 3808 788 3852 ex
826 3787 942 3853 maiori
979 3790 1034 3853 vel
1072 3788 1190 3853 minori
1229 3790 1329 3855 ideali
1365 3790 1569 3875 perfectione,

326 3914 422 3975 quarn
449 3893 505 3959 ille
532 3894 653 3961 habere
676 3894 781 3979 possit
803 3892 892 3959 intra
915 3894 1036 3960 limites
1059 3895 1196 3963 strictae
1223 3895 1429 3962 rectitudinis
1456 3901 1491 3963 et
1521 3896 1570 3961 in-

325 4000 502 4082 tegritatis.

326 4149 398 4222 590.
488 4148 648 4223 Probatur
670 4150 698 4221 1⁰
722 4174 760 4218 en
782 4153 1021 4218 characteribus
1044 4156 1160 4218 summi
1177 4155 1337 4238 principii
1359 4156 1452 4219 iuria

417 4268 584 4334 Summum
607 4266 686 4333 iuris
709 4267 902 4352 principium
920 4289 938 4333 e
954 4290 1014 4334 suo
1031 4273 1191 4352 conceptu
1207 4273 1241 4334 st
1256 4289 1275 4334 e
1290 4269 1453 4334 communi
1467 4269 1572 4352 hypo-

326 4372 412 4439 thesi
437 4372 589 4451 omnium,
614 4373 668 4455 qui
693 4374 732 4439 de
754 4395 792 4439 eo
809 4374 1033 4457 quaestionem
1049 4374 1237 4453 instituunt,
1260 4374 1359 4441 debet
1374 4396 1446 4441 esse
1465 4378 1493 4441 1.
1510 4374 1572 4439 iuri

328 4502 385 4547 seu
408 4481 488 4547 iuris
511 4480 726 4547 relationibus
750 4481 936 4547 derivandis
954 4485 1145 4568 proprium
1174 4484 1205 4547 2.
1229 4482 1386 4546 reductive
1415 4502 1573 4547 snrnmum

328 4608 385 4652 seu
407 4588 554 4670 formale,
578 4587 598 4655 i.
623 4609 651 4653 e.
676 4587 848 4655 formalem
871 4590 1032 4655 rationem
1057 4588 1241 4654 obiectivae
1265 4588 1472 4655 necessitatis
1492 4588 1573 4653 iuris

328 4692 501 4771 exbibens;
527 4696 557 4759 3.
583 4694 744 4760 deductiva
768 4717 923 4759 ceramum
947 4716 1006 4761 seu
1029 4693 1274 4777 (materialiter)
1291 4698 1480 4779 uniuersale,
1504 4695 1525 4759 i.
1543 4714 1571 4759 e.

329 4821 457 4866 omnem
481 4800 627 4866 ordinem
650 4800 821 4867 iuridicum
844 4800 1029 4867 naturalem
1048 4802 1205 4885 implicite
1221 4802 1457 4884 compleotens;
1482 4808 1513 4868 4.
1530 4805 1572 4867 lo·

326 4910 394 4993 eice
423 4930 581 4973 summum
611 4927 669 4972 seu
699 4908 746 4988 (in
769 4928 828 4973 suo
852 4906 978 4989 ordine)
999 4930 1060 4992 per
1083 4916 1256 4988 senatum,
1285 4908 1306 4974 i.
1332 4928 1359 4975 e.
1382 4908 1471 4973 inter
1492 4908 1593 4987 iuris,

329 5012 488 5097 principia
511 5014 617 5097 logice
640 5014 779 5098 primum
803 5034 864 5079 neo
888 5014 929 5079 ab
953 5013 1017 5080 alio
1042 5014 1170 5081 notiore
1189 5014 1380 5093 deductum
1398 5014 1573 5098 —quibus
