3909 5842
413 668 477 732 204
634 663 723 716 Sestio
743 663 764 716 1.
802 663 882 717 Liber
901 664 948 718 Ill.
988 664 1077 735 Gsput
1095 666 1116 719 Ι.
1153 661 1295 717 Articulus
1313 661 1339 714 2.
1376 660 1437 729 52.

412 862 431 904 6
455 840 647 922 legislatore
670 863 735 906 non
766 842 926 926 impediri,
958 862 1031 906 curn
1061 839 1211 925 impediri
1240 843 1362 923 posset,
1393 838 1529 922 proinde
1557 861 1667 923 neque

412 947 514 1031 ipsius
544 947 627 1030 legis
658 949 795 1012 effectus
826 949 893 1024 est;
925 947 972 1012 sic
996 947 1085 1012 Deus
1116 945 1280 1030 permittit
1302 948 1442 1028 peccata
1463 945 1545 1022 lieri,
1577 967 1667 1029 quae

413 1053 563 1135 prohibet
586 1058 620 1120 et
644 1073 727 1134 quae
751 1074 816 1118 non
838 1053 1001 1137 impunite
1024 1053 1190 1136 relinquit.
1236 1051 1412 1117 Permissio
1436 1054 1520 1117 iuris
1549 1058 1665 1119 sutem

412 1159 543 1243 proprie
567 1159 608 1224 ad
632 1161 739 1242 legem
763 1159 917 1243 pertinet,
949 1160 1026 1242 quia
1055 1161 1192 1225 denotat
1214 1157 1424 1240 negationem
1448 1157 1501 1222 vel
1524 1179 1667 1242 suspen·

412 1265 535 1330 sionem
559 1265 662 1350 ipsius
685 1265 896 1348 obligationis
919 1269 1074 1350 respectu
1096 1266 1194 1344 illius,
1226 1265 1277 1330 cui
1301 1264 1422 1347 aliquid
1447 1265 1665 1348 permittitur.

413 1373 505 1438 Haec
521 1371 702 1455 permissio,
728 1372 997 1456 quotiescumque
1019 1373 1162 1457 positive
1185 1371 1408 1457 permittentis
1431 1371 1564 1437 decreto
1587 1371 1666 1437 fun·

413 1479 521 1555 datur,
552 1499 681 1562 semper
712 1501 783 1544 enm
815 1479 927 1560 eliqua
950 1479 1151 1562 obligatione
1175 1477 1393 1560 coniungitur,
1424 1477 1574 1559 quemvis
1597 1499 1665 1543 non

413 1585 493 1662 6166,
523 1585 557 1650 16
588 1585 679 1650 66166
708 1586 857 1652 favorem
889 1586 1012 1668 sliquid
1041 1585 1253 1669 permittitur.
1301 1583 1437 1667 Obligat
1459 1583 1546 1649 enim
1570 1583 1664 1660 elios,

413 1712 453 1756 ne
477 1691 568 1756 illum
592 1691 625 1756 in
649 1713 685 1756 re
708 1691 868 1774 permissa
887 1692 1077 1776 impedient,
1103 1696 1138 1757 et
1152 1691 1302 1769 iudicem,
1325 1711 1367 1756 ne
1382 1691 1424 1756 ob
1440 1711 1513 1756 eum
1529 1710 1663 1756 causam

414 1797 558 1865 violatae
581 1797 664 1880 legis
687 1819 779 1863 reum
803 1797 1003 1882 pronuntiet.

413 1909 482 1982 236.
575 1913 722 1978 Effectus
745 1912 894 1996 denique,
921 1913 976 1995 qui
999 1917 1164 1999 punitione
1187 1913 1349 1989 consistit,
1378 1912 1499 1996 duplici
1523 1912 1619 1977 modo
1642 1933 1664 1977 6

414 2020 488 2102 1636
510 2019 715 2103 producitur:
739 2019 844 2103 primo
868 2019 999 2102 quidem
1022 2041 1082 2104 per
1104 2019 1209 2104 ipsum
1234 2022 1369 2106 culpam,
1394 2041 1480 2102 quae
1502 2021 1554 2084 est
1576 2017 1663 2085 rutio

416 2125 602 2210 punitionis,
628 2131 790 2209 quatenus
814 2148 834 2192 6
857 2127 931 2210 1636
953 2127 1092 2210 pendet,
1117 2149 1138 2191 u
1176 2131 1406 2208 transgressor
1427 2127 1512 2209 legis
1533 2131 1663 2191 reatum

414 2253 539 2316 poenae
573 2233 737 2307 incurram
771 2234 877 2298 altero
910 2232 1023 2310 modo,
1057 2238 1157 2317 prout
1185 2233 1414 2300 consideretur
1443 2233 1516 2317 ipss
1544 2253 1665 2318 poenae

413 2343 535 2406 taxatio
565 2347 623 2405 aut
652 2343 747 2406 eliam
778 2343 914 2408 actualis
944 2342 1093 2424 inflictio,
1124 2361 1209 2423 queo
1232 2340 1408 2422 aliquando
1431 2339 1665 2404 immedistea

413 2446 487 2528 1636
511 2445 663 2524 eflicitur,
688 2445 736 2512 ite
760 2451 797 2511 ut
820 2445 890 2511 eius
913 2447 1038 2512 virtute
1061 2447 1133 2529 ipso
1156 2446 1246 2514 factu
1262 2445 1536 2529 transgressionis
1558 2465 1666 2528 poene

414 2553 617 2628 ineurrstar3
649 2551 825 2633 aliquando
851 2552 995 2618 mediate
1019 2557 1168 2630 tantum,
1200 2553 1278 2620 dato
1302 2553 1458 2619 mandato
1482 2551 1596 2627 iudici,
1627 2557 1665 2617 ut

414 2679 552 2740 poenam
578 2657 696 2723 delicto
721 2678 900 2738 congruum
923 2657 995 2741 ipse
1018 2662 1156 2725 statuat.

504 2763 669 2830 Recensiti
683 2767 840 2846 quattuor
851 2765 998 2842 effectus,
1013 2764 1162 2847 quemvis
1175 2785 1288 2853 omnes
1300 2765 1343 2830 sd
1354 2765 1462 2847 legem
1474 2763 1665 2830 indetermi-

417 2875 494 2936 nate
517 2877 681 2954 sumptum
704 2871 901 2954 pertineant,
925 2876 1121 2938 nontamen
1144 2893 1257 2937 omnes
1277 2871 1414 2953 singulis
1435 2871 1563 2954 legibus
1587 2891 1664 2934 con-

416 2977 553 3042 veniunt
563 2979 584 3044 ¹.

479 3141 551 3225 32.
600 3143 836 3210 Distinctio
868 3144 1005 3226 legum
1039 3163 1059 3208 6
1090 3141 1351 3209 diversitate
1381 3141 1602 3226 specifice.

416 3255 484 3326 237.
575 3257 627 3323 Ita
651 3259 742 3341 leges
766 3257 971 3323 dividuntor:

510 3367 536 3430 1.
562 3364 828 3430 Generalissime:
850 3365 883 3428 in
907 3365 1013 3446 legem
1039 3373 1202 3430 aeternam
1225 3367 1260 3428 et
1282 3364 1374 3445 leges
1397 3367 1583 3449 temporales
1606 3384 1664 3429 seu

415 3467 448 3534 in
472 3473 621 3552 tempore
644 3469 740 3536 lates.
788 3471 863 3535 Non
887 3469 995 3535 minus
1019 3490 1097 3534 vere
1120 3474 1232 3536 tumen
1254 3469 1311 3534 lex
1334 3471 1471 3534 aeterna
1494 3491 1664 3536 commune

416 3576 558 3640 omnium
583 3575 691 3658 legum
715 3575 945 3660 temporalium
970 3580 1133 3662 exemplar
1156 3599 1194 3641 ac
1213 3578 1411 3662 principium
1434 3575 1563 3643 dicitur.

506 3685 536 3749 2.
562 3685 698 3750 Ratione
722 3689 861 3750 auctoris
885 3687 1080 3751 immediati:
1102 3684 1135 3747 in
1160 3685 1304 3749 diuinam
1327 3689 1362 3749 et
1385 3685 1570 3749 humanam.

507 3797 536 3856 3.
562 3791 698 3856 Ratione
719 3791 926 3873 fundamenti
949 3793 1044 3856 sirriul
1068 3799 1095 3856 et
1117 3791 1400 3876 promulgationis:
1427 3790 1664 3856 innaturalem

417 3901 451 3962 et
470 3899 650 3982 ¹positimtm.

506 4004 607 4068 Porro
640 4005 694 4069 lex
727 4007 862 4090 position
898 4005 1014 4070 iterum
1051 4004 1265 4086 distinguitur
1300 4004 1410 4067 diuina
1444 4009 1479 4068 et
1510 4005 1662 4068 bumana.

417 4111 508 4176 Haec
532 4110 604 4194 ipse
627 4111 755 4176 demum
780 4115 832 4177 est
856 4113 1064 4176 ecclesiastiea
1088 4111 1141 4175 vel
1158 4112 1269 4191 ciuilis,
1293 4112 1392 4192 prout
1408 4109 1449 4173 sb
1466 4107 1664 4175 auctoritate

416 4218 559 4283 humens
583 4218 807 4284 ecelesiastica
831 4219 884 4283 vel
908 4217 998 4283 civili
1021 4217 1137 4283 fertur.

506 4325 578 4390 Hoc
601 4325 672 4389 loco
696 4325 736 4389 de
760 4325 834 4406 1636
859 4333 990 4391 aeterna
1010 4333 1038 4389 et
1053 4326 1199 4389 natmali
1214 4325 1344 4388 tentum
1360 4341 1441 4405 pree
1456 4323 1576 4388 ceteris
1591 4323 1663 4388 dili-

417 4431 548 4512 gentius
571 4431 734 4512 egendum
758 4433 825 4506 est3
850 4430 967 4512 quibus
985 4431 1142 4496 66666116
1156 4431 1359 4514 peneraliora
1375 4428 1416 4493 de
1432 4428 1506 4510 lege
1521 4427 1663 4512 positiva

416 4537 488 4602 sive
504 4536 614 4602 divine
630 4538 700 4602 sive
722 4537 864 4602 humens
887 4536 1093 4602 subiciemus.
1132 4536 1258 4618 Quippe
1282 4535 1323 4599 de
1345 4534 1420 4616 1636
1442 4534 1554 4600 divine
1576 4535 1664 4620 posi·

416 4642 487 4708 tivs
517 4643 550 4707 in
576 4646 772 4729 particulari
801 4644 962 4709 disserere
987 4644 1029 4709 sd
1052 4643 1217 4727 propriam
1247 4640 1435 4723 theologice
1462 4640 1663 4724 provinciam

417 4749 577 4833 pertinet;
610 4750 643 4814 in
670 4753 887 4836 particulares
917 4753 1028 4816 eutem
1058 4750 1168 4832 legum
1198 4748 1415 4813 humansrum
1445 4747 1591 4813 rationes
1613 4747 1664 4812 in·

417 4855 585 4938 vestigare
616 4878 736 4937 magna
767 4879 808 4923 ex
838 4863 933 4942 porte
963 4857 1121 4922 scientiae
1151 4855 1231 4921 iuris
1262 4855 1369 4921 civilis
1393 4858 1427 4920 et
1450 4855 1665 4921 ecclesiastici

510 5009 516 5039 ¹
537 5005 578 5060 cf.
599 5009 711 5076 Suarrz,
730 5007 770 5061 De
789 5005 896 5075 legibus
915 5007 932 5060 1.
954 5007 976 5072 1,
996 5025 1019 5060 c.
1040 5008 1073 5060 15
1093 5010 1120 5059 et
1141 5007 1183 5060 16.
