<?xml version="1.0" encoding="UTF-8"?>
<!DOCTYPE html PUBLIC "-//W3C//DTD XHTML 1.0 Transitional//EN"
    "http://www.w3.org/TR/xhtml1/DTD/xhtml1-transitional.dtd">
<html xmlns="http://www.w3.org/1999/xhtml" xml:lang="en" lang="en">
 <head>
  <title>
</title>
<meta http-equiv="Content-Type" content="text/html;charset=utf-8" />
  <meta name='ocr-system' content='tesseract 3.04.00' />
  <meta name='ocr-capabilities' content='ocr_page ocr_carea ocr_par ocr_line ocrx_word'/>
</head>
<body>
  <div class='ocr_page' id='page_1' title='image "./institutionesiu00meyegoog_0332.png"; bbox 0 0 3909 5842; ppageno 0'>
   <div class='ocr_carea' id='block_1_1' title="bbox 421 609 1448 682">
    <p class='ocr_par' dir='ltr' id='par_1_1' title="bbox 421 609 1448 682">
     <span class='ocr_line' id='line_1_1' title="bbox 421 609 1448 682; baseline -0.005 -11"><span class='ocrx_word' id='word_1_1' title='bbox 421 615 486 682; x_wconf 85' lang='lat'><strong>280</strong></span> <span class='ocrx_word' id='word_1_2' title='bbox 648 611 738 667; x_wconf 81' lang='lat' dir='ltr'><strong>Sectio</strong></span> <span class='ocrx_word' id='word_1_3' title='bbox 757 611 777 667; x_wconf 90' lang='lat' dir='ltr'><strong>l.</strong></span> <span class='ocrx_word' id='word_1_4' title='bbox 815 611 896 667; x_wconf 84' lang='lat' dir='ltr'><strong>Liber</strong></span> <span class='ocrx_word' id='word_1_5' title='bbox 913 611 960 666; x_wconf 88' lang='lat' dir='ltr'><strong>lV.</strong></span> <span class='ocrx_word' id='word_1_6' title='bbox 999 611 1087 682; x_wconf 81' lang='lat' dir='ltr'><strong>Caput</strong></span> <span class='ocrx_word' id='word_1_7' title='bbox 1106 609 1127 664; x_wconf 93' lang='lat' dir='ltr'><strong>l.</strong></span> <span class='ocrx_word' id='word_1_8' title='bbox 1165 609 1305 666; x_wconf 76' lang='lat' dir='ltr'><strong>Articulus</strong></span> <span class='ocrx_word' id='word_1_9' title='bbox 1323 610 1349 666; x_wconf 86' lang='lat'><strong>2.</strong></span> <span class='ocrx_word' id='word_1_10' title='bbox 1386 610 1448 678; x_wconf 67' lang='lat'><strong>51.</strong></span> 
     </span>
    </p>
   </div>
   <div class='ocr_carea' id='block_1_2' title="bbox 374 787 1764 3236">
    <p class='ocr_par' dir='ltr' id='par_1_2' title="bbox 419 787 1686 1091">
     <span class='ocr_line' id='line_1_2' title="bbox 509 787 1683 876; baseline 0.002 -20"><span class='ocrx_word' id='word_1_11' title='bbox 509 791 551 858; x_wconf 94' lang='grc' dir='ltr'><strong>Π.</strong></span> <span class='ocrx_word' id='word_1_12' title='bbox 582 789 668 856; x_wconf 89' lang='lat' dir='ltr'><strong>Hinc</strong></span> <span class='ocrx_word' id='word_1_13' title='bbox 697 789 813 856; x_wconf 91' lang='lat' dir='ltr'><strong>eodem</strong></span> <span class='ocrx_word' id='word_1_14' title='bbox 844 789 953 870; x_wconf 87' lang='lat' dir='ltr'><strong>titulo,</strong></span> <span class='ocrx_word' id='word_1_15' title='bbox 987 812 1051 873; x_wconf 93' lang='lat' dir='ltr'><strong>quo</strong></span> <span class='ocrx_word' id='word_1_16' title='bbox 1084 787 1319 856; x_wconf 80' lang='lat' dir='ltr'><strong>conscientiam</strong></span> <span class='ocrx_word' id='word_1_17' title='bbox 1350 789 1443 872; x_wconf 90' lang='lat' dir='ltr'><strong>sequi</strong></span> <span class='ocrx_word' id='word_1_18' title='bbox 1477 791 1683 876; x_wconf 78' lang='lat' dir='ltr'><strong>obligamur,</strong></span> 
     </span>
     <span class='ocr_line' id='line_1_3' title="bbox 419 897 1686 982; baseline 0.002 -17"><span class='ocrx_word' id='word_1_19' title='bbox 419 903 572 966; x_wconf 89' lang='lat' dir='ltr'><strong>tenemur</strong></span> <span class='ocrx_word' id='word_1_20' title='bbox 595 916 733 980; x_wconf 88' lang='lat' dir='ltr'><strong>quoque,</strong></span> <span class='ocrx_word' id='word_1_21' title='bbox 758 900 916 979; x_wconf 88' lang='lat' dir='ltr'><strong>quantum</strong></span> <span class='ocrx_word' id='word_1_22' title='bbox 939 897 974 964; x_wconf 91' lang='lat' dir='ltr'><strong>id</strong></span> <span class='ocrx_word' id='word_1_23' title='bbox 990 900 1142 963; x_wconf 86' lang='lat' dir='ltr'><strong>anostra</strong></span> <span class='ocrx_word' id='word_1_24' title='bbox 1165 917 1244 963; x_wconf 89' lang='lat' dir='ltr'><strong>cura</strong></span> <span class='ocrx_word' id='word_1_25' title='bbox 1267 897 1439 982; x_wconf 80' lang='lat' dir='ltr'>dependet,</span> <span class='ocrx_word' id='word_1_26' title='bbox 1465 903 1686 968; x_wconf 78' lang='lat' dir='ltr'><strong>conecierrtice</strong></span> 
     </span>
     <span class='ocr_line' id='line_1_4' title="bbox 421 1003 1404 1091; baseline 0 -21"><span class='ocrx_word' id='word_1_27' title='bbox 421 1006 609 1071; x_wconf 74' lang='lat' dir='ltr'><strong>rectitudini</strong></span> <span class='ocrx_word' id='word_1_28' title='bbox 629 1007 820 1091; x_wconf 75' lang='lat' dir='ltr'><strong>prospicere,</strong></span> <span class='ocrx_word' id='word_1_29' title='bbox 845 1008 880 1071; x_wconf 91' lang='lat' dir='ltr'><strong>et</strong></span> <span class='ocrx_word' id='word_1_30' title='bbox 901 1004 1038 1089; x_wconf 92' lang='lat' dir='ltr'><strong>proinde</strong></span> <span class='ocrx_word' id='word_1_31' title='bbox 1061 1004 1283 1087; x_wconf 85' lang='lat' dir='ltr'><strong>unusquisque</strong></span> <span class='ocrx_word' id='word_1_32' title='bbox 1306 1003 1404 1070; x_wconf 90' lang='lat' dir='ltr'><strong>debet</strong></span> 
     </span>
    </p>

    <p class='ocr_par' dir='ltr' id='par_1_3' title="bbox 420 1109 1685 1407">
     <span class='ocr_line' id='line_1_5' title="bbox 510 1109 1685 1193; baseline 0.005 -18"><span class='ocrx_word' id='word_1_33' title='bbox 510 1109 545 1190; x_wconf 90' lang='lat' dir='ltr'><strong>a)</strong></span> <span class='ocrx_word' id='word_1_34' title='bbox 568 1109 688 1189; x_wconf 84' lang='lat' dir='ltr'><strong>officia,</strong></span> <span class='ocrx_word' id='word_1_35' title='bbox 712 1113 784 1177; x_wconf 91' lang='lat' dir='ltr'><strong>tum</strong></span> <span class='ocrx_word' id='word_1_36' title='bbox 807 1130 892 1193; x_wconf 92' lang='lat' dir='ltr'><strong>quae</strong></span> <span class='ocrx_word' id='word_1_37' title='bbox 915 1109 1065 1176; x_wconf 89' lang='lat' dir='ltr'><strong>omnihus</strong></span> <span class='ocrx_word' id='word_1_38' title='bbox 1089 1109 1282 1189; x_wconf 84' lang='lat' dir='ltr'><strong>eommunia,</strong></span> <span class='ocrx_word' id='word_1_39' title='bbox 1307 1112 1376 1176; x_wconf 90' lang='lat' dir='ltr'><strong>tum</strong></span> <span class='ocrx_word' id='word_1_40' title='bbox 1401 1131 1486 1193; x_wconf 88' lang='lat' dir='ltr'><strong>quae</strong></span> <span class='ocrx_word' id='word_1_41' title='bbox 1510 1111 1576 1177; x_wconf 89' lang='lat' dir='ltr'><strong>sibi</strong></span> <span class='ocrx_word' id='word_1_42' title='bbox 1602 1119 1685 1180; x_wconf 89' lang='lat' dir='ltr'><strong>sunt</strong></span> 
     </span>
     <span class='ocr_line' id='line_1_6' title="bbox 420 1215 1685 1300; baseline 0.002 -17"><span class='ocrx_word' id='word_1_43' title='bbox 420 1215 644 1300; x_wconf 84' lang='lat' dir='ltr'><strong>particularia,</strong></span> <span class='ocrx_word' id='word_1_44' title='bbox 669 1238 742 1282; x_wconf 89' lang='lat' dir='ltr'><strong>cum</strong></span> <span class='ocrx_word' id='word_1_45' title='bbox 766 1237 807 1284; x_wconf 89' lang='lat' dir='ltr'><strong>ea</strong></span> <span class='ocrx_word' id='word_1_46' title='bbox 822 1216 972 1284; x_wconf 88' lang='lat' dir='ltr'><strong>sollertia</strong></span> <span class='ocrx_word' id='word_1_47' title='bbox 987 1215 1199 1299; x_wconf 88' lang='lat' dir='ltr'><strong>investigare,</strong></span> <span class='ocrx_word' id='word_1_48' title='bbox 1224 1237 1308 1298; x_wconf 91' lang='lat' dir='ltr'><strong>quae</strong></span> <span class='ocrx_word' id='word_1_49' title='bbox 1324 1215 1438 1294; x_wconf 89' lang='lat' dir='ltr'><strong>aetati,</strong></span> <span class='ocrx_word' id='word_1_50' title='bbox 1462 1219 1583 1296; x_wconf 82' lang='lat' dir='ltr'><strong>statui,</strong></span> <span class='ocrx_word' id='word_1_51' title='bbox 1609 1241 1685 1286; x_wconf 93' lang='lat' dir='ltr'><strong>mu-</strong></span> 
     </span>
     <span class='ocr_line' id='line_1_7' title="bbox 421 1321 1297 1407; baseline 0.001 -19"><span class='ocrx_word' id='word_1_52' title='bbox 421 1322 492 1388; x_wconf 89' lang='lat' dir='ltr'>neri</span> <span class='ocrx_word' id='word_1_53' title='bbox 515 1321 700 1406; x_wconf 89' lang='lat' dir='ltr'><strong>ceterisque</strong></span> <span class='ocrx_word' id='word_1_54' title='bbox 723 1323 813 1389; x_wconf 83' lang='lat' dir='ltr'><strong>vitae</strong></span> <span class='ocrx_word' id='word_1_55' title='bbox 836 1323 1080 1390; x_wconf 81' lang='lat' dir='ltr'><strong>condicionibus</strong></span> <span class='ocrx_word' id='word_1_56' title='bbox 1102 1323 1297 1407; x_wconf 60' lang='lat' dir='ltr'><strong>respondem</strong></span> 
     </span>
    </p>

    <p class='ocr_par' dir='ltr' id='par_1_4' title="bbox 420 1427 1764 1727">
     <span class='ocr_line' id='line_1_8' title="bbox 510 1427 1684 1512; baseline 0.003 -17"><span class='ocrx_word' id='word_1_57' title='bbox 510 1427 546 1511; x_wconf 92' lang='lat' dir='ltr'><strong>b)</strong></span> <span class='ocrx_word' id='word_1_58' title='bbox 570 1429 698 1511; x_wconf 89' lang='lat' dir='ltr'><strong>quoties</strong></span> <span class='ocrx_word' id='word_1_59' title='bbox 727 1429 762 1495; x_wconf 92' lang='lat' dir='ltr'><strong>in</strong></span> <span class='ocrx_word' id='word_1_60' title='bbox 792 1429 920 1512; x_wconf 88' lang='lat' dir='ltr'><strong>agendo</strong></span> <span class='ocrx_word' id='word_1_61' title='bbox 950 1430 991 1496; x_wconf 93' lang='lat' dir='ltr'><strong>de</strong></span> <span class='ocrx_word' id='word_1_62' title='bbox 1021 1429 1195 1496; x_wconf 87' lang='lat' dir='ltr'><strong>honestate</strong></span> <span class='ocrx_word' id='word_1_63' title='bbox 1225 1433 1319 1496; x_wconf 87' lang='lat' dir='ltr'><strong>actus</strong></span> <span class='ocrx_word' id='word_1_64' title='bbox 1342 1429 1503 1497; x_wconf 77' lang='lat' dir='ltr'><strong>dubitatio</strong></span> <span class='ocrx_word' id='word_1_65' title='bbox 1529 1429 1684 1500; x_wconf 88' lang='lat' dir='ltr'><strong>animum</strong></span> 
     </span>
     <span class='ocr_line' id='line_1_9' title="bbox 421 1533 1764 1620; baseline 0.004 -19"><span class='ocrx_word' id='word_1_66' title='bbox 421 1535 520 1614; x_wconf 90' lang='lat' dir='ltr'><strong>subit,</strong></span> <span class='ocrx_word' id='word_1_67' title='bbox 551 1536 585 1602; x_wconf 92' lang='lat' dir='ltr'><strong>in</strong></span> <span class='ocrx_word' id='word_1_68' title='bbox 615 1535 690 1619; x_wconf 89' lang='lat' dir='ltr'><strong>lege</strong></span> <span class='ocrx_word' id='word_1_69' title='bbox 719 1535 953 1618; x_wconf 85' lang='lat' dir='ltr'><strong>investiganda</strong></span> <span class='ocrx_word' id='word_1_70' title='bbox 983 1536 1038 1600; x_wconf 91' lang='lat' dir='ltr'><strong>vel</strong></span> <span class='ocrx_word' id='word_1_71' title='bbox 1061 1535 1125 1602; x_wconf 86' lang='lat' dir='ltr'><strong>rite</strong></span> <span class='ocrx_word' id='word_1_72' title='bbox 1149 1535 1345 1620; x_wconf 87' lang='lat' dir='ltr'><strong>applicanda</strong></span> <span class='ocrx_word' id='word_1_73' title='bbox 1368 1555 1440 1602; x_wconf 88' lang='lat' dir='ltr'><strong>eam</strong></span> <span class='ocrx_word' id='word_1_74' title='bbox 1465 1535 1684 1620; x_wconf 72' lang='lat' dir='ltr'><strong>diligentiam</strong></span> <span class='ocrx_word' id='word_1_75' title='bbox 1763 1533 1764 1546; x_wconf 50' lang='lat'>¹</span> 
     </span>
     <span class='ocr_line' id='line_1_10' title="bbox 420 1641 1682 1727; baseline 0.004 -20"><span class='ocrx_word' id='word_1_76' title='bbox 420 1641 619 1727; x_wconf 90' lang='lat' dir='ltr'><strong>impendere,</strong></span> <span class='ocrx_word' id='word_1_77' title='bbox 636 1662 734 1724; x_wconf 88' lang='lat' dir='ltr'><strong>quem</strong></span> <span class='ocrx_word' id='word_1_78' title='bbox 756 1663 820 1721; x_wconf 88' lang='lat' dir='ltr'><strong>res,</strong></span> <span class='ocrx_word' id='word_1_79' title='bbox 837 1649 977 1726; x_wconf 91' lang='lat' dir='ltr'><strong>tempus,</strong></span> <span class='ocrx_word' id='word_1_80' title='bbox 1002 1641 1091 1706; x_wconf 85' lang='lat' dir='ltr'><strong>vires</strong></span> <span class='ocrx_word' id='word_1_81' title='bbox 1106 1645 1140 1708; x_wconf 89' lang='lat' dir='ltr'><strong>et</strong></span> <span class='ocrx_word' id='word_1_82' title='bbox 1155 1642 1282 1724; x_wconf 91' lang='lat' dir='ltr'><strong>reliqua</strong></span> <span class='ocrx_word' id='word_1_83' title='bbox 1298 1641 1452 1710; x_wconf 89' lang='lat' dir='ltr'><strong>adiuncta</strong></span> <span class='ocrx_word' id='word_1_84' title='bbox 1467 1643 1650 1726; x_wconf 86' lang='lat' dir='ltr'><strong>postulant</strong></span> <span class='ocrx_word' id='word_1_85' title='bbox 1660 1649 1682 1712; x_wconf 85' lang='lat'><strong>².</strong></span> 
     </span>
    </p>

    <p class='ocr_par' dir='ltr' id='par_1_5' title="bbox 374 1747 1684 2563">
     <span class='ocr_line' id='line_1_11' title="bbox 510 1747 1684 1832; baseline 0.004 -18"><span class='ocrx_word' id='word_1_86' title='bbox 510 1748 569 1816; x_wconf 93' lang='grc' dir='ltr'><strong>ΠΙ.</strong></span> <span class='ocrx_word' id='word_1_87' title='bbox 586 1747 824 1815; x_wconf 79' lang='lat' dir='ltr'><strong>Conscientiam</strong></span> <span class='ocrx_word' id='word_1_88' title='bbox 841 1757 913 1814; x_wconf 73' lang='lat' dir='ltr'><strong>acic</strong></span> <span class='ocrx_word' id='word_1_89' title='bbox 928 1750 1119 1815; x_wconf 77' lang='lat' dir='ltr'><strong>vincibiliter</strong></span> <span class='ocrx_word' id='word_1_90' title='bbox 1134 1769 1309 1832; x_wconf 86' lang='lat' dir='ltr'><strong>erroneam,</strong></span> <span class='ocrx_word' id='word_1_91' title='bbox 1326 1769 1411 1831; x_wconf 90' lang='lat' dir='ltr'><strong>quae</strong></span> <span class='ocrx_word' id='word_1_92' title='bbox 1427 1747 1517 1814; x_wconf 88' lang='lat' dir='ltr'><strong>circa</strong></span> <span class='ocrx_word' id='word_1_93' title='bbox 1533 1751 1684 1818; x_wconf 87' lang='lat' dir='ltr'><strong>actionis</strong></span> 
     </span>
     <span class='ocr_line' id='line_1_12' title="bbox 422 1854 1684 1938; baseline 0.003 -16"><span class='ocrx_word' id='word_1_94' title='bbox 422 1859 482 1922; x_wconf 88' lang='lat' dir='ltr'><strong>aut</strong></span> <span class='ocrx_word' id='word_1_95' title='bbox 497 1854 682 1921; x_wconf 90' lang='lat' dir='ltr'><strong>omissionis</strong></span> <span class='ocrx_word' id='word_1_96' title='bbox 697 1855 905 1922; x_wconf 76' lang='lat' dir='ltr'><strong>honestatem</strong></span> <span class='ocrx_word' id='word_1_97' title='bbox 922 1855 976 1920; x_wconf 87' lang='lat' dir='ltr'><strong>vel</strong></span> <span class='ocrx_word' id='word_1_98' title='bbox 992 1855 1232 1922; x_wconf 81' lang='lat' dir='ltr'><strong>inhonestatem</strong></span> <span class='ocrx_word' id='word_1_99' title='bbox 1246 1859 1410 1933; x_wconf 89' lang='lat' dir='ltr'><strong>versatur,</strong></span> <span class='ocrx_word' id='word_1_100' title='bbox 1427 1876 1536 1938; x_wconf 91' lang='lat' dir='ltr'><strong>neque</strong></span> <span class='ocrx_word' id='word_1_101' title='bbox 1548 1861 1684 1926; x_wconf 89' lang='lat' dir='ltr'><strong>temere</strong></span> 
     </span>
     <span class='ocr_line' id='line_1_13' title="bbox 374 1946 1684 2047; baseline 0.002 -18"><span class='ocrx_word' id='word_1_102' title='bbox 374 1946 379 1957; x_wconf 34' lang='lat'><em>¹</em></span> <span class='ocrx_word' id='word_1_103' title='bbox 421 1961 516 2046; x_wconf 89' lang='lat' dir='ltr'><strong>sequi</strong></span> <span class='ocrx_word' id='word_1_104' title='bbox 547 1981 653 2044; x_wconf 90' lang='lat' dir='ltr'><strong>neque</strong></span> <span class='ocrx_word' id='word_1_105' title='bbox 684 1960 714 2028; x_wconf 92' lang='lat' dir='ltr'><strong>ei</strong></span> <span class='ocrx_word' id='word_1_106' title='bbox 747 1983 821 2028; x_wconf 89' lang='lat' dir='ltr'><strong>cum</strong></span> <span class='ocrx_word' id='word_1_107' title='bbox 852 1961 999 2047; x_wconf 88' lang='lat' dir='ltr'><strong>periculo</strong></span> <span class='ocrx_word' id='word_1_108' title='bbox 1031 1962 1214 2030; x_wconf 86' lang='lat' dir='ltr'><strong>obiectivee</strong></span> <span class='ocrx_word' id='word_1_109' title='bbox 1245 1962 1463 2029; x_wconf 85' lang='lat' dir='ltr'><strong>inhonestatis</strong></span> <span class='ocrx_word' id='word_1_110' title='bbox 1495 1963 1684 2032; x_wconf 84' lang='lat' dir='ltr'><strong>dissentire</strong></span> 
     </span>
     <span class='ocr_line' id='line_1_14' title="bbox 422 2067 1682 2153; baseline 0.006 -19"><span class='ocrx_word' id='word_1_111' title='bbox 422 2067 517 2146; x_wconf 88' lang='lat' dir='ltr'><strong>licet;</strong></span> <span class='ocrx_word' id='word_1_112' title='bbox 545 2069 604 2136; x_wconf 87' lang='lat' dir='ltr'><strong>sed</strong></span> <span class='ocrx_word' id='word_1_113' title='bbox 634 2072 732 2152; x_wconf 91' lang='lat' dir='ltr'><strong>urget</strong></span> <span class='ocrx_word' id='word_1_114' title='bbox 759 2073 838 2136; x_wconf 89' lang='lat' dir='ltr'><strong>aute</strong></span> <span class='ocrx_word' id='word_1_115' title='bbox 861 2068 970 2135; x_wconf 87' lang='lat' dir='ltr'><strong>omnia</strong></span> <span class='ocrx_word' id='word_1_116' title='bbox 993 2068 1151 2152; x_wconf 81' lang='lat' dir='ltr'><strong>obligatio</strong></span> <span class='ocrx_word' id='word_1_117' title='bbox 1175 2069 1357 2153; x_wconf 85' lang='lat' dir='ltr'><strong>depellendi</strong></span> <span class='ocrx_word' id='word_1_118' title='bbox 1380 2071 1515 2136; x_wconf 83' lang='lat' dir='ltr'><strong>liberam</strong></span> <span class='ocrx_word' id='word_1_119' title='bbox 1541 2094 1682 2140; x_wconf 72' lang='lat' dir='ltr'><strong>corisum</strong></span> 
     </span>
     <span class='ocr_line' id='line_1_15' title="bbox 422 2174 1684 2263; baseline 0.006 -22"><span class='ocrx_word' id='word_1_120' title='bbox 422 2174 553 2243; x_wconf 88' lang='lat' dir='ltr'><strong>erroris.</strong></span> <span class='ocrx_word' id='word_1_121' title='bbox 585 2175 679 2243; x_wconf 89' lang='lat' dir='ltr'><strong>Illam</strong></span> <span class='ocrx_word' id='word_1_122' title='bbox 703 2175 790 2242; x_wconf 91' lang='lat' dir='ltr'><strong>enim</strong></span> <span class='ocrx_word' id='word_1_123' title='bbox 813 2175 979 2258; x_wconf 88' lang='lat' dir='ltr'><strong>sequendo</strong></span> <span class='ocrx_word' id='word_1_124' title='bbox 1003 2179 1121 2259; x_wconf 86' lang='lat' dir='ltr'><strong>peccat</strong></span> <span class='ocrx_word' id='word_1_125' title='bbox 1143 2179 1259 2243; x_wconf 87' lang='lat' dir='ltr'><strong>contre</strong></span> <span class='ocrx_word' id='word_1_126' title='bbox 1274 2175 1509 2260; x_wconf 80' lang='lat' dir='ltr'><strong>obligationem</strong></span> <span class='ocrx_word' id='word_1_127' title='bbox 1526 2177 1560 2244; x_wconf 93' lang='lat' dir='ltr'><strong>in</strong></span> <span class='ocrx_word' id='word_1_128' title='bbox 1581 2201 1684 2263; x_wconf 90' lang='lat' dir='ltr'><strong>prae-</strong></span> 
     </span>
     <span class='ocr_line' id='line_1_16' title="bbox 422 2281 1683 2367; baseline 0.005 -20"><span class='ocrx_word' id='word_1_129' title='bbox 422 2281 552 2350; x_wconf 89' lang='lat' dir='ltr'><strong>cedenti</strong></span> <span class='ocrx_word' id='word_1_130' title='bbox 575 2281 747 2348; x_wconf 89' lang='lat' dir='ltr'><strong>corollario</strong></span> <span class='ocrx_word' id='word_1_131' title='bbox 770 2285 937 2360; x_wconf 71' lang='lat' dir='ltr'><strong>notatam</strong></span> <span class='ocrx_word' id='word_1_132' title='bbox 960 2281 1009 2348; x_wconf 92' lang='lat' dir='ltr'><strong>illi</strong></span> <span class='ocrx_word' id='word_1_133' title='bbox 1032 2282 1232 2348; x_wconf 86' lang='lat' dir='ltr'><strong>contrarium</strong></span> <span class='ocrx_word' id='word_1_134' title='bbox 1255 2285 1383 2367; x_wconf 88' lang='lat' dir='ltr'><strong>agendo</strong></span> <span class='ocrx_word' id='word_1_135' title='bbox 1406 2287 1593 2367; x_wconf 88' lang='lat' dir='ltr'><strong>propterea</strong></span> <span class='ocrx_word' id='word_1_136' title='bbox 1625 2287 1683 2353; x_wconf 90' lang='lat' dir='ltr'><strong>de-</strong></span> 
     </span>
     <span class='ocr_line' id='line_1_17' title="bbox 419 2388 1681 2473; baseline 0.005 -18"><span class='ocrx_word' id='word_1_137' title='bbox 419 2389 549 2472; x_wconf 88' lang='lat' dir='ltr'><strong>linquit,</strong></span> <span class='ocrx_word' id='word_1_138' title='bbox 573 2388 651 2473; x_wconf 84' lang='lat' dir='ltr'><strong>quia</strong></span> <span class='ocrx_word' id='word_1_139' title='bbox 673 2389 836 2456; x_wconf 87' lang='lat' dir='ltr'><strong>actionem</strong></span> <span class='ocrx_word' id='word_1_140' title='bbox 859 2389 913 2454; x_wconf 92' lang='lat' dir='ltr'><strong>hic</strong></span> <span class='ocrx_word' id='word_1_141' title='bbox 936 2392 971 2456; x_wconf 91' lang='lat' dir='ltr'><strong>et</strong></span> <span class='ocrx_word' id='word_1_142' title='bbox 995 2409 1080 2454; x_wconf 92' lang='lat' dir='ltr'><strong>nuuc</strong></span> <span class='ocrx_word' id='word_1_143' title='bbox 1107 2389 1227 2456; x_wconf 89' lang='lat' dir='ltr'><strong>malam</strong></span> <span class='ocrx_word' id='word_1_144' title='bbox 1243 2411 1264 2455; x_wconf 86' lang='lat' dir='ltr'><strong>a</strong></span> <span class='ocrx_word' id='word_1_145' title='bbox 1279 2410 1316 2455; x_wconf 92' lang='lat' dir='ltr'><strong>se</strong></span> <span class='ocrx_word' id='word_1_146' title='bbox 1332 2390 1562 2458; x_wconf 86' lang='lat' dir='ltr'><strong>existimatam</strong></span> <span class='ocrx_word' id='word_1_147' title='bbox 1588 2415 1681 2460; x_wconf 88' lang='lat' dir='ltr'><strong>eom·</strong></span> 
     </span>
     <span class='ocr_line' id='line_1_18' title="bbox 422 2495 559 2563; baseline 0 -1"><span class='ocrx_word' id='word_1_148' title='bbox 422 2495 526 2563; x_wconf 87' lang='lat' dir='ltr'><strong>mittit</strong></span> <span class='ocrx_word' id='word_1_149' title='bbox 535 2498 559 2562; x_wconf 78' lang='lat'><strong>².</strong></span> 
     </span>
    </p>

    <p class='ocr_par' dir='ltr' id='par_1_6' title="bbox 421 2595 1682 3236">
     <span class='ocr_line' id='line_1_19' title="bbox 716 2595 1374 2672; baseline 0 -3"><span class='ocrx_word' id='word_1_150' title='bbox 716 2596 867 2670; x_wconf 77' lang='lat' dir='ltr'><strong>uotum</strong></span> <span class='ocrx_word' id='word_1_151' title='bbox 888 2597 930 2670; x_wconf 85' lang='lat' dir='ltr'><strong>ad</strong></span> <span class='ocrx_word' id='word_1_152' title='bbox 951 2595 1126 2672; x_wconf 84' lang='lat' dir='ltr'><strong>solvendas</strong></span> <span class='ocrx_word' id='word_1_153' title='bbox 1150 2595 1374 2671; x_wconf 73' lang='lat' dir='ltr'><strong>difficulate.</strong></span> 
     </span>
     <span class='ocr_line' id='line_1_20' title="bbox 421 2723 1682 2808; baseline -0.002 -11"><span class='ocrx_word' id='word_1_154' title='bbox 421 2725 488 2797; x_wconf 77' lang='lat'><strong>³1⁰.</strong></span> <span class='ocrx_word' id='word_1_155' title='bbox 581 2729 609 2793; x_wconf 93' lang='lat' dir='ltr'><strong>l.</strong></span> <span class='ocrx_word' id='word_1_156' title='bbox 634 2727 725 2792; x_wconf 91' lang='lat' dir='ltr'><strong>Deus</strong></span> <span class='ocrx_word' id='word_1_157' title='bbox 746 2729 867 2792; x_wconf 82' lang='lat' dir='ltr'><strong>melum</strong></span> <span class='ocrx_word' id='word_1_158' title='bbox 890 2727 1066 2808; x_wconf 60' lang='lat' dir='ltr'><strong>marciale,</strong></span> <span class='ocrx_word' id='word_1_159' title='bbox 1090 2725 1176 2808; x_wconf 92' lang='lat' dir='ltr'><strong>quod</strong></span> <span class='ocrx_word' id='word_1_160' title='bbox 1200 2745 1242 2789; x_wconf 85' lang='lat' dir='ltr'><strong>ex</strong></span> <span class='ocrx_word' id='word_1_161' title='bbox 1259 2723 1434 2790; x_wconf 75' lang='lat' dir='ltr'><strong>dictamine</strong></span> <span class='ocrx_word' id='word_1_162' title='bbox 1450 2725 1682 2794; x_wconf 79' lang='lat' dir='ltr'><strong>conscientiae</strong></span> 
     </span>
     <span class='ocr_line' id='line_1_21' title="bbox 422 2830 1681 2915; baseline 0.001 -17"><span class='ocrx_word' id='word_1_163' title='bbox 422 2832 657 2900; x_wconf 87' lang='lat' dir='ltr'><strong>invincibiliter</strong></span> <span class='ocrx_word' id='word_1_164' title='bbox 686 2852 843 2898; x_wconf 87' lang='lat' dir='ltr'><strong>erroneae</strong></span> <span class='ocrx_word' id='word_1_165' title='bbox 867 2831 1024 2915; x_wconf 86' lang='lat' dir='ltr'><strong>sequitur,</strong></span> <span class='ocrx_word' id='word_1_166' title='bbox 1056 2852 1120 2896; x_wconf 93' lang='lat' dir='ltr'><strong>non</strong></span> <span class='ocrx_word' id='word_1_167' title='bbox 1144 2830 1327 2898; x_wconf 81' lang='lat' dir='ltr'><strong>formaliter</strong></span> <span class='ocrx_word' id='word_1_168' title='bbox 1349 2831 1512 2914; x_wconf 85' lang='lat' dir='ltr'><strong>praecipit</strong></span> <span class='ocrx_word' id='word_1_169' title='bbox 1537 2837 1576 2899; x_wconf 88' lang='lat' dir='ltr'><strong>ut</strong></span> <span class='ocrx_word' id='word_1_170' title='bbox 1601 2834 1681 2906; x_wconf 83' lang='lat' dir='ltr'><strong>tale.</strong></span> 
     </span>
     <span class='ocr_line' id='line_1_22' title="bbox 422 2937 1679 3024; baseline 0 -18"><span class='ocrx_word' id='word_1_171' title='bbox 422 2961 528 3024; x_wconf 91' lang='lat' dir='ltr'><strong>neque</strong></span> <span class='ocrx_word' id='word_1_172' title='bbox 550 2939 701 3018; x_wconf 90' lang='lat' dir='ltr'><strong>intendit,</strong></span> <span class='ocrx_word' id='word_1_173' title='bbox 725 2939 784 3005; x_wconf 92' lang='lat' dir='ltr'><strong>sed</strong></span> <span class='ocrx_word' id='word_1_174' title='bbox 807 2939 971 3023; x_wconf 87' lang='lat' dir='ltr'><strong>permittit</strong></span> <span class='ocrx_word' id='word_1_175' title='bbox 993 2943 1162 3021; x_wconf 89' lang='lat' dir='ltr'><strong>tamquam</strong></span> <span class='ocrx_word' id='word_1_176' title='bbox 1181 2959 1240 3022; x_wconf 91' lang='lat' dir='ltr'><strong>per</strong></span> <span class='ocrx_word' id='word_1_177' title='bbox 1255 2937 1405 3004; x_wconf 90' lang='lat' dir='ltr'><strong>accidens</strong></span> <span class='ocrx_word' id='word_1_178' title='bbox 1421 2959 1588 3006; x_wconf 86' lang='lat' dir='ltr'><strong>conexum</strong></span> <span class='ocrx_word' id='word_1_179' title='bbox 1606 2963 1679 3006; x_wconf 88' lang='lat' dir='ltr'><strong>cum</strong></span> 
     </span>
     <span class='ocr_line' id='line_1_23' title="bbox 421 3043 1681 3132; baseline 0 -20"><span class='ocrx_word' id='word_1_180' title='bbox 421 3047 495 3132; x_wconf 88' lang='lat' dir='ltr'><strong>ipsa</strong></span> <span class='ocrx_word' id='word_1_181' title='bbox 526 3045 724 3113; x_wconf 87' lang='lat' dir='ltr'><strong>limitatione</strong></span> <span class='ocrx_word' id='word_1_182' title='bbox 754 3045 1002 3128; x_wconf 88' lang='lat' dir='ltr'><strong>intellegentiae</strong></span> <span class='ocrx_word' id='word_1_183' title='bbox 1031 3045 1203 3120; x_wconf 90' lang='lat' dir='ltr'><strong>humanae,</strong></span> <span class='ocrx_word' id='word_1_184' title='bbox 1234 3063 1330 3126; x_wconf 86' lang='lat' dir='ltr'><strong>quam</strong></span> <span class='ocrx_word' id='word_1_185' title='bbox 1361 3043 1476 3126; x_wconf 85' lang='lat' dir='ltr'><strong>utique</strong></span> <span class='ocrx_word' id='word_1_186' title='bbox 1505 3045 1681 3129; x_wconf 88' lang='lat' dir='ltr'><strong>sapienter</strong></span> 
     </span>
     <span class='ocr_line' id='line_1_24' title="bbox 421 3151 1292 3236; baseline -0.002 -15"><span class='ocrx_word' id='word_1_187' title='bbox 421 3155 574 3235; x_wconf 87' lang='lat' dir='ltr'><strong>intendit,</strong></span> <span class='ocrx_word' id='word_1_188' title='bbox 598 3156 697 3222; x_wconf 89' lang='lat' dir='ltr'><strong>immo</strong></span> <span class='ocrx_word' id='word_1_189' title='bbox 721 3153 864 3221; x_wconf 90' lang='lat' dir='ltr'><strong>creando</strong></span> <span class='ocrx_word' id='word_1_190' title='bbox 888 3175 953 3220; x_wconf 92' lang='lat' dir='ltr'><strong>non</strong></span> <span class='ocrx_word' id='word_1_191' title='bbox 976 3151 1086 3236; x_wconf 89' lang='lat' dir='ltr'><strong>potuit</strong></span> <span class='ocrx_word' id='word_1_192' title='bbox 1108 3173 1173 3217; x_wconf 92' lang='lat' dir='ltr'><strong>non</strong></span> <span class='ocrx_word' id='word_1_193' title='bbox 1196 3151 1292 3219; x_wconf 90' lang='lat' dir='ltr'><strong>velle.</strong></span> 
     </span>
    </p>
   </div>
   <div class='ocr_carea' id='block_1_3' title="bbox 421 3257 1677 3987">
    <p class='ocr_par' dir='ltr' id='par_1_7' title="bbox 421 3257 1677 3987">
     <span class='ocr_line' id='line_1_25' title="bbox 513 3257 1677 3345; baseline -0.003 -16"><span class='ocrx_word' id='word_1_194' title='bbox 513 3267 542 3330; x_wconf 89' lang='lat'><strong>2.</strong></span> <span class='ocrx_word' id='word_1_195' title='bbox 567 3261 683 3341; x_wconf 82' lang='lat' dir='ltr'><strong>Actus,</strong></span> <span class='ocrx_word' id='word_1_196' title='bbox 707 3260 764 3345; x_wconf 93' lang='lat' dir='ltr'><strong>qui</strong></span> <span class='ocrx_word' id='word_1_197' title='bbox 787 3281 830 3327; x_wconf 84' lang='lat' dir='ltr'><strong>ex</strong></span> <span class='ocrx_word' id='word_1_198' title='bbox 853 3259 1055 3326; x_wconf 87' lang='lat' dir='ltr'><strong>conscientia</strong></span> <span class='ocrx_word' id='word_1_199' title='bbox 1077 3259 1125 3326; x_wconf 90' lang='lat' dir='ltr'><strong>ita</strong></span> <span class='ocrx_word' id='word_1_200' title='bbox 1149 3261 1281 3324; x_wconf 90' lang='lat' dir='ltr'><strong>errante</strong></span> <span class='ocrx_word' id='word_1_201' title='bbox 1296 3258 1438 3342; x_wconf 90' lang='lat' dir='ltr'><strong>ponitur,</strong></span> <span class='ocrx_word' id='word_1_202' title='bbox 1462 3257 1677 3342; x_wconf 88' lang='lat' dir='ltr'><strong>inquantum</strong></span> 
     </span>
     <span class='ocr_line' id='line_1_26' title="bbox 421 3364 1675 3454; baseline -0.002 -18"><span class='ocrx_word' id='word_1_203' title='bbox 421 3370 489 3454; x_wconf 92' lang='lat' dir='ltr'><strong>legi</strong></span> <span class='ocrx_word' id='word_1_204' title='bbox 512 3392 555 3437; x_wconf 83' lang='lat' dir='ltr'><strong>ex</strong></span> <span class='ocrx_word' id='word_1_205' title='bbox 578 3369 744 3436; x_wconf 87' lang='lat' dir='ltr'><strong>obiectiva</strong></span> <span class='ocrx_word' id='word_1_206' title='bbox 766 3390 828 3435; x_wconf 89' lang='lat' dir='ltr'><strong>sua</strong></span> <span class='ocrx_word' id='word_1_207' title='bbox 849 3367 979 3433; x_wconf 89' lang='lat' dir='ltr'><strong>ratione</strong></span> <span class='ocrx_word' id='word_1_208' title='bbox 1003 3364 1160 3432; x_wconf 85' lang='lat' dir='ltr'><strong>difformis</strong></span> <span class='ocrx_word' id='word_1_209' title='bbox 1184 3367 1245 3443; x_wconf 90' lang='lat' dir='ltr'><strong>eat,</strong></span> <span class='ocrx_word' id='word_1_210' title='bbox 1269 3385 1334 3430; x_wconf 87' lang='lat' dir='ltr'><strong>non</strong></span> <span class='ocrx_word' id='word_1_211' title='bbox 1357 3369 1409 3432; x_wconf 88' lang='lat' dir='ltr'><strong>est</strong></span> <span class='ocrx_word' id='word_1_212' title='bbox 1431 3364 1609 3442; x_wconf 86' lang='lat' dir='ltr'><strong>humanus,</strong></span> <span class='ocrx_word' id='word_1_213' title='bbox 1633 3367 1675 3434; x_wconf 88' lang='lat' dir='ltr'><strong>si·</strong></span> 
     </span>
     <span class='ocr_line' id='line_1_27' title="bbox 421 3470 1676 3561; baseline -0.004 -18"><span class='ocrx_word' id='word_1_214' title='bbox 421 3477 553 3561; x_wconf 92' lang='lat' dir='ltr'><strong>quidem</strong></span> <span class='ocrx_word' id='word_1_215' title='bbox 584 3475 716 3542; x_wconf 86' lang='lat' dir='ltr'><strong>deficiat</strong></span> <span class='ocrx_word' id='word_1_216' title='bbox 738 3475 879 3558; x_wconf 90' lang='lat' dir='ltr'><strong>primum</strong></span> <span class='ocrx_word' id='word_1_217' title='bbox 904 3477 939 3539; x_wconf 89' lang='lat' dir='ltr'><strong>et</strong></span> <span class='ocrx_word' id='word_1_218' title='bbox 962 3471 1139 3538; x_wconf 87' lang='lat' dir='ltr'><strong>essentiale</strong></span> <span class='ocrx_word' id='word_1_219' title='bbox 1160 3470 1363 3554; x_wconf 86' lang='lat' dir='ltr'><strong>requisitum,</strong></span> <span class='ocrx_word' id='word_1_220' title='bbox 1394 3471 1558 3553; x_wconf 89' lang='lat' dir='ltr'><strong>coguitio;</strong></span> <span class='ocrx_word' id='word_1_221' title='bbox 1590 3473 1676 3538; x_wconf 88' lang='lat' dir='ltr'><strong>unde</strong></span> 
     </span>
     <span class='ocr_line' id='line_1_28' title="bbox 422 3576 1674 3666; baseline -0.004 -17"><span class='ocrx_word' id='word_1_222' title='bbox 422 3583 574 3666; x_wconf 88' lang='lat' dir='ltr'><strong>quamvis</strong></span> <span class='ocrx_word' id='word_1_223' title='bbox 596 3585 633 3648; x_wconf 80' lang='lat' dir='ltr'><strong>in</strong></span> <span class='ocrx_word' id='word_1_224' title='bbox 656 3582 816 3648; x_wconf 77' lang='lat' dir='ltr'><strong>abstracto</strong></span> <span class='ocrx_word' id='word_1_225' title='bbox 839 3583 1012 3665; x_wconf 83' lang='lat' dir='ltr'><strong>peccatum</strong></span> <span class='ocrx_word' id='word_1_226' title='bbox 1029 3578 1082 3656; x_wconf 88' lang='lat' dir='ltr'><strong>sit,</strong></span> <span class='ocrx_word' id='word_1_227' title='bbox 1107 3581 1306 3660; x_wconf 77' lang='lat' dir='ltr'><strong>inconcreta,</strong></span> <span class='ocrx_word' id='word_1_228' title='bbox 1330 3576 1351 3644; x_wconf 94' lang='lat' dir='ltr'><strong>i.</strong></span> <span class='ocrx_word' id='word_1_229' title='bbox 1369 3597 1397 3643; x_wconf 93' lang='lat' dir='ltr'><strong>e.</strong></span> <span class='ocrx_word' id='word_1_230' title='bbox 1414 3577 1521 3644; x_wconf 88' lang='lat' dir='ltr'><strong>relate</strong></span> <span class='ocrx_word' id='word_1_231' title='bbox 1537 3578 1583 3644; x_wconf 88' lang='lat' dir='ltr'><strong>ad</strong></span> <span class='ocrx_word' id='word_1_232' title='bbox 1598 3599 1674 3645; x_wconf 88' lang='lat' dir='ltr'><strong>eon·</strong></span> 
     </span>
     <span class='ocr_line' id='line_1_29' title="bbox 422 3683 1674 3766; baseline -0.002 -11"><span class='ocrx_word' id='word_1_233' title='bbox 422 3693 548 3756; x_wconf 89' lang='lat' dir='ltr'><strong>cretam</strong></span> <span class='ocrx_word' id='word_1_234' title='bbox 561 3689 746 3756; x_wconf 86' lang='lat' dir='ltr'><strong>veluntatis</strong></span> <span class='ocrx_word' id='word_1_235' title='bbox 758 3686 1075 3764; x_wconf 87' lang='lat' dir='ltr'><strong>determinationem,</strong></span> <span class='ocrx_word' id='word_1_236' title='bbox 1092 3683 1214 3749; x_wconf 91' lang='lat' dir='ltr'><strong>nullam</strong></span> <span class='ocrx_word' id='word_1_237' title='bbox 1230 3683 1357 3766; x_wconf 90' lang='lat' dir='ltr'><strong>peccati</strong></span> <span class='ocrx_word' id='word_1_238' title='bbox 1373 3683 1536 3750; x_wconf 90' lang='lat' dir='ltr'><strong>rationem</strong></span> <span class='ocrx_word' id='word_1_239' title='bbox 1552 3685 1674 3752; x_wconf 85' lang='lat' dir='ltr'><strong>hahere</strong></span> 
     </span>
     <span class='ocr_line' id='line_1_30' title="bbox 422 3791 1673 3881; baseline -0.004 -18"><span class='ocrx_word' id='word_1_240' title='bbox 422 3800 544 3881; x_wconf 89' lang='lat' dir='ltr'><strong>potest.</strong></span> <span class='ocrx_word' id='word_1_241' title='bbox 576 3795 694 3878; x_wconf 87' lang='lat' dir='ltr'><strong>Neque</strong></span> <span class='ocrx_word' id='word_1_242' title='bbox 716 3815 797 3877; x_wconf 91' lang='lat' dir='ltr'><strong>ergo</strong></span> <span class='ocrx_word' id='word_1_243' title='bbox 819 3795 854 3860; x_wconf 93' lang='lat' dir='ltr'><strong>in</strong></span> <span class='ocrx_word' id='word_1_244' title='bbox 876 3792 936 3859; x_wconf 86' lang='lat' dir='ltr'><strong>tali</strong></span> <span class='ocrx_word' id='word_1_245' title='bbox 960 3811 1039 3858; x_wconf 89' lang='lat' dir='ltr'><strong>casu</strong></span> <span class='ocrx_word' id='word_1_246' title='bbox 1062 3791 1151 3857; x_wconf 90' lang='lat' dir='ltr'><strong>Deus</strong></span> <span class='ocrx_word' id='word_1_247' title='bbox 1173 3793 1342 3874; x_wconf 89' lang='lat' dir='ltr'><strong>peccatum</strong></span> <span class='ocrx_word' id='word_1_248' title='bbox 1359 3791 1552 3875; x_wconf 86' lang='lat' dir='ltr'><strong>praecipere</strong></span> <span class='ocrx_word' id='word_1_249' title='bbox 1568 3813 1673 3876; x_wconf 89' lang='lat' dir='ltr'><strong>neque</strong></span> 
     </span>
     <span class='ocr_line' id='line_1_31' title="bbox 421 3897 1670 3987; baseline -0.003 -17"><span class='ocrx_word' id='word_1_250' title='bbox 421 3905 519 3970; x_wconf 91' lang='lat' dir='ltr'><strong>homo</strong></span> <span class='ocrx_word' id='word_1_251' title='bbox 543 3904 586 3970; x_wconf 92' lang='lat' dir='ltr'><strong>ad</strong></span> <span class='ocrx_word' id='word_1_252' title='bbox 608 3907 781 3987; x_wconf 87' lang='lat' dir='ltr'><strong>peccatum</strong></span> <span class='ocrx_word' id='word_1_253' title='bbox 804 3900 944 3984; x_wconf 89' lang='lat' dir='ltr'><strong>obligari</strong></span> <span class='ocrx_word' id='word_1_254' title='bbox 967 3897 1124 3966; x_wconf 90' lang='lat' dir='ltr'><strong>dicendus</strong></span> <span class='ocrx_word' id='word_1_255' title='bbox 1147 3902 1207 3964; x_wconf 87' lang='lat' dir='ltr'><strong>est.</strong></span> <span class='ocrx_word' id='word_1_256' title='bbox 1240 3897 1346 3975; x_wconf 82' lang='lat' dir='ltr'><strong>Quare</strong></span> <span class='ocrx_word' id='word_1_257' title='bbox 1369 3898 1519 3981; x_wconf 89' lang='lat' dir='ltr'><strong>apposite</strong></span> <span class='ocrx_word' id='word_1_258' title='bbox 1536 3899 1580 3965; x_wconf 90' lang='lat' dir='ltr'><strong>ad</strong></span> <span class='ocrx_word' id='word_1_259' title='bbox 1596 3921 1670 3966; x_wconf 85' lang='lat' dir='ltr'><strong>eau-</strong></span> 
     </span>
    </p>
   </div>
   <div class='ocr_carea' id='block_1_4' title="bbox 421 4073 1671 5042">
    <p class='ocr_par' dir='ltr' id='par_1_8' title="bbox 421 4073 1671 4770">
     <span class='ocr_line' id='line_1_32' title="bbox 515 4073 1671 4146; baseline -0.003 -13"><span class='ocrx_word' id='word_1_260' title='bbox 515 4080 523 4112; x_wconf 87' lang='lat'><strong>¹</strong></span> <span class='ocrx_word' id='word_1_261' title='bbox 543 4077 584 4134; x_wconf 83' lang='lat' dir='ltr'><strong>Cf.</strong></span> <span class='ocrx_word' id='word_1_262' title='bbox 599 4080 627 4132; x_wconf 91' lang='lat' dir='ltr'><strong>S.</strong></span> <span class='ocrx_word' id='word_1_263' title='bbox 644 4077 746 4146; x_wconf 74' lang='lat' dir='ltr'><strong>mom,</strong></span> <span class='ocrx_word' id='word_1_264' title='bbox 766 4075 876 4142; x_wconf 80' lang='lat' dir='ltr'><strong>Quacst.</strong></span> <span class='ocrx_word' id='word_1_265' title='bbox 896 4077 965 4146; x_wconf 88' lang='lat' dir='ltr'><strong>disp.</strong></span> <span class='ocrx_word' id='word_1_266' title='bbox 986 4075 1019 4128; x_wconf 90' lang='lat' dir='ltr'><strong>de</strong></span> <span class='ocrx_word' id='word_1_267' title='bbox 1032 4073 1103 4128; x_wconf 85' lang='lat' dir='ltr'><strong>malo</strong></span> <span class='ocrx_word' id='word_1_268' title='bbox 1123 4089 1148 4143; x_wconf 88' lang='lat' dir='ltr'><strong>q.</strong></span> <span class='ocrx_word' id='word_1_269' title='bbox 1169 4073 1193 4138; x_wconf 83' lang='lat'><strong>3,</strong></span> <span class='ocrx_word' id='word_1_270' title='bbox 1213 4091 1236 4126; x_wconf 88' lang='lat' dir='ltr'><strong>a.</strong></span> <span class='ocrx_word' id='word_1_271' title='bbox 1258 4073 1293 4127; x_wconf 62' lang='lat'><strong>7:</strong></span> <span class='ocrx_word' id='word_1_272' title='bbox 1310 4073 1420 4140; x_wconf 84' lang='lat' dir='ltr'><strong>,Potest</strong></span> <span class='ocrx_word' id='word_1_273' title='bbox 1438 4089 1499 4127; x_wconf 85' lang='lat' dir='ltr'><strong>csse</strong></span> <span class='ocrx_word' id='word_1_274' title='bbox 1518 4073 1671 4142; x_wconf 79' lang='lat' dir='ltr'><strong>ignorantia</strong></span> 
     </span>
     <span class='ocr_line' id='line_1_33' title="bbox 421 4163 1668 4238; baseline -0.004 -14"><span class='ocrx_word' id='word_1_275' title='bbox 421 4171 481 4224; x_wconf 86' lang='lat' dir='ltr'><strong>sine</strong></span> <span class='ocrx_word' id='word_1_276' title='bbox 499 4169 559 4234; x_wconf 89' lang='lat' dir='ltr'><strong>hoc,</strong></span> <span class='ocrx_word' id='word_1_277' title='bbox 579 4168 650 4238; x_wconf 91' lang='lat' dir='ltr'><strong>quod</strong></span> <span class='ocrx_word' id='word_1_278' title='bbox 669 4167 771 4238; x_wconf 86' lang='lat' dir='ltr'><strong>aliquis</strong></span> <span class='ocrx_word' id='word_1_279' title='bbox 789 4167 823 4221; x_wconf 89' lang='lat' dir='ltr'><strong>de</strong></span> <span class='ocrx_word' id='word_1_280' title='bbox 841 4166 943 4235; x_wconf 89' lang='lat' dir='ltr'><strong>ignotis</strong></span> <span class='ocrx_word' id='word_1_281' title='bbox 961 4165 1126 4220; x_wconf 83' lang='lat' dir='ltr'><strong>seutentiam</strong></span> <span class='ocrx_word' id='word_1_282' title='bbox 1146 4165 1225 4227; x_wconf 86' lang='lat' dir='ltr'><strong>ferat,</strong></span> <span class='ocrx_word' id='word_1_283' title='bbox 1244 4167 1273 4217; x_wconf 86' lang='lat' dir='ltr'><strong>et</strong></span> <span class='ocrx_word' id='word_1_284' title='bbox 1291 4165 1356 4217; x_wconf 89' lang='lat' dir='ltr'><strong>tuuc</strong></span> <span class='ocrx_word' id='word_1_285' title='bbox 1368 4163 1498 4232; x_wconf 88' lang='lat' dir='ltr'><strong>ignorans</strong></span> <span class='ocrx_word' id='word_1_286' title='bbox 1510 4167 1556 4218; x_wconf 82' lang='lat' dir='ltr'><strong>est</strong></span> <span class='ocrx_word' id='word_1_287' title='bbox 1574 4169 1603 4219; x_wconf 82' lang='lat' dir='ltr'><strong>et</strong></span> <span class='ocrx_word' id='word_1_288' title='bbox 1620 4183 1668 4219; x_wconf 88' lang='lat' dir='ltr'><strong>non</strong></span> 
     </span>
     <span class='ocr_line' id='line_1_34' title="bbox 422 4250 1667 4327; baseline -0.006 -14"><span class='ocrx_word' id='word_1_289' title='bbox 422 4277 532 4322; x_wconf 62' lang='lat' dir='ltr'><strong>orreum</strong></span> <span class='ocrx_word' id='word_1_290' title='bbox 552 4257 601 4314; x_wconf 89' lang='lat' dir='ltr'><strong>sed</strong></span> <span class='ocrx_word' id='word_1_291' title='bbox 620 4257 729 4327; x_wconf 85' lang='lat' dir='ltr'><strong>quando</strong></span> <span class='ocrx_word' id='word_1_292' title='bbox 747 4257 802 4310; x_wconf 84' lang='lat' dir='ltr'><strong>iam</strong></span> <span class='ocrx_word' id='word_1_293' title='bbox 821 4255 921 4310; x_wconf 83' lang='lat' dir='ltr'><strong>falsam</strong></span> <span class='ocrx_word' id='word_1_294' title='bbox 938 4254 1104 4308; x_wconf 81' lang='lat' dir='ltr'><strong>sententiam</strong></span> <span class='ocrx_word' id='word_1_295' title='bbox 1123 4253 1177 4306; x_wconf 83' lang='lat' dir='ltr'><strong>fert</strong></span> <span class='ocrx_word' id='word_1_296' title='bbox 1196 4251 1230 4305; x_wconf 92' lang='lat' dir='ltr'><strong>de</strong></span> <span class='ocrx_word' id='word_1_297' title='bbox 1247 4250 1306 4316; x_wconf 88' lang='lat' dir='ltr'><strong>his,</strong></span> <span class='ocrx_word' id='word_1_298' title='bbox 1325 4269 1395 4320; x_wconf 89' lang='lat' dir='ltr'><strong>quae</strong></span> <span class='ocrx_word' id='word_1_299' title='bbox 1413 4251 1508 4316; x_wconf 79' lang='lat' dir='ltr'><strong>nescit</strong></span> <span class='ocrx_word' id='word_1_300' title='bbox 1528 4255 1595 4306; x_wconf 84' lang='lat' dir='ltr'><strong>tuuc</strong></span> <span class='ocrx_word' id='word_1_301' title='bbox 1614 4271 1667 4323; x_wconf 90' lang='lat' dir='ltr'><strong>prc-</strong></span> 
     </span>
     <span class='ocr_line' id='line_1_35' title="bbox 421 4341 1667 4419; baseline -0.007 -16"><span class='ocrx_word' id='word_1_302' title='bbox 421 4349 480 4419; x_wconf 91' lang='lat' dir='ltr'><strong>prie</strong></span> <span class='ocrx_word' id='word_1_303' title='bbox 499 4349 599 4402; x_wconf 87' lang='lat' dir='ltr'><strong>dicitur</strong></span> <span class='ocrx_word' id='word_1_304' title='bbox 618 4363 718 4410; x_wconf 73' lang='lat' dir='ltr'><strong>enare,</strong></span> <span class='ocrx_word' id='word_1_305' title='bbox 743 4350 772 4400; x_wconf 88' lang='lat' dir='ltr'><strong>et</strong></span> <span class='ocrx_word' id='word_1_306' title='bbox 790 4345 856 4414; x_wconf 83' lang='lat' dir='ltr'><strong>quia</strong></span> <span class='ocrx_word' id='word_1_307' title='bbox 873 4346 1016 4413; x_wconf 81' lang='lat' dir='ltr'><strong>peccatum</strong></span> <span class='ocrx_word' id='word_1_308' title='bbox 1036 4342 1064 4396; x_wconf 91' lang='lat' dir='ltr'><strong>in</strong></span> <span class='ocrx_word' id='word_1_309' title='bbox 1083 4345 1146 4396; x_wconf 90' lang='lat' dir='ltr'><strong>actu</strong></span> <span class='ocrx_word' id='word_1_310' title='bbox 1166 4341 1305 4404; x_wconf 85' lang='lat' dir='ltr'><strong>censistit,</strong></span> <span class='ocrx_word' id='word_1_311' title='bbox 1331 4357 1411 4394; x_wconf 76' lang='lat' dir='ltr'><strong>mer</strong></span> <span class='ocrx_word' id='word_1_312' title='bbox 1436 4343 1578 4406; x_wconf 75' lang='lat' dir='ltr'><strong>manifesse</strong></span> <span class='ocrx_word' id='word_1_313' title='bbox 1596 4343 1667 4394; x_wconf 69' lang='lat' dir='ltr'><strong>bote</strong></span> 
     </span>
     <span class='ocr_line' id='line_1_36' title="bbox 422 4431 1666 4504; baseline -0.008 -13"><span class='ocrx_word' id='word_1_314' title='bbox 422 4441 557 4491; x_wconf 74' lang='lat' dir='ltr'><strong>rationem</strong></span> <span class='ocrx_word' id='word_1_315' title='bbox 577 4439 690 4504; x_wconf 82' lang='lat' dir='ltr'><strong>pcccati.</strong></span> <span class='ocrx_word' id='word_1_316' title='bbox 727 4435 789 4488; x_wconf 86' lang='lat' dir='ltr'><strong>Non</strong></span> <span class='ocrx_word' id='word_1_317' title='bbox 816 4437 888 4486; x_wconf 82' lang='lat' dir='ltr'><strong>enim</strong></span> <span class='ocrx_word' id='word_1_318' title='bbox 906 4439 943 4485; x_wconf 80' lang='lat' dir='ltr'><strong>est</strong></span> <span class='ocrx_word' id='word_1_319' title='bbox 961 4433 1060 4500; x_wconf 78' lang='lat' dir='ltr'><strong>chaque</strong></span> <span class='ocrx_word' id='word_1_320' title='bbox 1073 4432 1307 4498; x_wconf 70' lang='lat' dir='ltr'><strong>praesumptione,</strong></span> <span class='ocrx_word' id='word_1_321' title='bbox 1332 4431 1404 4499; x_wconf 85' lang='lat' dir='ltr'><strong>quod</strong></span> <span class='ocrx_word' id='word_1_322' title='bbox 1429 4431 1530 4498; x_wconf 79' lang='lat' dir='ltr'><strong>aliquis</strong></span> <span class='ocrx_word' id='word_1_323' title='bbox 1549 4431 1581 4482; x_wconf 75' lang='lat' dir='ltr'><strong>de</strong></span> <span class='ocrx_word' id='word_1_324' title='bbox 1599 4435 1666 4499; x_wconf 72' lang='lat' dir='ltr'><strong>ipso·</strong></span> 
     </span>
     <span class='ocr_line' id='line_1_37' title="bbox 421 4515 1665 4592; baseline -0.008 -11"><span class='ocrx_word' id='word_1_325' title='bbox 421 4529 493 4580; x_wconf 77' lang='lat' dir='ltr'><strong>ratis</strong></span> <span class='ocrx_word' id='word_1_326' title='bbox 510 4528 668 4580; x_wconf 68' lang='lat' dir='ltr'><strong>renuntiem</strong></span> <span class='ocrx_word' id='word_1_327' title='bbox 691 4526 781 4592; x_wconf 75' lang='lat' dir='ltr'><strong>fer-ct,</strong></span> <span class='ocrx_word' id='word_1_328' title='bbox 807 4529 832 4575; x_wconf 82' lang='lat' dir='ltr'><strong>et</strong></span> <span class='ocrx_word' id='word_1_329' title='bbox 855 4525 973 4575; x_wconf 71' lang='lat' dir='ltr'><strong>maxime</strong></span> <span class='ocrx_word' id='word_1_330' title='bbox 997 4523 1028 4573; x_wconf 81' lang='lat' dir='ltr'><strong>in</strong></span> <span class='ocrx_word' id='word_1_331' title='bbox 1048 4521 1143 4590; x_wconf 80' lang='lat' dir='ltr'><strong>quihus</strong></span> <span class='ocrx_word' id='word_1_332' title='bbox 1158 4515 1456 4588; x_wconf 51' lang='lat' dir='ltr'><strong>prrimdcmuxsbtitF</strong></span> <span class='ocrx_word' id='word_1_333' title='bbox 1493 4517 1569 4572; x_wconf 89' lang='lat' dir='ltr'><strong>Idem</strong></span> <span class='ocrx_word' id='word_1_334' title='bbox 1587 4519 1665 4586; x_wconf 83' lang='lat' dir='ltr'><strong>igitur</strong></span> 
     </span>
     <span class='ocr_line' id='line_1_38' title="bbox 422 4605 1661 4678; baseline -0.007 -10"><span class='ocrx_word' id='word_1_335' title='bbox 422 4615 498 4668; x_wconf 83' lang='lat' dir='ltr'><strong>valet</strong></span> <span class='ocrx_word' id='word_1_336' title='bbox 523 4615 556 4668; x_wconf 88' lang='lat' dir='ltr'><strong>de</strong></span> <span class='ocrx_word' id='word_1_337' title='bbox 582 4631 673 4668; x_wconf 88' lang='lat' dir='ltr'><strong>errore</strong></span> <span class='ocrx_word' id='word_1_338' title='bbox 698 4612 822 4667; x_wconf 81' lang='lat' dir='ltr'><strong>vincibili</strong></span> <span class='ocrx_word' id='word_1_339' title='bbox 848 4609 1040 4666; x_wconf 82' lang='lat' dir='ltr'><strong>conscientiae.</strong></span> <span class='ocrx_word' id='word_1_340' title='bbox 1078 4609 1118 4664; x_wconf 79' lang='lat' dir='ltr'><strong>cf.</strong></span> <span class='ocrx_word' id='word_1_341' title='bbox 1139 4625 1245 4678; x_wconf 91' lang='lat' dir='ltr'><strong>quoque</strong></span> <span class='ocrx_word' id='word_1_342' title='bbox 1265 4609 1384 4675; x_wconf 67' lang='lat' dir='ltr'><strong>Sorores,</strong></span> <span class='ocrx_word' id='word_1_343' title='bbox 1411 4605 1532 4678; x_wconf 84' lang='lat' dir='ltr'><strong>Metaph.</strong></span> <span class='ocrx_word' id='word_1_344' title='bbox 1558 4607 1624 4678; x_wconf 84' lang='lat' dir='ltr'><strong>disp.</strong></span> <span class='ocrx_word' id='word_1_345' title='bbox 1641 4607 1661 4669; x_wconf 79' lang='lat'><strong>9,</strong></span> 
     </span>
     <span class='ocr_line' id='line_1_39' title="bbox 422 4696 1407 4770; baseline -0.01 -11"><span class='ocrx_word' id='word_1_346' title='bbox 422 4707 490 4760; x_wconf 82' lang='lat' dir='ltr'><strong>sect.</strong></span> <span class='ocrx_word' id='word_1_347' title='bbox 509 4704 535 4768; x_wconf 79' lang='lat'><strong>2,</strong></span> <span class='ocrx_word' id='word_1_348' title='bbox 554 4703 572 4770; x_wconf 65' lang='grc' dir='ltr'><strong>ἕ</strong></span> <span class='ocrx_word' id='word_1_349' title='bbox 591 4704 623 4766; x_wconf 85' lang='lat' dir='ltr'><strong>e;</strong></span> <span class='ocrx_word' id='word_1_350' title='bbox 644 4701 683 4757; x_wconf 85' lang='lat' dir='ltr'><strong>De</strong></span> <span class='ocrx_word' id='word_1_351' title='bbox 701 4703 825 4758; x_wconf 85' lang='lat' dir='ltr'><strong>bonitate</strong></span> <span class='ocrx_word' id='word_1_352' title='bbox 843 4705 873 4754; x_wconf 88' lang='lat' dir='ltr'><strong>et</strong></span> <span class='ocrx_word' id='word_1_353' title='bbox 890 4699 954 4755; x_wconf 83' lang='lat' dir='ltr'><strong>mal.</strong></span> <span class='ocrx_word' id='word_1_354' title='bbox 974 4699 1045 4769; x_wconf 88' lang='lat' dir='ltr'><strong>disp.</strong></span> <span class='ocrx_word' id='word_1_355' title='bbox 1067 4699 1108 4762; x_wconf 83' lang='lat'><strong>12,</strong></span> <span class='ocrx_word' id='word_1_356' title='bbox 1127 4701 1194 4752; x_wconf 86' lang='lat' dir='ltr'><strong>sect</strong></span> <span class='ocrx_word' id='word_1_357' title='bbox 1213 4697 1239 4761; x_wconf 84' lang='lat'><strong>4,</strong></span> <span class='ocrx_word' id='word_1_358' title='bbox 1259 4697 1275 4763; x_wconf 68' lang='grc' dir='ltr'><strong>ξ</strong></span> <span class='ocrx_word' id='word_1_359' title='bbox 1298 4696 1407 4752; x_wconf 83' lang='grc'><strong>10-13.</strong></span> 
     </span>
    </p>

    <p class='ocr_par' dir='ltr' id='par_1_9' title="bbox 422 4785 1658 5042">
     <span class='ocr_line' id='line_1_40' title="bbox 513 4785 1658 4862; baseline -0.01 -12"><span class='ocrx_word' id='word_1_360' title='bbox 513 4795 566 4850; x_wconf 76' lang='grc'><strong>’8.</strong></span> <span class='ocrx_word' id='word_1_361' title='bbox 584 4795 685 4862; x_wconf 68' lang='lat' dir='ltr'><strong>thom,</strong></span> <span class='ocrx_word' id='word_1_362' title='bbox 699 4793 725 4848; x_wconf 89' lang='lat' dir='ltr'><strong>S.</strong></span> <span class='ocrx_word' id='word_1_363' title='bbox 739 4792 822 4846; x_wconf 87' lang='lat' dir='ltr'><strong>theol.</strong></span> <span class='ocrx_word' id='word_1_364' title='bbox 838 4793 862 4856; x_wconf 91' lang='lat'><strong>1,</strong></span> <span class='ocrx_word' id='word_1_365' title='bbox 875 4791 900 4855; x_wconf 81' lang='lat'><strong>2,</strong></span> <span class='ocrx_word' id='word_1_366' title='bbox 914 4808 940 4859; x_wconf 90' lang='lat' dir='ltr'><strong>q.</strong></span> <span class='ocrx_word' id='word_1_367' title='bbox 956 4790 997 4854; x_wconf 88' lang='lat'><strong>19,</strong></span> <span class='ocrx_word' id='word_1_368' title='bbox 1011 4806 1035 4843; x_wconf 87' lang='lat' dir='ltr'><strong>a.</strong></span> <span class='ocrx_word' id='word_1_369' title='bbox 1049 4791 1074 4844; x_wconf 88' lang='grc'><strong>6.</strong></span> <span class='ocrx_word' id='word_1_370' title='bbox 1095 4791 1208 4854; x_wconf 69' lang='lat' dir='ltr'><strong>suarez,</strong></span> <span class='ocrx_word' id='word_1_371' title='bbox 1221 4786 1262 4840; x_wconf 89' lang='lat' dir='ltr'><strong>De</strong></span> <span class='ocrx_word' id='word_1_372' title='bbox 1275 4786 1335 4840; x_wconf 91' lang='lat' dir='ltr'><strong>bon.</strong></span> <span class='ocrx_word' id='word_1_373' title='bbox 1349 4789 1376 4839; x_wconf 89' lang='lat' dir='ltr'><strong>et</strong></span> <span class='ocrx_word' id='word_1_374' title='bbox 1388 4785 1451 4839; x_wconf 89' lang='lat' dir='ltr'><strong>mal.</strong></span> <span class='ocrx_word' id='word_1_375' title='bbox 1463 4785 1483 4839; x_wconf 96' lang='lat' dir='ltr'><strong>l.</strong></span> <span class='ocrx_word' id='word_1_376' title='bbox 1497 4785 1596 4853; x_wconf 75' lang='lat' dir='ltr'><strong>c.§ld</strong></span> <span class='ocrx_word' id='word_1_377' title='bbox 1607 4801 1658 4852; x_wconf 86' lang='lat' dir='ltr'><strong>sqq.</strong></span> 
     </span>
     <span class='ocr_line' id='line_1_41' title="bbox 423 4871 1656 4956; baseline -0.014 -16"><span class='ocrx_word' id='word_1_378' title='bbox 423 4885 503 4956; x_wconf 82' lang='lat' dir='ltr'><strong>Apud</strong></span> <span class='ocrx_word' id='word_1_379' title='bbox 522 4885 613 4956; x_wconf 86' lang='lat' dir='ltr'><strong>ipsum</strong></span> <span class='ocrx_word' id='word_1_380' title='bbox 635 4885 699 4951; x_wconf 72' lang='lat' dir='ltr'><strong>Oia,</strong></span> <span class='ocrx_word' id='word_1_381' title='bbox 718 4882 759 4936; x_wconf 85' lang='lat' dir='ltr'><strong>De</strong></span> <span class='ocrx_word' id='word_1_382' title='bbox 778 4880 851 4936; x_wconf 84' lang='lat' dir='ltr'><strong>offic.</strong></span> <span class='ocrx_word' id='word_1_383' title='bbox 871 4880 888 4935; x_wconf 86' lang='lat' dir='ltr'><strong>l.</strong></span> <span class='ocrx_word' id='word_1_384' title='bbox 910 4881 934 4942; x_wconf 92' lang='lat' dir='ltr'><strong>l,</strong></span> <span class='ocrx_word' id='word_1_385' title='bbox 953 4898 977 4933; x_wconf 90' lang='lat' dir='ltr'><strong>c.</strong></span> <span class='ocrx_word' id='word_1_386' title='bbox 997 4880 1022 4942; x_wconf 89' lang='lat'><strong>9,</strong></span> <span class='ocrx_word' id='word_1_387' title='bbox 1041 4878 1076 4934; x_wconf 83' lang='grc'><strong>30</strong></span> <span class='ocrx_word' id='word_1_388' title='bbox 1095 4878 1149 4932; x_wconf 89' lang='lat' dir='ltr'><strong>iam</strong></span> <span class='ocrx_word' id='word_1_389' title='bbox 1167 4875 1298 4944; x_wconf 89' lang='lat' dir='ltr'><strong>legimus:</strong></span> <span class='ocrx_word' id='word_1_390' title='bbox 1321 4875 1407 4940; x_wconf 83' lang='lat' dir='ltr'><strong>,Bene</strong></span> <span class='ocrx_word' id='word_1_391' title='bbox 1426 4874 1602 4946; x_wconf 80' lang='lat' dir='ltr'><strong>praecipiunt,</strong></span> <span class='ocrx_word' id='word_1_392' title='bbox 1618 4871 1656 4940; x_wconf 84' lang='lat' dir='ltr'><strong>qui</strong></span> 
     </span>
     <span class='ocr_line' id='line_1_42' title="bbox 422 4963 1450 5042; baseline -0.014 -12"><span class='ocrx_word' id='word_1_393' title='bbox 422 4978 520 5030; x_wconf 85' lang='lat' dir='ltr'><strong>vetant</strong></span> <span class='ocrx_word' id='word_1_394' title='bbox 538 4973 685 5042; x_wconf 84' lang='lat' dir='ltr'><strong>quicquam</strong></span> <span class='ocrx_word' id='word_1_395' title='bbox 705 4987 795 5039; x_wconf 86' lang='lat' dir='ltr'><strong>agere,</strong></span> <span class='ocrx_word' id='word_1_396' title='bbox 815 4969 887 5038; x_wconf 91' lang='lat' dir='ltr'><strong>quod</strong></span> <span class='ocrx_word' id='word_1_397' title='bbox 906 4968 1042 5032; x_wconf 84' lang='lat' dir='ltr'><strong>dubitant,</strong></span> <span class='ocrx_word' id='word_1_398' title='bbox 1061 4982 1178 5036; x_wconf 91' lang='lat' dir='ltr'><strong>aequum</strong></span> <span class='ocrx_word' id='word_1_399' title='bbox 1197 4965 1234 5020; x_wconf 88' lang='lat' dir='ltr'><strong>sit</strong></span> <span class='ocrx_word' id='word_1_400' title='bbox 1252 4981 1286 5018; x_wconf 85' lang='lat' dir='ltr'><strong>au</strong></span> <span class='ocrx_word' id='word_1_401' title='bbox 1304 4963 1450 5032; x_wconf 66' lang='lat' dir='ltr'><strong>iniquum*</strong></span> 
     </span>
    </p>
   </div>
   <div class='ocr_carea' id='block_1_5' title="bbox 0 0 1960 5842">
    <p class='ocr_par' dir='ltr' id='par_1_10' title="bbox 0 0 1960 5842">
     <span class='ocr_line' id='line_1_43' title="bbox 0 0 1960 5842; baseline 0 4"><span class='ocrx_word' id='word_1_402' title='bbox 0 0 1960 5842; x_wconf 95' lang='lat' dir='ltr'><strong> </strong></span> 
     </span>
    </p>
   </div>
  </div>
 </body>
</html>
