3909 5842
445 648 488 712 92
672 643 763 699 Sentio
781 643 802 699 1.
838 643 920 699 Liber
937 644 958 698 Ι.
996 644 1086 713 caput
1104 645 1152 701 111.
1189 644 1329 699 Articulus
1347 644 1372 699 3.
1409 642 1470 711 fil.

445 822 553 889 rentia
576 820 772 904 cognitionis
796 823 932 887 actualis
956 820 1076 886 dicitur
1096 823 1342 887 inadvertentiu.
1374 819 1466 884 Haec
1481 818 1602 902 igitur,
1630 839 1696 883 curn

444 929 621 1014 specialem
642 931 771 994 tantum
795 927 1003 1009 ignorantiae
1026 928 1156 994 modum
1177 926 1340 1005 exhibeat,
1365 926 1496 991 adeam
1513 925 1631 1010 ipsam
1646 945 1697 1008 ge

445 1036 602 1101 neraliter
624 1040 796 1118 acceptam
819 1033 996 1113 reducitur,
1019 1054 1080 1100 nec
1104 1055 1185 1119 opus
1209 1036 1269 1111 est,
1294 1036 1332 1097 ut
1347 1032 1387 1098 de
1403 1037 1545 1116 utraque
1560 1053 1696 1117 separa·

445 1142 504 1207 tim
529 1162 676 1224 agamus.

533 1248 586 1312 Ex
609 1267 669 1311 usu
685 1246 726 1310 in
749 1245 888 1312 scientia
910 1246 1027 1312 morali
1050 1248 1185 1329 recepto
1208 1244 1395 1329 ignorantia
1419 1244 1582 1310 dividitur
1595 1248 1626 1309 ¹:

408 1386 409 1390 ¹
538 1358 565 1421 l.
589 1354 726 1419 Ratione
750 1354 1038 1419 disconvenientiae
1067 1352 1100 1417 in
1131 1352 1332 1434 negativam,
1363 1350 1578 1435 privativam,
1618 1350 1699 1435 posi-

444 1462 559 1529 tivam.
605 1457 799 1541 Ignorantia
829 1461 975 1544 nepetino
1007 1462 1058 1525 est
1088 1457 1237 1524 carentia
1266 1456 1462 1541 cognitionis
1488 1456 1523 1522 in
1549 1458 1698 1521 subiecto

447 1566 562 1652 capaci
584 1564 725 1647 quidem,
749 1563 807 1628 sed
823 1562 854 1628 ei
869 1584 934 1628 non
958 1563 1098 1630 debitae.
1131 1564 1255 1629 Eadem
1276 1566 1437 1651 privativa
1460 1562 1598 1641 dicitur,
1627 1582 1700 1645 qua·

444 1677 541 1738 tenus
565 1670 712 1737 carentia
744 1673 796 1735 est
825 1669 983 1736 scientiae
1013 1668 1153 1749 debitae,
1184 1689 1215 1737 v.
1240 1691 1271 1753 g.
1303 1668 1491 1752 ignorantia
1520 1668 1643 1752 legum
1671 1670 1699 1733 in

331 1863 335 1867 4
445 1777 686 1844 iurisconsulto.
734 1776 877 1841 Positioa
907 1776 1056 1859 denique,
1090 1796 1173 1859 quae
1202 1776 1376 1859 aliquando
1400 1780 1435 1842 et
1462 1796 1617 1859 ,pravae
1641 1775 1700 1841 dis·

445 1882 635 1969 positionis“
655 1886 803 1960 vocatur,
828 1886 879 1947 eet
894 1882 1047 1953 iudicium
1065 1882 1183 1948 falsum
1200 1886 1235 1949 et
1250 1881 1394 1961 veritati,
1412 1902 1496 1965 quae
1511 1880 1699 1963 ignoratn.

443 1993 576 2077 poetice
599 1988 809 2055 contrarium.

536 2100 566 2163 2.
583 2098 719 2163 Ratione
735 2097 846 2161 obiecti
860 2093 895 2159 in
906 2094 1129 2178 ignorantiam
1144 2098 1228 2161 iuria
1240 2098 1275 2162 et
1288 2095 1379 2179 facti.
1403 2095 1494 2161 Iuris
1508 2097 1699 2179 ignorantia

445 2202 595 2281 habetur,
627 2202 756 2284 quoties
782 2202 956 2284 ignoratur
978 2202 1034 2268 lex
1057 2206 1116 2269 aut
1138 2205 1351 2287 praeceptum
1375 2200 1498 2284 aliquid
1520 2201 1701 2285 iniungens

445 2308 500 2375 vel
522 2308 715 2393 prohibens3
739 2312 924 2395 ignorantia
945 2310 1036 2393 faeti,
1061 2310 1126 2387 ubi,
1151 2308 1285 2391 cognita
1302 2308 1381 2375 licet
1396 2308 1470 2391 lege
1487 2308 1633 2391 eiusque
1649 2310 1701 2373 ob·

445 2414 614 2498 ligatione,
644 2435 709 2480 uon
740 2414 950 2497 cognoscitur
979 2415 1106 2482 factum
1137 2414 1192 2480 vel
1221 2414 1304 2483 facti
1335 2414 1534 2494 adiunctum,
1569 2436 1642 2497 quo
1672 2416 1700 2481 in

446 2544 525 2588 casu
555 2525 707 2587 concreto
737 2519 821 2603 legis
851 2520 1009 2603 obligatio
1039 2520 1180 2587 actualis
1209 2523 1285 2599 fiat;
1316 2543 1348 2587 v.
1372 2542 1404 2603 g.
1429 2541 1503 2586 cum
1534 2522 1616 2604 quis
1647 2543 1703 2607 per

446 2627 723 2693 inadvertentiam
753 2628 786 2692 in
817 2630 1039 2711 computanda
1070 2628 1122 2693 dia
1152 2632 1290 2705 erraret,
1322 2626 1373 2693 cui
1403 2626 1495 2694 novit
1518 2628 1703 2712 specialem

447 2733 590 2816 aliquam
615 2733 848 2815 obligationem
872 2733 1009 2799 affixam
1033 2754 1115 2799 esse.
1162 2734 1214 2800 Ad
1237 2732 1459 2817 ignorantiam
1481 2734 1563 2799 iuris
1587 2735 1702 2801 reduci

448 2839 655 2921 aliquatenus
683 2843 795 2923 potest
828 2842 1032 2927 ,ignorantie
1058 2844 1212 2925 poenae“,
1244 2862 1327 2923 quae
1357 2840 1506 2919 habetur,
1537 2842 1598 2907 ubi
1632 2842 1703 2924 quis

447 2965 553 3029 neque
568 2946 674 3029 legem
691 2946 917 3030 prohibentem
933 2967 1040 3029 neque
1056 2967 1124 3012 rem
1140 2946 1348 3031 prohibitam,
1365 2947 1421 3013 sed
1440 2947 1546 3013 solum
1558 2970 1702 3033 poenam

449 3051 591 3134 ignorat,
615 3053 675 3117 sub
699 3073 764 3135 qua
786 3052 844 3117 illa
867 3048 1067 3136 prohibetur.

538 3161 568 3225 3.
593 3160 730 3225 Ratione
752 3161 913 3225 subiectioi
933 3160 1058 3245 gradus
1081 3158 1114 3224 in
1138 3159 1359 3241 ignorantiam
1386 3161 1567 3226 vincibilem
1591 3166 1629 3228 et
1655 3166 1701 3227 ia·

447 3264 631 3348 vincibilem,
655 3268 755 3349 prout
777 3264 924 3331 adhibita
947 3266 1065 3331 morali
1088 3264 1260 3349 diligentia
1284 3265 1466 3333 asubiecto
1482 3266 1571 3331 vinci
1587 3274 1703 3353 potant

447 3372 501 3437 vel
524 3371 647 3454 nequit.
695 3370 855 3437 Censetur
878 3375 989 3437 autem
1013 3372 1160 3438 adhiberi
1183 3374 1316 3438 moratis
1339 3370 1510 3455 diligentia
1533 3374 1579 3439 ad
1598 3375 1702 3460 depo·

447 3477 588 3543 nendam
611 3476 833 3560 ignorantiam
856 3478 911 3544 vel
926 3478 1159 3560 acquirendam
1176 3478 1395 3546 necessariam
1412 3480 1649 3561 cognitionem,
1672 3482 1702 3547 ei

447 3604 488 3649 ea
510 3604 590 3649 cura
612 3584 727 3649 adhoc
743 3585 952 3669 impenditur,
977 3606 1076 3668 quam
1091 3585 1153 3651 viri
1169 3586 1348 3669 prudentes
1364 3584 1479 3651 similis
1498 3586 1703 3652 condicionis

446 3691 481 3757 in
503 3690 601 3755 simili
623 3690 756 3773 negotio
780 3691 969 3775 impendere
992 3692 1110 3758 solent.
1128 3690 1381 3773 -Ignorantia
1403 3694 1562 3759 vincibilis
1585 3693 1702 3759 varios

447 3795 570 3879 gradus
593 3795 750 3875 admittit,
775 3800 809 3862 et
827 3818 887 3881 pro
902 3797 943 3863 iis
958 3798 1054 3864 varia
1069 3799 1169 3879 vulgo
1186 3798 1318 3863 nomina
1333 3798 1482 3865 sortitur.
1514 3798 1567 3865 Sic
1583 3822 1701 3867 ernam

447 3902 501 3967 val
531 3906 649 3988 rapina
678 3906 828 3983 vocatur,
860 3904 898 3981 si,
929 3904 1080 3987 quamvis
1104 3926 1168 3969 non
1191 3904 1225 3969 in
1248 3924 1285 3969 ae
1308 3904 1422 3983 volita,
1455 3904 1560 3971 oritur
1582 3910 1701 3971 tamen

447 4008 501 4073 vel
523 4008 681 4092 perdurat
705 4030 747 4073 ex
770 4009 947 4078 manifesta
970 4014 1005 4077 et
1028 4032 1150 4095 magna
1165 4010 1392 4095 neglegentia;
1417 4010 1574 4095 affectata,
1598 4012 1630 4077 si
1656 4034 1700 4077 ex

446 4114 614 4199 proposito
645 4114 814 4198 quaeritur
844 4117 896 4181 vel
927 4122 1152 4196 conservatur,
1184 4122 1222 4184 ut
1250 4118 1323 4200 quis
1345 4116 1480 4184 liberius
1504 4116 1563 4183 sibi
1586 4117 1701 4183 indul·

446 4241 526 4305 gere
548 4221 662 4305 possit.

538 4330 569 4394 4.
593 4328 730 4395 Ratione
761 4329 961 4396 habitudinis
994 4332 1039 4395 ad
1071 4338 1175 4396 actum
1209 4332 1380 4396 voluntatis
1409 4330 1443 4395 in
1472 4328 1697 4413 ignorantiam

448 4434 697 4518 antecedentem,
735 4443 988 4521 consequenter,
1018 4439 1285 4502 concomitantem.
1338 4436 1468 4501 Dicitur
1497 4438 1697 4522 emandans,

447 4560 531 4622 quae
562 4541 671 4623 praeit
702 4540 838 4607 liberam
871 4542 1178 4608 determinationem
1212 4543 1396 4610 voluntatis
1428 4546 1463 4608 et
1493 4546 1544 4608 est
1571 4540 1698 4609 efficax

446 4646 542 4724 ratio,
573 4648 614 4712 ob
644 4668 742 4729 quam
771 4653 914 4732 ponatur
944 4650 998 4715 vel
1029 4648 1203 4716 omittatur
1226 4652 1331 4715 actua.
1379 4648 1469 4715 Talis
1493 4650 1577 4714 esset
1597 4646 1695 4729 igno·

538 4764 725 4871 maetam,
738 4803 945 4857 nevernense
958 4804 1063 4875 uana,
1076 4810 1142 4861 aar
1155 4807 1178 4861 1.
1204 4808 1440 4875 eun-sanna,
1454 4803 1692 4876 comprensa.

446 4889 541 4944 moral.
555 4890 567 4942 I
581 4890 614 4944 12
624 4907 665 4959 sq.
690 4892 863 4960 Bnequtlon,
876 4893 965 4947 Instit.
979 4892 1062 4949 theol.
1076 4894 1169 4949 moral.
1183 4894 1352 4949 fundament.
1362 4896 1405 4949 60.
1429 4893 1582 4955 Letmkahl,
1593 4889 1692 4948 lhaal.

447 4978 540 5032 moral.
560 4980 581 5043 l,
600 4996 627 5032 n.
648 4979 690 5033 16.
