3909 5842
448 671 512 734 256
657 666 747 722 Sestio
765 667 786 721 Ι.
823 666 903 721 Liber
922 667 969 721 Ill.
1007 668 1095 738 Caput
1113 667 1160 722 ΙΙΙ.
1198 667 1337 722 Articulas
1358 667 1382 722 l.
1419 667 1480 736 51.

446 846 603 911 scientiae
633 844 779 910 ordinem
812 844 873 909 hoe
903 844 975 910 loeo
1005 865 1188 912 sermonem
1218 845 1391 911 instituere
1421 867 1485 911 non
1508 866 1677 930 possumus.

447 950 524 1032 quin
554 955 625 1016 tum
657 949 787 1016 divinae
816 949 1034 1032 legislationis
1064 949 1226 1034 positivae
1253 949 1376 1016 factum
1401 950 1500 1034 (quod
1526 951 1678 1034 theologia

446 1055 702 1122 fundamentalis
732 1055 959 1138 demonstrat),
993 1059 1062 1122 tum
1093 1055 1262 1138 legitimae
1291 1057 1500 1124 auctoritatis
1530 1057 1680 1124 humanae

445 1162 618 1246 legiferam
648 1165 848 1246 potestatem
874 1161 994 1242 (adhuc
1017 1183 1083 1228 non
1105 1161 1292 1246 probatam)
1315 1163 1445 1230 interim
1470 1164 1567 1247 quasi
1590 1163 1680 1247 hppo·

446 1268 568 1334 thetica
590 1289 845 1353 praesumamus.
878 1269 965 1335 Nam
986 1273 1125 1351 utraque
1141 1268 1222 1334 haec
1238 1268 1451 1352 hypothetica
1466 1269 1682 1354 praesumptio

445 1377 582 1440 eatenus
605 1380 695 1441 certe
717 1375 885 1459 praesenti
907 1374 1129 1460 philosophico
1153 1375 1365 1442 fundamento
1389 1397 1453 1440 non
1477 1381 1582 1453 caret,
1607 1375 1683 1458 quod

444 1485 562 1548 testem
587 1482 688 1549 habet
713 1481 903 1548 historicam
932 1482 1177 1565 persuasionem
1206 1481 1409 1548 saeculorum
1431 1485 1466 1547 et
1495 1487 1682 1566 perpetuum

444 1610 538 1654 usum
560 1589 691 1674 generis
713 1589 855 1655 humani.

920 1709 1160 1778 Articulus
1184 1711 1216 1779 1.

754 1829 849 1913 Lapis
870 1830 1023 1912 positivae
1046 1831 1130 1892 notio
1153 1835 1182 1894 et
1205 1829 1382 1893 necessitas.

505 1985 576 2067 §L
623 1985 752 2050 Varia
782 1985 910 2063 ratio,
942 2007 1021 2068 qua
1052 1986 1120 2051 lex
1153 1983 1236 2050 dici
1265 1985 1403 2070 possit
1434 1987 1634 2069 positiva.

444 2107 515 2178 288.
604 2110 674 2174 Lex
707 2109 852 2193 positive
885 2129 923 2174 eo
958 2107 1101 2174 maxime
1132 2131 1151 2174 a
1181 2109 1254 2191 lege
1284 2109 1426 2174 naturali
1463 2109 1685 2192 distinguitur.

444 2215 528 2298 quod
552 2235 617 2280 non
640 2236 683 2280 ex
705 2214 893 2280 neccssaria
917 2214 977 2280 Dei
1002 2214 1183 2294 voluntate,
1214 2215 1272 2280 sed
1295 2235 1337 2282 ex
1361 2218 1563 2282 ordinatione
1587 2217 1685 2284 libero

443 2320 522 2398 eius,
553 2321 608 2403 qui
639 2320 775 2386 alicuius
805 2319 1048 2385 communitatis
1073 2341 1183 2386 curam
1207 2321 1302 2404 gerit,
1334 2319 1482 2404 proxime
1504 2341 1602 2386 suam
1627 2321 1687 2385 ori-

442 2427 551 2509 ginem
575 2426 673 2504 ducit,
698 2425 833 2510 proinde
857 2445 921 2506 qua
944 2425 1023 2490 talis
1046 2446 1110 2490 non
1134 2447 1175 2491 ex
1199 2425 1366 2510 principiis
1389 2425 1526 2492 rationis
1549 2447 1571 2492 a
1588 2426 1686 2512 priori
1764 2481 1765 2486 ,

442 2534 659 2615 cognoscitur,
690 2533 747 2598 sed
778 2532 921 2616 positiva
951 2531 1152 2614 legislatoris
1181 2533 1345 2598 locutione
1370 2533 1423 2598 vel
1446 2533 1687 2616 significatione

442 2639 580 2705 subditis
604 2639 840 2722 promulgatur.
871 2638 975 2703 lmmo
999 2637 1032 2702 in
1055 2637 1116 2702 hoe
1137 2641 1365 2726 prornnlpondi
1381 2639 1482 2720 modo,
1506 2639 1687 2706 anaturali

441 2746 704 2830 promulgatione
728 2745 866 2822 diversa,
896 2747 1032 2830 propria
1056 2746 1132 2828 lepis
1153 2748 1306 2830 positivae
1328 2753 1403 2812 nota
1428 2743 1589 2811 consistit.
1638 2745 1687 2810 Ita

441 2851 512 2915 fieri
534 2855 654 2935 potest,
679 2855 716 2916 ut
738 2850 793 2915 lex
818 2849 1006 2933 ceteroquin
1022 2850 1194 2928 naturalis,
1218 2853 1313 2916 simiel
1327 2853 1461 2936 positive
1478 2849 1530 2926 sit,
1555 2851 1687 2932 quoties

442 2977 557 3040 nempe
587 2956 688 3022 libero
719 2956 918 3038 legislatoris
948 2957 1080 3022 decreto
1108 2955 1362 3040 promulgationi
1385 2955 1526 3022 naturali
1549 2960 1687 3042 position

441 3061 680 3146 superadditur.
726 3061 843 3144 Neque
866 3083 941 3128 raro
961 3061 1132 3144 contingit,
1157 3065 1194 3126 ut
1209 3061 1264 3127 lex
1280 3061 1407 3127 ratione
1419 3064 1687 3146 promalpatienis
1768 3069 1769 3076 ’

440 3169 592 3253 positiva,
625 3173 737 3235 tamen
768 3167 897 3236 ratione
928 3171 1083 3234 materiae
1112 3167 1145 3232 in
1176 3167 1337 3233 communi
1369 3172 1403 3234 et
1432 3167 1687 3236 indeterminate

439 3279 600 3358 sumptae,
630 3274 664 3338 in
694 3273 880 3339 necessario
910 3278 1050 3340 naturae
1080 3272 1193 3338 ordine
1215 3272 1285 3338 sive
1309 3272 1428 3356 partim
1453 3271 1523 3338 sive
1547 3293 1590 3338 ex
1614 3279 1686 3340 toto

440 3380 604 3458 fundetur,
628 3380 676 3446 ita
691 3384 729 3447 ut
744 3384 877 3464 praeter
892 3379 1164 3463 promulgationis
1178 3379 1308 3444 modum
1326 3378 1525 3462 legislationi
1540 3380 1685 3446 naturali

439 3485 517 3550 nihil
542 3485 673 3568 positivi
698 3485 898 3568 superaddat
920 3485 982 3550 nisi
1006 3489 1160 3550 materiae
1185 3485 1476 3576 detenninotionem
1499 3485 1605 3568 magis
1628 3487 1685 3552 de-

438 3591 564 3657 finitam
588 3591 683 3656 simul
707 3611 780 3656 eum
803 3595 965 3656 sanctione
985 3595 1122 3678 positivo
1146 3591 1176 3656 ei
1198 3591 1451 3660 accommodata.
1483 3591 1590 3668 Quare
1619 3614 1684 3659 noo

440 3718 553 3762 omnes
582 3699 682 3780 leges,
714 3717 798 3778 quae
828 3696 990 3780 positivae
1022 3697 1182 3774 dicuntur,
1216 3697 1329 3764 eadem
1361 3697 1489 3764 ratione
1522 3697 1685 3782 positivae

439 3809 525 3882 sunt,
557 3804 614 3869 sed
644 3825 703 3888 pro
732 3803 925 3870 diversitate
952 3804 1111 3870 materiae
1134 3803 1215 3872 haee
1239 3803 1458 3870 denominatio
1483 3803 1534 3870 vel
1558 3805 1684 3869 arctius

439 3910 490 3976 vel
516 3910 614 3976 latius
637 3909 804 3992 accipitur.

528 4016 629 4081 Porro
659 4017 765 4099 legem
795 4017 971 4100 positivam
997 4019 1140 4082 divinam
1163 4021 1198 4082 et
1220 4018 1392 4082 hamonem
1418 4015 1584 4098 distingui,
1615 4015 1682 4082 iam

437 4145 537 4207 supra
552 4123 745 4201 monuimus,
767 4128 864 4207 prout
879 4123 1004 4190 seilicet
1021 4122 1168 4206 proxime
1184 4127 1218 4188 et
1234 4121 1420 4188 immediate
1436 4121 1477 4186 ab
1494 4125 1683 4188 aanordotr

437 4231 549 4296 divina
578 4230 631 4296 vel
660 4231 803 4297 humana
833 4230 947 4297 fertur.
995 4229 1065 4306 Qua
1094 4229 1128 4294 in
1158 4249 1194 4296 re
1223 4228 1303 4294 illud
1326 4228 1506 4294 notandum
1529 4233 1590 4302 est,
1615 4250 1680 4294 non

437 4336 589 4419 quicquid
604 4357 664 4420 per
678 4337 841 4402 hominem
851 4334 915 4402 'seu
931 4335 1139 4402 ministrante
1156 4335 1283 4400 homine
1299 4337 1346 4412 fit,
1370 4355 1429 4418 per
1447 4335 1678 4402 auctoritatem

371 4479 376 4494 ·
437 4443 611 4508 humanam
635 4443 714 4522 lieri,
738 4443 796 4508 sed
819 4443 852 4507 id
875 4443 989 4510 solum.
1015 4442 1100 4524 quod
1124 4441 1165 4506 ah
1189 4440 1317 4506 homine
1328 4443 1463 4526 proprio
1485 4443 1620 4524 nomine,
1646 4441 1677 4504 vi

437 4548 613 4630 potestatis
642 4548 703 4614 sibi
727 4549 867 4632 desuper
889 4549 1042 4624 traditae,
1074 4547 1240 4614 statuitur.
1288 4547 1364 4612 Ideo
1388 4547 1443 4612 lex
1467 4567 1545 4612 vere
1568 4547 1678 4612 divina

436 4653 495 4718 illa
517 4653 615 4720 etiam
640 4655 765 4719 censeri
789 4655 895 4730 debet,
919 4675 1003 4736 quae
1027 4675 1085 4738 per
1109 4651 1254 4718 homines
1273 4653 1412 4736 quidem,
1436 4653 1493 4718 sed
1509 4655 1675 4734 tamquam

437 4759 566 4826 divinae
589 4760 769 4828 voluntatis
793 4782 916 4844 arpano
940 4760 993 4824 vel
1016 4781 1187 4844 praecones
1211 4757 1339 4824 nomine
1355 4757 1416 4824 Dei
1439 4757 1674 4842 promulgatur.

436 4865 509 4930 Huc
538 4867 649 4949 populi
673 4866 817 4932 hebraici
840 4865 1042 4932 theocratioa
1066 4865 1260 4946 gubernatio
1284 4871 1318 4931 et
1341 4863 1560 4942 manuductio,
1591 4867 1675 4930 tam·

436 4971 498 5038 etsi
522 4992 584 5056 ope
607 4972 778 5040 ministerii
800 4971 932 5038 humani
956 4971 1056 5047 lacta,
1082 4971 1300 5054 computanda
1323 4975 1383 5038 est.
