3909 5842
439 624 481 688 60
717 618 806 673 Sestio
824 618 845 674 l.
881 618 963 672 Liber
981 618 1002 671 1.
1039 616 1126 687 Caput
1146 617 1179 671 ll.
1216 615 1358 671 Articulus
1376 616 1403 669 4.

436 800 623 883 attingenda
650 819 724 863 aera
754 799 810 861 illa
835 797 996 879 felicitate,
1023 816 1104 881 quae
1127 798 1162 860 ia
1186 797 1303 860 eabae
1326 816 1397 859 cuae
1419 794 1489 859 Dea
1515 790 1672 858 secuudum
1748 784 1749 793 ³

436 906 626 971 ⁴intellectam
656 911 682 968 et
712 905 902 968 uoluntatem
931 902 995 966 sita
1027 908 1079 981 eet,
1112 908 1139 965 at
1166 902 1257 965 cuiae
1279 900 1446 985 plenitudo
1472 902 1513 964 ies
1540 900 1605 962 uita
1629 900 1674 961 in·

437 1012 565 1077 mortali
588 1015 795 1095 exspectatur.
1288 1085 1290 1089 Ι

526 1122 649 1189 Verum
678 1125 855 1204 utcumque
878 1140 937 1205 per
960 1140 997 1185 se
1021 1119 1118 1185 obvie
1141 1140 1180 1185 ae
1204 1122 1296 1185 certa
1319 1138 1392 1184 esse
1416 1118 1501 1183 haec
1526 1116 1677 1182 conclusio

436 1230 649 1312 intellegitur,
673 1227 830 1295 ulteriore
851 1232 964 1293 tamen
981 1224 1092 1309 aliqua
1107 1222 1328 1292 illustratione
1345 1224 1507 1289 adversus
1524 1224 1678 1295 tenebras,

437 1334 554 1419 quibus
577 1334 691 1401 eadem
715 1355 780 1399 non
802 1355 878 1399 raro
902 1332 1090 1399 obumbrari
1113 1331 1214 1409 solet,
1239 1331 1415 1397 munienda
1438 1328 1587 1397 videtur.
1631 1328 1680 1395 Et·

438 1441 525 1507 enim
546 1442 634 1508 inter
655 1440 746 1507 viros
765 1440 865 1506 etism
887 1459 1002 1506 sanam
1019 1437 1208 1521 ceteroquin
1232 1436 1473 1523 philosophiam
1495 1438 1681 1521 profitentes

437 1570 502 1614 non
518 1548 702 1625 defuerunt,
726 1545 782 1630 qui
804 1548 902 1612 finem
925 1544 1109 1631 praesentis
1133 1545 1223 1611 vitae
1246 1566 1346 1629 supra
1362 1544 1539 1611 definitum
1555 1546 1680 1609 neuun

437 1654 642 1738 propositum
657 1654 787 1736 quidem
806 1653 1007 1736 primarium,
1031 1652 1091 1718 sed
1106 1674 1169 1717 uon
1186 1655 1343 1738 integram
1359 1650 1519 1717 exhibere
1536 1650 1682 1719 dicerent,

438 1764 503 1826 aiei
526 1782 596 1826 cam
616 1761 768 1843 felicitate
783 1762 899 1826 morali
916 1762 1009 1825 etiam
1024 1758 1205 1841 felicitatem
1222 1760 1415 1842 seneticam,
1438 1765 1604 1843 quotenus
1619 1754 1683 1819 tuse

440 1868 487 1932 illi
516 1888 581 1932 noa
610 1867 808 1948 adversetur,
840 1867 961 1931 dherta
992 1867 1148 1929 mentione
1177 1864 1442 1949 comprabasdat;
1470 1862 1607 1927 scilicet
1633 1860 1683 1923 boe

438 1977 569 2039 tautum
592 1973 688 2038 modo
712 1972 803 2038 vitae
825 1974 921 2037 finem
946 1972 1109 2037 humanae
1132 1974 1272 2036 naturae
1288 1970 1321 2035 in
1336 1968 1387 2035 his
1402 1970 1501 2036 terrie
1520 1986 1604 2033 vere
1619 1984 1683 2031 eou-

439 2100 557 2162 gruum
580 2078 643 2143 dici
672 2098 779 2161 posse.
825 2077 911 2142 Hinc
935 2076 1097 2159 duplicem
1127 2076 1181 2143 isti
1207 2076 1444 2161 quodammodo
1474 2074 1577 2140 huius
1608 2071 1684 2136 vitae

440 2187 538 2251 finem
567 2184 671 2251 statui
699 2185 832 2250 volunt:
863 2184 1006 2250 alterum
1034 2186 1231 2271 primariam
1261 2187 1295 2249 et
1318 2182 1546 2260 essentialem,
1577 2178 1632 2261 qui
1656 2178 1683 2241 in

446 2290 685 2370 ,moralitate“,
708 2290 729 2356 i.
747 2311 775 2356 e.
792 2289 825 2354 iu
849 2293 943 2355 recta
958 2288 1123 2355 actionum
1140 2288 1353 2374 dispositione
1368 2288 1410 2355 ad
1425 2290 1526 2353 finem
1544 2285 1683 2353 ultimum

442 2396 476 2463 iu
499 2398 570 2465 vita
592 2396 706 2463 futura
728 2396 1008 2479 consequendum,
1037 2396 1178 2462 alterum
1202 2398 1440 2478 secundariam,
1465 2394 1522 2477 qui
1547 2394 1583 2459 in
1607 2390 1683 2455 vitae

442 2503 626 2587 praesentis
648 2524 807 2587 prospera
828 2501 984 2569 fruitione
1008 2502 1185 2582 consistat,
1210 2506 1372 2585 quatenus
1395 2508 1508 2568 tamen
1531 2501 1618 2565 haec
1638 2494 1683 2561 liui

444 2610 560 2676 morali
582 2631 647 2675 non
671 2610 897 2676 adversetur1.

534 2725 638 2803 Quam
669 2724 884 2803 senteutiam,
917 2724 996 2792 licet
1027 2724 1214 2807 ambiguam
1244 2722 1350 2806 magis
1380 2744 1479 2806 quam
1509 2738 1681 2791 erroneam,

445 2852 511 2897 non
533 2836 645 2898 tamen
667 2830 764 2914 plane
785 2830 959 2896 innocuam
982 2830 1190 2898 arbitramur.
1233 2830 1304 2897 Lata
1326 2850 1467 2912 namque
1490 2824 1685 2913 prosperitas

446 2945 502 3003 aat
525 2958 618 3003 usum
641 2936 869 3022 temporalium
892 2937 1050 3003 bonorum
1075 2938 1220 3015 denotat,
1252 2936 1306 3019 qui
1337 2935 1380 3002 ad
1408 2938 1507 3001 finem
1535 2930 1682 3001 moralem

445 3042 593 3127 perfecte
615 3043 840 3128 complendum
864 3043 973 3127 aliquo
997 3043 1094 3110 modo
1116 3042 1207 3109 utilis
1230 3042 1290 3109 sit:
1321 3046 1356 3109 et
1378 3046 1449 3109 tum
1472 3041 1606 3124 quidem
1629 3054 1682 3101 neu

445 3150 642 3235 peculiarem
659 3149 801 3232 aliquem
816 3154 954 3216 naturae
970 3151 1078 3229 finem,
1094 3170 1155 3215 nec
1170 3148 1360 3234 primarium
1376 3168 1437 3213 uec
1452 3142 1681 3215 secundarium,

445 3256 502 3322 sed
525 3257 666 3322 medium
696 3257 858 3322 communi
881 3256 937 3322 fini
960 3278 1025 3322 non
1049 3256 1154 3322 solum
1184 3256 1340 3339 negative
1368 3254 1428 3320 sed
1450 3254 1596 3338 positive
1617 3248 1682 3314 sub

445 3362 641 3441 ordinatum,
665 3366 700 3427 et
722 3362 797 3428 hinc
821 3363 881 3428 sub
905 3383 944 3429 eo
967 3362 1124 3446 implicite
1148 3366 1339 3429 contentum
1359 3360 1532 3437 exhibet2;
1557 3365 1614 3425 aat
1628 3350 1683 3419 dici

444 3468 517 3533 vult
540 3488 667 3533 omnem
691 3468 781 3534 vitae
803 3468 1067 3553 prosperitatem,
1093 3468 1193 3535 etiam
1211 3468 1333 3535 intuitu
1353 3468 1427 3533 finis
1442 3466 1551 3533 ultimi
1567 3460 1681 3531 indiffe-

443 3577 587 3652 rentem,
615 3574 788 3639 dummodo
816 3574 942 3641 scilicet
970 3574 1027 3639 fini
1057 3575 1173 3640 morali
1202 3594 1267 3640 non
1291 3574 1496 3651 adversetur,
1527 3566 1683 3639 hominis

444 3683 563 3745 natura
585 3682 754 3761 tamquam
777 3680 874 3746 finem
898 3680 1046 3765 proponi,
1070 3684 1194 3747 ratione
1219 3684 1270 3747 sai
1290 3704 1329 3747 ec
1344 3683 1491 3747 natarali
1505 3679 1682 3767 oblipatioet

443 3784 721 3869 prosequendum:
745 3792 815 3854 tum
838 3807 917 3851 vero
934 3786 1107 3852 admodum
1124 3786 1255 3852 difficile
1272 3808 1345 3853 esso
1361 3790 1510 3872 apparet,
1536 3780 1681 3851 eiusmodi

445 3891 627 3957 naturalem
641 3891 872 3974 obligationem
886 3913 959 3958 eum
972 3892 1073 3960 certis
1089 3892 1180 3959 vitae
1196 3892 1394 3960 christianae
1410 3891 1581 3977 principiis
1595 3893 1682 3970 atque

536 4154 546 4186 ¹
564 4152 602 4206 Ut
619 4168 702 4206 unum
720 4155 827 4206 tantum
847 4154 1002 4224 exemplum
1022 4156 1142 4219 afferam,
1161 4156 1189 4208 in
1206 4154 1371 4225 Compendio
1393 4152 1601 4225 ,Philosophiae
1619 4164 1681 4221 prse-

444 4243 541 4306 ticee“‚
567 4242 657 4311 priore
682 4241 822 4311 praeteriti
847 4242 951 4296 saeculi
976 4247 1055 4313 parte
1080 4243 1108 4297 in
1134 4260 1213 4297 usum
1240 4242 1443 4298 ecclesiasticae
1464 4244 1634 4313 potissimum
1649 4238 1679 4291 iu·

445 4332 567 4383 vertutis
585 4330 706 4394 exarato,
725 4346 759 4384 sc
776 4333 897 4384 ceterum
915 4330 1054 4397 laudabili,
1074 4330 1143 4385 haec
1161 4332 1278 4386 assertio
1296 4330 1412 4401 legitur:
1439 4332 1597 4398 ,Summum
1614 4325 1681 4383 huius

445 4419 520 4473 vitae
544 4418 644 4471 bonum
669 4418 782 4487 eiusque
806 4418 870 4472 finis
895 4421 938 4472 est
962 4420 1104 4473 moralitas
1130 4436 1191 4474 cum
1217 4438 1304 4490 esque
1326 4423 1509 4475 consentanea
1528 4417 1680 4490 prosperitus

447 4506 606 4576 (iucundum
625 4511 653 4561 et
671 4506 776 4569 utile).“

535 4593 622 4648 ²Hoc
646 4595 752 4648 tautum
777 4595 856 4648 modo
882 4599 910 4649 et
929 4598 958 4651 S.
982 4598 1074 4651 lbom.
1096 4598 1124 4661 1,
1150 4596 1181 4662 2,
1201 4614 1227 4665 q.
1246 4598 1278 4661 4,
1304 4614 1328 4651 a.
1348 4596 1418 4651 6-8
1437 4596 1473 4650 ad
1490 4596 1679 4652 beatitudiuem

449 4682 553 4753 ,qualis
571 4684 599 4736 in
617 4682 669 4736 hac
681 4684 740 4737 vite
752 4688 844 4754 petest
856 4683 977 4750 haberi“,
997 4702 1058 4739 cum
1073 4686 1220 4740 Aristotele
1232 4686 1348 4754 requirit
1363 4686 1477 4752 ‚bonam
1490 4686 1679 4756 dispositionem

446 4772 583 4843 corporis,
609 4770 701 4839 aliqua
725 4772 795 4825 bona
820 4774 957 4827 exteriora
975 4776 1004 4827 et
1023 4774 1182 4828 societatem
1201 4774 1375 4837 amicorum‘;
1402 4773 1509 4829 scilieet
1530 4792 1599 4840 ,non
1617 4766 1680 4843 qussi

446 4862 479 4915 de
495 4860 615 4915 essentis
625 4860 803 4915 beatitudinis
815 4861 986 4927 exsistentia,
999 4862 1047 4916 sed
1061 4863 1140 4930 qussi
1154 4862 1402 4917 instrumentaliter
1414 4863 1599 4918 deservientis
1611 4856 1678 4916 beti-

446 4949 542 5014 tudini,
560 4964 630 5018 quse
649 4952 767 5002 consistit
785 4953 816 5002 in
834 4952 988 5017 mantione
1005 4948 1140 5005 sinatis&
