3909 5842
436 658 456 721 6
673 652 763 708 Sestio
781 652 802 707 l.
839 652 920 707 Lihcr
937 652 958 709 1.
996 652 1085 725 Caput
1103 654 1124 707 I.
1161 652 1302 709 Articulus
1320 654 1346 709 2.
1383 654 1445 722 §L

524 831 645 909 Quibus
667 832 856 916 praemissis
878 853 1016 916 pronum
1037 836 1090 899 est
1110 833 1176 899 ism
1193 833 1233 899 de
1249 832 1378 900 actione
1398 833 1545 900 naturali
1569 854 1692 899 secun·

435 936 511 1002 dum
534 940 650 1023 triplae
671 942 880 1017 momentum,
905 938 991 1022 quod
1012 936 1045 1003 in
1062 959 1101 1004 ea
1117 938 1389 1004 considerandum
1405 938 1561 1016 diximus,
1588 960 1692 1022 quse-

436 1044 510 1109 dam
539 1043 708 1111 doctrinas
737 1044 847 1128 capita
877 1047 1043 1123 statuere,
1073 1064 1158 1126 quae
1188 1064 1230 1109 ox
1262 1044 1485 1127 praesignatis
1517 1045 1691 1129 principiis

434 1149 540 1217 instar
562 1149 632 1216 fers
655 1150 899 1217 corollariorum
922 1150 1131 1233 colliguntur,
1155 1155 1190 1217 et
1213 1170 1298 1233 quae
1318 1156 1496 1235 propterea
1520 1155 1690 1217 omonmtu

435 1256 601 1341 appellere
623 1258 742 1343 placet.
783 1256 930 1324 Tametsi
952 1256 1038 1323 enim
1062 1277 1127 1322 non
1149 1279 1207 1343 per
1230 1276 1263 1322 se
1286 1256 1453 1325 evidentia
1476 1257 1609 1323 censeri
1633 1257 1690 1323 de-

434 1362 544 1441 beant,
567 1364 616 1430 ita
638 1368 749 1430 tamen
772 1368 842 1430 tum
864 1368 1026 1442 veterum,
1051 1367 1121 1429 tum
1143 1362 1275 1429 scholae
1298 1363 1500 1430 christianae
1515 1364 1688 1447 suffragio,

433 1471 504 1534 tum
520 1469 619 1537 certis
634 1468 857 1554 philosophias
872 1469 1075 1537 theoreticae
1090 1470 1273 1568 rationibus
1288 1469 1414 1555 pridem
1430 1468 1585 1537 stabilita
1600 1475 1688 1546 sunt,

433 1578 472 1643 ut
494 1596 535 1641 ea
557 1598 578 1641 a
599 1576 697 1641 rebus
719 1576 953 1661 metaphysicis
977 1576 1019 1641 ed
1041 1596 1169 1641 morum
1192 1576 1429 1662 philosophiam
1450 1576 1689 1643 accedentibus

434 1701 499 1747 non
521 1686 591 1748 tam
606 1682 712 1749 denuo
727 1682 906 1767 singilatim
928 1682 1060 1767 probari
1077 1703 1158 1766 opus
1178 1682 1232 1760 sit,'
1257 1702 1355 1765 quam
1378 1682 1489 1766 potius
1512 1704 1575 1767 pro
1592 1704 1689 1768 pras·

434 1787 520 1854 senti
542 1808 604 1853 usu
626 1792 808 1873 opportune
831 1789 873 1854 ad
896 1788 1053 1873 synopsin
1077 1788 1215 1855 reducta
1236 1789 1383 1873 proponi.

909 1979 1152 2048 Articulus
1176 1980 1208 2050 2.

669 2113 719 2179 De
741 2114 908 2180 subicdioo
926 2116 1090 2199 principio
1113 2116 1248 2180 actionis
1270 2116 1442 2180 naturalis.

873 2278 892 2361 ἓ
918 2283 946 2346 1.
994 2280 1052 2345 De
1074 2283 1238 2346 natura.

434 2419 464 2489 8.
554 2415 690 2489 Axiam
711 2414 734 2488 I.
774 2420 947 2505 Proprium
970 2420 1104 2485 actionis
1128 2421 1289 2485 naturalis
1314 2422 1514 2505 principium
1542 2430 1591 2486 cst
1614 2420 1686 2487 sub·

434 2529 505 2591 tecti
528 2528 650 2609 apertis
671 2534 803 2592 natura.

523 2630 673 2696 Naturae
696 2630 822 2718 (φύσις)
843 2632 1038 2697 vocabulum
1062 2635 1132 2697 tum
1156 2632 1190 2696 in
1213 2652 1274 2697 usu
1297 2631 1471 2711 cotidiano,
1500 2636 1573 2698 tum
1598 2634 1685 2717 apud

433 2735 643 2821 philosophos
665 2738 864 2804 recentiores
887 2737 1082 2823 praesertim
1105 2741 1239 2821 propter
1261 2736 1468 2820 significandi
1482 2739 1682 2805 varietatem

406 2887 409 2891 -
432 2864 492 2928 per
521 2862 557 2908 se
587 2843 774 2926 ambiguum
798 2847 859 2911 est.
905 2845 958 2910 Ita
985 2864 1017 2911 v.
1041 2866 1074 2927 g.
1098 2844 1196 2927 longe
1226 2843 1313 2910 aliud
1343 2842 1493 2927 proiecto
1521 2848 1679 2923 „natura”

432 2948 608 3033 significat,
631 2947 660 3013 si
683 2970 756 3015 cum
779 2948 962 3017 recentiore
986 2949 1191 3035 philosophie
1214 2950 1275 3016 hoc
1291 2970 1407 3015 nomeu
1425 2948 1496 3015 fers
1511 2950 1554 3015 ad
1576 2952 1681 3017 solum

433 3056 640 3141 complexum
662 3077 772 3121 rerum
792 3076 851 3122 seu
866 3055 984 3122 virium
1001 3056 1219 3123 materialium
1237 3078 1276 3123 ac
1291 3054 1492 3122 sensibilium
1507 3056 1682 3141 restringi·

432 3168 488 3228 tur
510 3166 611 3245 atque
633 3162 681 3228 ita
704 3166 881 3247 usurpatur
903 3161 944 3227 ad
961 3161 1209 3246 exprimendum
1225 3162 1430 3240 dualismum‚
1456 3182 1553 3245 quem
1569 3163 1602 3227 in
1619 3164 1681 3230 hoc

431 3267 551 3333 mundo
582 3268 717 3352 spiritus
747 3272 782 3335 st
810 3268 950 3335 materia
977 3268 1134 3335 exhibent
1158 3268 1287 3352 („Geist
1309 3268 1375 3334 und
1398 3264 1559 3351 Natur‘);
1592 3268 1681 3335 aliud

432 3394 522 3455 vero,
552 3375 581 3439 si
608 3374 649 3440 de
676 3378 853 3442 naturast
880 3378 962 3454 arte,
994 3375 1082 3441 aliud
1112 3375 1241 3453 iterum,
1272 3374 1301 3439 si
1330 3374 1364 3439 in
1393 3395 1492 3440 seusu
1515 3374 1680 3457 dogmatis

433 3478 602 3545 christiani
618 3480 791 3547 denatura
803 3482 968 3564 etgratia‚
987 3482 1027 3547 ds
1038 3482 1181 3548 naturali
1199 3486 1233 3547 et
1248 3481 1490 3565 supernaturali
1507 3481 1680 3564 loquimur.

433 3586 478 3651 ut
500 3586 618 3651 mirum
641 3606 722 3654 sane
745 3608 811 3653 non
834 3592 895 3665 est,
920 3588 1005 3670 quod
1030 3591 1127 3654 tauta
1142 3587 1286 3653 eiusdem
1310 3586 1402 3651 vocis
1417 3586 1450 3651 in
1467 3587 1568 3653 variis
1585 3587 1680 3654 disci·

432 3691 530 3775 plinie
560 3692 767 3776 usurpandas
797 3692 973 3759 diversitas
1002 3714 1068 3759 non
1097 3714 1173 3759 raro
1197 3692 1290 3759 bonis
1313 3692 1423 3771 stiam,
1454 3692 1513 3758 sed
1539 3693 1680 3761 incautis

432 3798 596 3863 mentibus
625 3818 740 3865 ansam
764 3798 891 3866 dederit
919 3799 1027 3865 minus
1057 3803 1147 3865 recte
1175 3800 1215 3865 ds
1245 3803 1365 3865 natura
1394 3798 1428 3865 in
1458 3798 1557 3865 rebus
1586 3799 1680 3866 theo-

432 3902 548 3987 logicis
576 3904 738 3971 ssntisndi
767 3926 807 3971 ac
835 3905 1025 3973 disserendi.
1073 3905 1160 3985 Ideo,
1192 3926 1255 3989 quo
1285 3926 1384 3971 sensu
1413 3904 1475 3978 hoc
1504 3904 1576 3971 loco
1600 3905 1680 3971 illud

432 4010 627 4076 vocabulum
661 4016 832 4095 acceptum
864 4012 1019 4091 velimus,
1056 4012 1243 4080 accuratius
1275 4010 1512 4078 determinetur
1544 4030 1680 4078 necesse

433 4119 500 4194 est3
531 4136 570 4182 so
593 4117 709 4201 magis,
741 4118 827 4200 quod
854 4123 994 4186 naturae
1018 4122 1196 4203 conceptus
1219 4138 1300 4202 pree
1323 4117 1443 4185 esteris
1465 4116 1499 4182 in
1522 4122 1596 4183 tota
1619 4119 1680 4184 hac

433 4221 659 4306 disquisitione
681 4224 787 4289 instar
808 4222 1014 4290 fundamenti
1037 4224 1131 4289 nobis
1147 4224 1219 4303 erit,
1246 4222 1298 4290 cui
1314 4222 1466 4307 deinceps
1482 4223 1679 4305 gravissima

433 4328 602 4397 doctrinae
625 4330 737 4413 capita
759 4333 1039 4413 superstruantur.

521 4435 638 4519 ltaque
653 4456 697 4503 ex
716 4440 827 4503 ments
841 4438 1032 4521 Aristotelis,
1057 4456 1155 4519 quam
1171 4435 1325 4520 deinceps
1345 4434 1468 4520 passim
1492 4433 1678 4501 scholastici

433 4542 583 4609 doctores
611 4543 812 4627 adoptarunt
835 4545 870 4608 et
892 4542 934 4607 ad
958 4563 1051 4607 usum
1077 4541 1274 4607 uberrimum
1298 4540 1457 4607 scientiae
1480 4538 1679 4606 christianas

432 4648 655 4726 excoluerunt,
672 4647 721 4714 rei
733 4647 963 4730 cuiuscumque
974 4646 1045 4712 sive
1057 4644 1239 4731 spiritualis
1251 4646 1321 4712 eivs
1332 4646 1513 4713 materialis
1526 4650 1677 4713 naturam

432 4754 569 4820 dicimus
591 4756 696 4839 ipsam
720 4755 790 4821 eius
814 4758 983 4835 entitatem,
1009 4762 1165 4841 quaterno
1188 4756 1224 4820 in
1240 4776 1272 4818 se
1287 4756 1359 4839 ipsa
1373 4754 1569 4839 principium
1587 4752 1678 4818 habet

432 4869 534 4926 motus
553 4858 633 4941 (sive
656 4864 754 4927 active
775 4860 974 4945 producendi
997 4862 1060 4926 sive
1082 4862 1208 4945 passive
1230 4859 1432 4945 recipiendi),
1458 4881 1517 4945 quo
1538 4858 1599 4943 fini
1623 4880 1676 4925 auo

429 4971 562 5053 proprio
585 4968 766 5054 commendo
789 4968 977 5052 adaptetur.
1012 4966 1064 5032 Ita
1087 4965 1239 5031 nimirum
1255 4964 1471 5031 Aristoteles:
1498 4964 1632 5047 „Prima
1651 4973 1677 5032 ct
