3909 5842
797 658 964 729 Conspectus
982 675 1080 713 rerum.

422 854 496 891 mum
515 837 648 902 retertur,
673 854 723 891 seu
748 853 819 905 quae
843 853 924 891 usum
950 836 1113 891 facultatum
1138 836 1222 889 animi
1240 838 1269 889 et
1287 834 1406 905 corporis
1425 835 1459 887 sd

423 928 539 981 eundem
557 926 639 980 finem
657 928 733 979 recte
751 924 905 979 ordinatum
924 924 1089 979 naturaliter
1107 924 1255 978 comitatur
1273 925 1302 976 et
1313 922 1458 993 sequitur.

464 1016 619 1069 Corollaria
645 1056 652 1067 .
727 1056 732 1066 .
807 1055 813 1066 .
850 1040 852 1043 >
888 1050 1458 1066 ........

458 1107 586 1159 Notcnda
605 1106 642 1158 cd
659 1104 799 1157 soluendus
816 1104 988 1169 difficultates
1049 1140 1458 1154 ......

571 1254 667 1325 Caput
685 1255 739 1310 lll.
777 1254 818 1307 De
836 1253 969 1323 principio
989 1256 1101 1307 actuum
1120 1252 1307 1305 bumanorum.

458 1364 591 1430 Prolopue
645 1400 1456 1415 ...........
1549 1393 1555 1409 .

386 1469 580 1524 Articulus
601 1470 624 1522 l.
657 1468 697 1521 De
715 1467 858 1522 voluntate
876 1466 1009 1521 influente
1028 1468 1055 1520 iu
1075 1469 1166 1520 actum
1185 1483 1233 1520 eeu
1253 1465 1286 1519 de
1306 1466 1459 1521 voluntario

460 1558 613 1627 generatim
644 1596 1457 1611 ...........

422 1646 439 1713 ξ
460 1648 483 1703 1.
515 1646 585 1711 Quid
604 1649 632 1699 et
650 1644 800 1715 quotuplex
819 1644 1005 1699 voluntarium
1047 1684 1458 1697 ......

422 1735 483 1799 §2
515 1733 556 1787 De
574 1732 725 1788 voluntatis
744 1734 771 1787 in
791 1732 861 1787 alias
879 1732 1028 1787 facultates
1047 1731 1160 1801 imperio
1211 1774 1216 1784 .
1292 1774 1296 1784 .
1371 1774 1376 1784 .
1452 1774 1457 1785 .

461 1824 646 1876 Corollarium

422 1910 439 1977 ὅ
458 1911 483 1964 3.
515 1909 556 1963 De
573 1910 759 1964 involuntario
778 1910 899 1964 violento

345 2016 453 2071 'l'lresls
471 2016 527 2070 lx.
564 2014 704 2070 Violentis
721 2016 817 2070 stricte
836 2015 909 2069 dicta
927 2014 962 2068 ab
981 2017 1053 2078 actu,
1074 2014 1120 2083 qui
1139 2013 1164 2067 ei
1182 2014 1315 2075 subiacet,
1335 2013 1458 2067 volunta·

418 2105 490 2157 rium
509 2103 630 2157 excludit
647 2104 816 2174 simpliciter,
835 2102 925 2157 latius.
938 2102 1013 2156 dicta
1031 2119 1098 2155 vero
1115 2119 1164 2171 pro
1184 2101 1278 2169 gradu,
1298 2118 1351 2170 quo
1369 2102 1459 2170 megia

423 2192 468 2246 vel
491 2193 582 2247 minus
607 2193 642 2247 ad
660 2192 735 2247 illam
761 2192 875 2247 accedit.
912 2190 1107 2245 Verumtamen
1127 2190 1256 2245 voluntas
1281 2190 1353 2245 circa
1379 2194 1459 2245 cotue

422 2298 471 2350 per
488 2297 519 2334 se
537 2280 711 2350 impotabiles
735 2284 859 2345 tautum,
885 2296 1031 2349 numquam
1052 2282 1143 2334 nutem
1170 2278 1242 2333 circs
1260 2296 1334 2333 mere
1353 2279 1459 2334 elicitos

422 2369 581 2423 violentiam
599 2370 657 2439 pati
675 2373 768 2440 potest
805 2410 1457 2423 .........

462 2458 616 2511 Corollaria
643 2498 650 2512 .
724 2499 730 2511 .
805 2500 811 2511 .
885 2456 911 2510 .'
966 2497 1456 2510 .......

388 2563 626 2618 Articulus2.
662 2563 806 2618 Delibero
1461 2600 1464 2605 -

423 2653 440 2719 5
460 2655 484 2706 1.
516 2652 660 2707 Generalis
677 2653 753 2706 notio
771 2653 907 2707 libertatis
969 2694 1457 2706 .......

423 2741 440 2808 5
459 2741 485 2794 2.
518 2741 557 2795 De
576 2741 732 2795 defiuitione
749 2741 887 2795 libertatis

459 2832 614 2885 Scbolium:
631 2830 790 2885 Scholarum
809 2831 996 2885 controversia
1014 2830 1047 2884 de
1066 2831 1173 2885 ratione
1191 2830 1271 2885 liberi
1290 2831 1395 2885 arbitrii
1452 2874 1457 2884 .

422 2921 483 2987 §a
516 2918 660 2974 Hominem
678 2920 764 2973 libero
783 2920 895 2974 arbitrio
914 2920 1069 2991 prachtum
1088 2937 1149 2975 esee
1167 2920 1321 2975 ostenditur
1369 2961 1376 2973 .
1450 2962 1456 2974 .

348 3035 456 3091 'Ibesls
473 3036 515 3090 X.
541 3035 629 3088 Homo
649 3036 675 3089 in
694 3036 833 3105 praesenti
845 3036 921 3089 vitae
933 3039 1009 3089 statu
1021 3034 1106 3090 libero
1125 3034 1237 3090 arbitrio
1255 3036 1396 3106 praeditus
1414 3040 1458 3091 eet

462 3125 646 3179 Corollaricm

460 3213 589 3265 Notundc
607 3213 644 3263 cd
660 3212 800 3264 colonicae
817 3212 991 3277 difficultates
1050 3254 1457 3266 ......

388 3316 581 3370 Articulus
599 3317 625 3370 3.
663 3316 703 3369 De
726 3317 871 3371 momentis
896 3316 1098 3387 psychclogicis
1123 3317 1355 3373 involuntarium
1381 3322 1410 3372 et
1428 3318 1458 3373 li·

459 3405 554 3459 berum
572 3408 652 3459 actus
669 3404 781 3459 humani
799 3405 975 3460 influentibus

424 3493 441 3561 ς
461 3495 484 3548 l.
516 3493 556 3547 Dc
575 3494 730 3562 ignorantia
748 3498 778 3548 ct
795 3495 998 3549 inadvcrten'tia
1048 3536 1457 3549 ......

349 3610 455 3666 'illesis
472 3610 529 3664 xl.
554 3609 630 3673 Quod
648 3609 681 3663 iit
699 3626 734 3663 ex
752 3610 907 3676 ignorantia
925 3610 1077 3665 invincibili
1096 3628 1147 3665 uec
1164 3610 1279 3665 liberum
1301 3628 1350 3665 nec
1363 3610 1458 3664 volun·

425 3698 524 3752 tarium
550 3700 594 3751 est
617 3698 766 3752 secundum
786 3697 827 3762 id,
853 3699 926 3767 quod
943 3698 1101 3767 ignoratum
1128 3698 1200 3767 quod
1218 3702 1311 3753 autem
1330 3716 1365 3752 ex
1383 3698 1458 3767 iguo·

424 3787 514 3840 rantis
532 3786 662 3851 vincibili,
681 3790 725 3839 est
743 3772 927 3840 voluntarium
946 3790 975 3840 et
993 3788 1109 3842 liberum
1127 3786 1226 3842 saltem
1245 3787 1377 3841 indirecte
1451 3828 1457 3838 .

462 3877 618 3929 Corollaria
647 3916 1458 3929 ...........

425 3966 485 4032 §2-
517 3964 557 4018 De
576 3965 748 4035 passionibus
807 4007 1458 4020 .........

479 4054 511 4107 Α,
531 4052 571 4106 De
590 4052 762 4123 passionibus
781 4054 808 4106 iu
827 4071 927 4122 genere
969 4094 1458 4107 .......

479 4142 510 4196 Β.
528 4140 569 4194 De
587 4142 807 4212 coucupiscentia

351 4259 456 4315 Thasie
474 4258 545 4313 XII.
571 4256 798 4327 Concupiscentia
811 4257 974 4312 antecedens
990 4261 1075 4326 auget
1087 4257 1280 4321 voluntarium,
1299 4256 1356 4321 scd,
1376 4273 1459 4325 quan·

424 4350 482 4399 tum
501 4363 517 4399 a
535 4362 573 4409 se,
591 4345 766 4414 aliquatenus
785 4346 884 4399 minuit
901 4345 1016 4399 liborum
1035 4348 1121 4409 actus,
1141 4344 1187 4413 qui
1206 4345 1258 4399 sub
1277 4346 1336 4399 eius
1354 4344 1459 4399 influxu

426 4453 441 4488 a
460 4434 602 4488 voluntate
621 4434 744 4503 procedit
808 4474 1458 4487 .........

463 4524 620 4577 Corollaria
646 4562 1459 4575 ...........

460 4613 589 4665 Notondc
607 4613 644 4663 cd
661 4613 800 4665 solvendus
818 4612 991 4677 difficultates
1050 4650 1458 4662 ......

479 4700 508 4754 C.
528 4700 569 4755 De
586 4703 662 4753 metu

350 4816 456 4871 'I'lresla
467 4816 553 4871 XIII.
584 4815 706 4870 Tametsi
724 4816 811 4869 omnis
829 4818 916 4879 actus,
935 4814 1029 4883 quiex
1041 4818 1117 4869 metu
1129 4816 1169 4880 fit,
1188 4819 1232 4869 eet
1246 4813 1460 4881 „involuntarius

425 4906 575 4958 secundum
588 4904 679 4973 quid‘‚
698 4907 789 4957 metus
800 4907 893 4957 tamen
905 4905 969 4956 utut
982 4903 1084 4971 gravis,
1104 4903 1157 4957 nisi
1170 4903 1242 4958 iorte
1254 4921 1333 4958 usum
1346 4904 1461 4957 rationis

424 4992 562 5062 impediat,
581 5010 630 5063 per
648 5010 679 5047 se
697 4991 882 5045 voluntarium
902 4993 929 5045 in
949 5010 981 5045 eo
1000 4991 1156 5046 nullatenus
1175 4992 1279 5055 minuit,
1298 4992 1347 5045 sed
1365 4995 1460 5046 contra
