3909 5842
397 650 463 715 472
607 645 696 700 Sentio
716 643 749 699 ΙΙ.
786 642 866 699 Liber
884 644 918 699 11.
957 644 1046 715 Caput
1064 644 1112 698 111.
1149 641 1289 697 Atticulae
1310 643 1333 695 1.
1369 640 1430 709 Η.

396 825 469 910 ipsa
504 822 643 889 hominis
680 822 880 889 conscientia
917 823 967 888 sin
1006 823 1114 887 minus
1152 821 1337 899 moraliter,
1377 825 1468 887 certe
1507 820 1655 886 iuridici

398 932 494 1017 plane
517 928 651 995 inermis
674 929 861 997 immoletur
884 948 1019 994 necesse
1041 931 1104 993 est.

398 1034 464 1106 561.
554 1031 611 1105 ΙΙΙ.
643 1032 856 1105 Genfirmalur
887 1034 990 1101 thesis
1020 1033 1181 1101 indirecto
1211 1033 1356 1117 ipsorum
1380 1032 1655 1098 adversariorum

398 1142 598 1209 testimonio.

487 1248 540 1314 Ex
556 1269 619 1331 quo
635 1247 685 1313 ius
702 1250 840 1314 naturae
855 1247 1020 1331 repudiari
1036 1247 1154 1331 coepit,
1178 1246 1338 1329 singulari
1359 1246 1468 1312 studio
1491 1266 1554 1311 nec
1576 1244 1655 1311 sine

397 1354 569 1439 multiplici
592 1354 866 1439 iurisprudentiee
889 1354 999 1421 fructu
1014 1354 1075 1433 ius,
1100 1354 1186 1438 qnod
1202 1355 1522 1421 consuetudinarium
1546 1352 1654 1433 vulgo

400 1466 521 1528 vocant
550 1459 645 1541 (,das
675 1459 1050 1541 Gewobnheitsrecbt“),
1082 1480 1163 1544 pree
1192 1458 1311 1526 ceteris
1342 1459 1510 1525 excultum
1542 1462 1578 1524 et
1607 1458 1655 1523 ad

399 1565 593 1648 dignitatern
609 1566 778 1648 originarii
795 1566 963 1631 cuiusdam
979 1564 1187 1631 fundamenti
1201 1565 1235 1630 in
1251 1564 1339 1630 omni
1353 1563 1434 1630 iuris
1448 1564 1656 1630 formatione

400 1677 549 1739 evectum
582 1672 740 1739 videmus.
786 1671 823 1737 Id
858 1692 964 1754 neque
998 1671 1136 1738 fortuito
1171 1690 1278 1753 neque
1311 1670 1382 1735 sine
1416 1669 1514 1751 gravi
1542 1668 1654 1752 philo·

400 1778 534 1863 sophica
563 1778 691 1847 ratione
721 1776 871 1845 evenisse
900 1776 1082 1862 putandum
1107 1781 1169 1844 est.
1215 1776 1302 1842 Nem
1326 1774 1390 1841 viri
1412 1775 1548 1859 politico
1573 1796 1655 1840 con·

400 1884 596 1951 servatismo
620 1887 810 1951 constanter
833 1882 955 1949 addicti
979 1904 1044 1949 nou
1069 1903 1107 1949 eo
1130 1884 1195 1947 fine
1217 1882 1270 1947 ius
1291 1884 1431 1947 naturae
1447 1880 1654 1959 abiecerant,

400 1996 438 2057 ut
469 1990 519 2056 ius
552 1990 728 2075 positivum
761 1990 803 2055 ab
833 1988 921 2054 omni
950 1988 1081 2055 interna
1105 1988 1290 2055 stabilitate
1312 1988 1455 2054 solutum
1479 2007 1519 2052 eo
1543 1986 1657 2069 magis

401 2096 554 2181 deinceps
583 2097 725 2162 humano
756 2094 893 2162 arbitrio
925 2095 1164 2179 permitterent,
1195 2095 1255 2161 sed
1285 2102 1411 2173 contra,
1444 2097 1483 2158 ut
1505 2092 1592 2158 illud
1613 2112 1655 2157 eo

400 2203 531 2282 certius,
555 2208 593 2270 ut
615 2202 787 2288 putabant,
817 2202 1137 2281 a,subiectivismo“
1164 2200 1420 2285 emanciparent.
1453 2198 1549 2277 Quod
1574 2219 1654 2264 con·

402 2310 520 2388 silium,
544 2330 586 2375 ne
609 2329 730 2373 vanum
755 2310 844 2373 esset
866 2311 901 2374 et
917 2328 1027 2373 secum
1042 2308 1113 2391 ipso
1129 2311 1303 2391 pugnaret,
1328 2307 1413 2372 hanc
1427 2305 1654 2371 necessariam

402 2418 468 2483 illis
492 2416 713 2482 condicionem
736 2414 935 2499 imponebat,
960 2417 998 2479 ut
1020 2413 1109 2480 intra
1131 2414 1211 2479 iuris
1233 2413 1367 2497 positivi
1382 2411 1545 2478 ambitum
1561 2412 1655 2476 suffi-

402 2524 491 2590 ciens
514 2523 594 2589 iuris
616 2521 778 2590 naturalis
801 2520 1032 2605 compensaudi
1056 2524 1256 2587 momentum
1278 2519 1476 2597 invenirent,
1499 2520 1523 2585 i.
1540 2540 1571 2586 e.
1596 2519 1655 2584 ali·

404 2628 490 2712 qnod
520 2628 601 2694 iuris
628 2627 762 2712 positivi
785 2648 899 2710 genus,
931 2626 1018 2711 quod
1040 2631 1209 2709 tamquam
1233 2626 1383 2693 similiter
1404 2625 1658 2691 fundamentale

403 2755 463 2800 nec
493 2734 600 2800 minus
628 2738 705 2799 ante
728 2736 763 2799 et
786 2754 886 2817 supra
909 2753 1037 2799 ornnem
1061 2734 1168 2815 legem
1191 2733 1349 2816 scriptam
1372 2731 1504 2798 ratione
1527 2730 1582 2797 sni
1605 2752 1657 2796 re·

405 2840 587 2906 verendum
609 2840 642 2905 iu
666 2838 753 2904 illius
776 2839 882 2905 locum
905 2839 1024 2905 merito
1047 2837 1220 2922 subrogari
1236 2842 1358 2922 posset.
1389 2838 1435 2903 Et
1448 2837 1521 2903 tale
1536 2858 1657 2903 revera
1778 2829 1780 2865 ⁵

403 2968 440 3032 se
462 2945 623 3029 reperisse
647 2944 779 3028 gloriati
804 2944 936 3011 suntin
959 2944 1030 3009 iure
1057 2944 1392 3022 ,consuetudinario“.
1778 2933 1780 2957 ¹

493 3050 616 3116 Verum
648 3050 813 3116 enimvero
843 3049 877 3114 in
899 3049 961 3115 hoc
984 3049 1056 3134 ipso
1079 3050 1293 3117 describendo
1316 3054 1351 3116 et
1373 3049 1416 3115 ad
1436 3048 1534 3113 illum
1556 3050 1654 3113 tinem
1778 3119 1780 3130 7

404 3156 669 3235 commendando,
693 3156 726 3221 in
750 3156 821 3222 eius
843 3156 1049 3240 potissimum
1073 3156 1199 3239 origine
1222 3160 1257 3223 et
1277 3156 1411 3241 propria
1433 3154 1468 3220 vi
1490 3154 1576 3221 iuris
1599 3175 1655 3220 ex·
1778 3186 1780 3250 g

403 3264 565 3348 plicenda,
597 3284 635 3330 eo
659 3262 788 3329 demum
812 3261 906 3328 inscii
929 3266 964 3329 et
986 3262 1083 3329 inviti
1105 3263 1283 3341 redierunt,
1313 3262 1399 3327 unde
1422 3260 1567 3345 primum
1591 3280 1655 3325 non
1778 3274 1780 3292 ³

403 3369 473 3435 sine
504 3368 733 3453 dedignatione
763 3390 799 3435 se
829 3371 1032 3448 averterant,
1063 3368 1215 3434 nimirum
1241 3369 1284 3435 ad
1306 3390 1414 3434 ceram
1438 3372 1492 3433 ine
1513 3376 1656 3433 naturae
1778 3402 1780 3405 >

403 3481 570 3559 tamquam
601 3474 873 3559 praerequisitum
903 3474 984 3539 iuris
1014 3474 1147 3557 positivi
1170 3474 1430 3553 fundamentum,
1461 3472 1515 3539 sin
1546 3474 1654 3539 minus
1778 3555 1780 3571 Ι

404 3580 569 3665 explicite,
593 3586 682 3647 certe
707 3584 855 3667 implicite
878 3580 1132 3663 agnoscendum.

493 3686 544 3751 Ita
568 3685 653 3751 enim
676 3686 741 3752 iam
765 3686 835 3770 ipse
859 3688 897 3753 dc
914 3688 1057 3773 Socim
1084 3685 1299 3765 ,communis“
1325 3684 1406 3751 iuris
1430 3683 1594 3767 originem
1612 3686 1654 3751 ab

405 3792 473 3857 ulla
502 3791 640 3859 fortuita
670 3812 770 3857 causa
799 3794 852 3857 vel
884 3794 925 3858 ab
948 3792 1090 3859 humano
1113 3792 1250 3859 arbitrio
1273 3792 1325 3857 vel
1350 3791 1485 3857 consilio
1509 3791 1652 3859 derivari

404 3918 502 3981 posse
518 3900 629 3980 negat,
652 3918 690 3963 eo
708 3898 791 3981 quod
814 3898 1014 3977 ,certissime
1029 3901 1159 3965 constet
1173 3897 1293 3981 ubique
1308 3901 1482 3974 terrarum,
1506 3898 1652 3964 ubicum-

405 4024 469 4086 que
491 4002 628 4069 alicuius
651 4002 809 4069 iuridioae
831 4003 1002 4070 relationis
1026 4003 1079 4069 vel
1102 4003 1251 4086 quaestio
1275 4003 1329 4069 vel
1352 4002 1557 4070 couscientia
1577 4004 1652 4069 sub·

405 4109 540 4188 orietur,
571 4098 631 4192 pro
655 4108 770 4174 eadem
794 4109 858 4176 iam
883 4110 1007 4176 dndnm
1029 4118 1127 4176 antea
1149 4112 1293 4197 reputem
1315 4112 1401 4176 iniis
1422 4114 1651 4195 prammieterc

405 4237 444 4282 ac
474 4214 610 4300 proinde
640 4236 725 4281 nunc
755 4215 895 4300 primum
923 4215 1063 4281 inveniri
1086 4236 1147 4281 nec
1169 4216 1317 4299 indigere
1339 4236 1400 4281 neo
1421 4221 1554 4300 posse“.
1580 4271 1588 4282 .
1613 4269 1649 4281 ..

405 4322 489 4388 Iuris
519 4320 652 4407 positivi
682 4322 891 4389 subsistentis
921 4322 955 4386 in
983 4321 1183 4387 conscientia
1205 4320 1318 4407 populi
1345 4321 1649 4407 ,imperceptibilem

407 4449 479 4495 esse
495 4432 636 4508 ortum“,
653 4429 707 4510 qui
724 4429 822 4494 nullis
837 4428 1003 4495 historicis
1020 4428 1222 4495 documentis
1238 4428 1456 4495 demonstrari
1470 4430 1588 4513 possit.
1602 4483 1609 4494 .
1623 4482 1649 4495 ..

407 4536 645 4618 Argumentum
668 4540 790 4615 tamen,
822 4555 885 4619 quo
909 4536 964 4601 ille
988 4537 1155 4619 probetur,
1183 4535 1301 4614 ,situm
1325 4558 1398 4602 esse
1420 4538 1455 4602 in
1477 4538 1652 4603 nnircrecii

407 4649 435 4707 et
456 4642 614 4724 uniformi
638 4644 798 4727 agnitione
821 4645 905 4708 iuris
926 4644 1055 4727 positivi
1078 4650 1106 4708 ct
1128 4645 1163 4708 in
1179 4664 1273 4709 scinu
1287 4645 1434 4709 internae
1449 4646 1650 4720 namnam,

408 4746 462 4829 qui
485 4746 572 4812 illius
596 4752 789 4831 conceptum
813 4746 1061 4827 concomitetnr,
1093 4753 1127 4815 et
1156 4748 1248 4813 cuius
1278 4748 1462 4814 clarissima
1483 4748 1650 4832 expressio

407 4858 518 4919 exstet
540 4853 573 4918 in
596 4854 824 4936 antiquissima
848 4857 1022 4921 assertione
1045 4857 1180 4940 oripinic
1203 4857 1308 4921 diuini
1323 4858 1408 4920 iniis
1422 4876 1479 4921 een
1495 4858 1615 4942 ispum*
1630 4860 1648 4917 ¹.

500 4992 508 5024 ¹
527 4994 567 5045 De
586 4994 713 5063 Sacipny,
733 4992 842 5063 System
862 4995 909 5047 des
928 4994 1058 5062 beutigen
1076 5000 1142 5048 rom.
1161 4992 1264 5047 Rechts
1282 4994 1295 5046 I
1316 4994 1349 5047 14
1370 4994 1411 5057 15,
1430 4994 1447 5061 5
1467 4994 1491 5047 7.
