3909 5842
684 650 723 705 De
742 650 909 707 beatitudine
927 648 1087 704 subiectiva.
1464 650 1505 714 57

353 830 459 907 Num:
485 832 592 914 primo
613 828 648 893 id
669 828 775 912 ipsum
801 827 884 895 satis
907 826 1071 893 evincitur
1094 846 1136 891 ex
1159 824 1215 902 iis,
1239 844 1323 906 quac
1346 845 1377 891 n.
1403 826 1445 889 64
1469 824 1511 889 ad

263 938 285 999 4
308 934 490 1019 explanata
511 938 606 1012 sunt;

353 1041 471 1106 deinde
493 1061 567 1105 cum
591 1039 744 1106 Suaresio
766 1038 954 1113 dicendum:
990 1037 1084 1117 ,Non
1107 1041 1159 1104 est
1181 1057 1330 1114 necesse,
1355 1040 1393 1101 ut
1415 1036 1511 1101 homo

264 1147 370 1230 possit
397 1146 551 1230 consequi
575 1146 673 1213 aliter
694 1166 789 1211 suum
812 1147 926 1223 finem,
958 1165 1055 1227 quam
1080 1148 1190 1227 potest
1214 1144 1390 1217 exsister03
1421 1142 1511 1208 nulla

265 1252 350 1319 enim
373 1274 428 1319 res
451 1252 613 1320 naturalis
636 1252 725 1319 aliud
747 1253 906 1337 postulat,
928 1251 992 1317 nisi
1016 1251 1111 1333 quod,
1136 1250 1212 1317 dum
1235 1248 1384 1329 exsistit,
1407 1248 1512 1333 possit

264 1348 358 1425 suurn
387 1362 484 1427 finem
516 1360 681 1443 consequi.
728 1358 819 1426 Sicut
848 1379 928 1441 ergo
957 1358 1055 1425 homo
1084 1357 1261 1423 secundum
1284 1361 1438 1423 naturam
1461 1356 1511 1419 in·

265 1470 395 1549 tegram
425 1465 647 1550 corruptibilis
670 1468 739 1543 est,
772 1465 950 1531 secundum
974 1464 1115 1529 animam
1140 1483 1219 1528 vero
1243 1465 1295 1527 est
1317 1460 1511 1526 immortalis

264 1574 297 1636 et
320 1576 487 1647 aeternus,
511 1571 560 1637 ita
583 1569 666 1637 satis
689 1574 758 1647 est,
792 1570 877 1652 quod
901 1590 961 1653 pro
986 1568 1095 1651 aliquo
1118 1572 1266 1651 tempore
1288 1564 1394 1650 possit
1416 1569 1511 1631 natu·

264 1677 379 1743 taliter
402 1699 474 1744 esse
497 1675 713 1759 (incohative)
736 1676 854 1741 beatus
877 1674 911 1741 in
934 1680 1006 1742 toto
1029 1672 1226 1758 composito,
1250 1676 1408 1757 perpetuo
1432 1692 1511 1738 vero

264 1784 369 1848 solum
392 1782 425 1848 in
449 1783 615 1850 anima!¹1

356 1890 462 1955 Tertio
490 1887 684 1954 subicimus:
715 1887 750 1953 Si
780 1886 853 1969 quis
883 1886 1092 1952 nihilominus
1116 1884 1258 1969 aliquam
1283 1884 1383 1951 etiam
1407 1882 1511 1949 seusi-

264 1994 353 2062 tivae
383 1999 524 2061 naturae
553 1994 840 2079 participationem
868 1994 903 2059 in
925 1993 987 2059 hac
1010 1992 1214 2059 beatitudine
1237 1991 1367 2057 omnino
1390 1991 1511 2073 requiri

264 2106 358 2184 putet
383 2100 489 2182 (cuius
510 2106 624 2168 tamen
647 2104 739 2167 certa
761 2100 848 2167 ratio
871 2122 936 2167 non
959 2100 1129 2184 apparet),
1153 2098 1228 2165 huic
1251 2098 1350 2164 etiam
1375 2098 1510 2181 exigen-

265 2208 331 2275 tiae
350 2229 471 2275 revera
485 2208 694 2291 aliquatenus
709 2207 863 2273 satisfieri
878 2208 1020 2274 videtur.
1053 2206 1172 2272 Anima
1188 2226 1329 2288 namque
1345 2210 1509 2289 separata,

265 2315 417 2396 quamvis
440 2316 574 2409 organis
597 2315 823 2399 corporalibus
838 2314 930 2381 vitae
947 2312 1127 2379 sensitivae
1143 2318 1253 2391 exuta,
1277 2311 1383 2395 ipsam
1399 2315 1511 2377 tamen

266 2442 356 2487 suam
387 2421 582 2500 essentiam,
614 2443 678 2504 qua
701 2442 766 2487 non
790 2422 895 2487 solum
918 2420 1115 2505 spiritualis,
1147 2420 1203 2485 sed
1228 2418 1328 2485 etiarn
1352 2416 1511 2483 sensitiva

266 2532 324 2606 est,
348 2548 556 2611 nequaquam
580 2527 682 2595 exuit.
716 2528 795 2593 Cum
817 2527 920 2611 igitur
943 2532 1016 2594 tota
1039 2526 1148 2591 anima
1172 2526 1299 2603 beatur,
1323 2523 1511 2607 etiamque

266 2634 425 2701 sensitiva
439 2634 557 2701 beetur
572 2654 706 2700 necesse
723 2638 784 2713 est,
809 2632 973 2718 spirituali
989 2632 1143 2698 fruitione
1161 2630 1254 2715 quasi
1270 2631 1302 2697 in
1318 2634 1424 2697 totam
1442 2628 1512 2696 eius

266 2739 483 2807 substantiam
506 2739 712 2807 redundante
720 2740 742 2805 ².

353 2846 476 2925 Quodsi
509 2867 656 2931 opponas
686 2846 863 2912 sensitivas
893 2846 1072 2912 facultates
1102 2844 1231 2911 animae
1260 2842 1294 2909 in
1321 2842 1378 2908 illo
1408 2846 1510 2921 statu,

268 2952 438 3019 deficiente
461 2952 650 3018 condicione
666 2952 832 3035 organica,
856 2973 1032 3035 numquam
1049 2951 1081 3017 in
1098 2952 1240 3034 aliquem
1255 2953 1366 3015 actum
1381 2948 1511 3033 prodire

267 3081 362 3142 posse
391 3065 426 3127 et
454 3060 529 3125 ideo
558 3060 743 3126 necessario
772 3060 815 3126 ab
842 3059 930 3126 omni
952 3058 1205 3143 participatione
1228 3055 1409 3141 spiritualis
1431 3054 1511 3121 frui·

268 3165 365 3231 tionis
389 3165 534 3246 excludi,
554 3166 672 3233 merito
695 3166 914 3251 respondetur
934 3166 968 3231 in
991 3166 1162 3251 hypothesi,
1187 3162 1273 3247 quod
1293 3162 1334 3229 ad
1351 3160 1511 3227 rationem

268 3271 480 3339 beatitudinis
502 3272 581 3339 talis
603 3272 764 3339 sensitiva
779 3272 935 3339 activitas
949 3292 1068 3337 revera
1083 3270 1183 3336 inerit
1199 3272 1393 3336 naturaliter
1408 3288 1512 3332 ncces-

269 3382 368 3463 aorio,
392 3379 532 3463 supponi
556 3378 656 3445 ctiam
679 3378 799 3445 debere
814 3380 920 3444 Deum
942 3398 1002 3462 per
1024 3378 1204 3444 naturalem
1226 3392 1418 3440 concursum
1443 3392 1511 3437 om-

270 3505 340 3549 nem
362 3486 457 3551 illum
480 3484 645 3551 defectum
668 3484 796 3551 abunde
819 3485 1057 3569 suppleturum.

356 3594 479 3673 Quarto
501 3589 697 3656 notandum:
728 3590 782 3656 Ex
806 3610 860 3669 eo,
893 3589 979 3673 quod
1010 3588 1120 3654 annua
1143 3590 1298 3672 separata
1320 3606 1379 3670 per
1402 3604 1437 3649 se
1461 3586 1513 3649 est

269 3697 301 3762 in
322 3697 474 3781 potentia
496 3697 538 3763 ad
561 3696 801 3763 informandum
826 3717 944 3780 corpus
967 3698 1002 3761 et
1023 3698 1160 3761 eatenus
1181 3691 1320 3776 quodam
1344 3692 1439 3756 modo
1462 3690 1512 3755 in·

271 3805 449 3889 completa,
480 3824 545 3868 non
576 3803 725 3887 sequitur
754 3804 824 3869 eius
848 3796 971 3869 statum
997 3822 1069 3866 esse
1093 3800 1271 3866 violentum
1295 3802 1329 3864 et
1351 3798 1424 3863 ideo
1447 3818 1512 3862 non

271 3910 413 3978 beatum.
459 3908 547 3977 Nam
579 3932 652 3976 cum
682 3909 793 3976 anima
822 3913 940 3993 suapte
970 3913 1090 3973 natura
1120 3906 1280 3992 duplicem
1303 3906 1425 3971 habeat
1454 3924 1513 3969 ex·

272 4016 407 4083 sistendi
421 4038 460 4081 ao
473 4016 607 4082 vivendi
622 4016 769 4082 modum:
787 4016 926 4083 alterurn
942 4014 977 4079 in
994 4034 1129 4098 corpore
1145 4011 1265 4079 intuitu
1282 4010 1514 4079 intellectualis

273 4123 359 4191 vitae
382 4123 490 4189 minus
512 4123 696 4208 perfectum
719 4127 754 4189 et
776 4122 1004 4207 multipliciter
1026 4120 1227 4205 impeditum,
1252 4119 1392 4185 alterum
1416 4122 1513 4183 extra

273 4251 387 4315 corpus
404 4230 447 4296 ad
462 4230 676 4315 spiritualiter
692 4230 892 4315 operandum
907 4230 1006 4311 longe
1023 4226 1251 4312 perfectiorem
1268 4229 1303 4291 et
1317 4223 1512 4301 liberiorem,

274 4338 360 4403 nulla
383 4341 436 4404 est
458 4336 555 4415 ratio,
579 4338 620 4402 ob
644 4358 741 4419 quarn
765 4334 877 4402 anima
898 4339 1055 4419 separata
1078 4334 1226 4419 appetitu
1244 4335 1344 4398 elicito
1368 4338 1394 4397 et
1417 4334 1513 4397 ratio-

274 4446 340 4508 nali
361 4444 452 4509 illum
477 4463 670 4527 recuperare
694 4443 867 4509 desideret.
905 4442 1020 4520 Immo,
1044 4439 1302 4525 praescindendo
1327 4459 1347 4503 a
1369 4438 1514 4519 gloriosa

363 4636 503 4703 ¹Suarcz,
522 4634 563 4693 De
581 4634 635 4689 fine
653 4633 725 4689 hom.
745 4634 814 4705 disp.
836 4635 877 4697 15,
896 4638 963 4688 sect.
983 4633 1008 4695 2,
1028 4650 1051 4687 c.
1072 4633 1095 4685 7.

361 4722 431 4776 'De
450 4722 606 4779 condicione
625 4723 732 4777 animas
753 4726 898 4793 separatae
917 4722 1006 4791 quoad
1033 4719 1169 4791 potentias
1187 4717 1334 4772 sensitivas
1353 4717 1441 4771 fusius
1461 4716 1514 4770 dis·

276 4810 339 4864 serit
350 4814 380 4866 S.
398 4810 513 4864 atoma
530 4811 557 4864 in
576 4829 602 4881 p.
616 4812 632 4865 3
646 4810 783 4881 supplem.
797 4829 822 4880 q.
837 4812 885 4874 70;
905 4811 940 4865 ol.
955 4810 1058 4863 Contra
1071 4808 1173 4864 Gentes
1189 4808 1214 4871 4,
1234 4806 1283 4869 90;
1303 4805 1330 4860 S.
1343 4804 1426 4859 theol.
1447 4806 1469 4869 l,
1488 4806 1513 4869 2,
1552 4864 1555 4869 ,

277 4915 301 4966 q.
318 4901 350 4965 4,
372 4916 398 4953 a.
417 4900 448 4955 6:
477 4899 534 4966 ,Ex
559 4899 727 4955 beatitudine
750 4900 857 4953 animae
875 4900 924 4953 fiet
941 4898 1122 4953 redundantia
1140 4897 1174 4951 ad
1194 4912 1304 4965 corpus,
1329 4898 1361 4949 ut
1379 4898 1406 4949 ei
1424 4894 1512 4964 ipsum

277 5002 323 5040 sua
340 4988 506 5058 perfectione
523 4990 667 5059 potiatur.‘
1515 5018 1518 5022 -
