<?xml version="1.0" encoding="UTF-8"?>
<!DOCTYPE html PUBLIC "-//W3C//DTD XHTML 1.0 Transitional//EN"
    "http://www.w3.org/TR/xhtml1/DTD/xhtml1-transitional.dtd">
<html xmlns="http://www.w3.org/1999/xhtml" xml:lang="en" lang="en">
 <head>
  <title>
</title>
<meta http-equiv="Content-Type" content="text/html;charset=utf-8" />
  <meta name='ocr-system' content='tesseract 3.04.00' />
  <meta name='ocr-capabilities' content='ocr_page ocr_carea ocr_par ocr_line ocrx_word'/>
</head>
<body>
  <div class='ocr_page' id='page_1' title='image "./institutionesiu00meyegoog_0313.png"; bbox 0 0 3909 5842; ppageno 0'>
   <div class='ocr_carea' id='block_1_1' title="bbox 615 706 1532 778">
    <p class='ocr_par' dir='ltr' id='par_1_1' title="bbox 615 706 1532 778">
     <span class='ocr_line' id='line_1_1' title="bbox 615 706 1532 778; baseline -0.002 -14"><span class='ocrx_word' id='word_1_1' title='bbox 615 709 694 764; x_wconf 89' lang='lat' dir='ltr'><strong>Unde</strong></span> <span class='ocrx_word' id='word_1_2' title='bbox 712 709 817 764; x_wconf 87' lang='lat' dir='ltr'><strong>oriatur</strong></span> <span class='ocrx_word' id='word_1_3' title='bbox 834 707 964 777; x_wconf 75' lang='lat' dir='ltr'><strong>obligatio</strong></span> <span class='ocrx_word' id='word_1_4' title='bbox 984 707 1055 776; x_wconf 84' lang='lat' dir='ltr'><strong>legis</strong></span> <span class='ocrx_word' id='word_1_5' title='bbox 1073 706 1217 778; x_wconf 77' lang='lat' dir='ltr'><strong>positivae.</strong></span> <span class='ocrx_word' id='word_1_6' title='bbox 1471 707 1532 771; x_wconf 88' lang='grc'><strong>261</strong></span> 
     </span>
    </p>
   </div>
   <div class='ocr_carea' id='block_1_2' title="bbox 285 881 1541 3398">
    <p class='ocr_par' dir='ltr' id='par_1_2' title="bbox 285 881 1538 1183">
     <span class='ocr_line' id='line_1_2' title="bbox 287 881 1535 974; baseline -0.004 -21"><span class='ocrx_word' id='word_1_7' title='bbox 287 885 457 970; x_wconf 85' lang='lat' dir='ltr'><strong>testatur).</strong></span> <span class='ocrx_word' id='word_1_8' title='bbox 496 887 541 954; x_wconf 82' lang='lat' dir='ltr'><strong>Et</strong></span> <span class='ocrx_word' id='word_1_9' title='bbox 564 908 643 954; x_wconf 90' lang='lat' dir='ltr'><strong>vero</strong></span> <span class='ocrx_word' id='word_1_10' title='bbox 667 888 767 954; x_wconf 90' lang='lat' dir='ltr'><strong>etiam</strong></span> <span class='ocrx_word' id='word_1_11' title='bbox 789 909 850 974; x_wconf 78' lang='lat' dir='ltr'><strong>pro</strong></span> <span class='ocrx_word' id='word_1_12' title='bbox 872 889 934 953; x_wconf 81' lang='lat' dir='ltr'><strong>boc</strong></span> <span class='ocrx_word' id='word_1_13' title='bbox 956 895 1092 972; x_wconf 81' lang='lat' dir='ltr'><strong>ntroqnc</strong></span> <span class='ocrx_word' id='word_1_14' title='bbox 1114 882 1289 969; x_wconf 78' lang='lat' dir='ltr'><strong>hypothesi</strong></span> <span class='ocrx_word' id='word_1_15' title='bbox 1314 881 1367 948; x_wconf 86' lang='lat' dir='ltr'><strong>lex</strong></span> <span class='ocrx_word' id='word_1_16' title='bbox 1383 882 1535 965; x_wconf 89' lang='lat' dir='ltr'><strong>positiva,</strong></span> 
     </span>
     <span class='ocr_line' id='line_1_3' title="bbox 286 987 1538 1076; baseline -0.005 -16"><span class='ocrx_word' id='word_1_17' title='bbox 286 993 423 1060; x_wconf 88' lang='lat' dir='ltr'><strong>tametsi</strong></span> <span class='ocrx_word' id='word_1_18' title='bbox 445 994 553 1060; x_wconf 90' lang='lat' dir='ltr'><strong>minus</strong></span> <span class='ocrx_word' id='word_1_19' title='bbox 575 994 699 1061; x_wconf 87' lang='lat' dir='ltr'><strong>directe</strong></span> <span class='ocrx_word' id='word_1_20' title='bbox 722 998 757 1060; x_wconf 90' lang='lat' dir='ltr'><strong>et</strong></span> <span class='ocrx_word' id='word_1_21' title='bbox 774 993 872 1059; x_wconf 92' lang='lat' dir='ltr'><strong>modo</strong></span> <span class='ocrx_word' id='word_1_22' title='bbox 888 992 998 1076; x_wconf 91' lang='lat' dir='ltr'><strong>aliquo</strong></span> <span class='ocrx_word' id='word_1_23' title='bbox 1014 992 1141 1068; x_wconf 90' lang='lat' dir='ltr'><strong>latiore,</strong></span> <span class='ocrx_word' id='word_1_24' title='bbox 1165 988 1273 1072; x_wconf 90' lang='lat' dir='ltr'><strong>quoad</strong></span> <span class='ocrx_word' id='word_1_25' title='bbox 1288 987 1356 1053; x_wconf 90' lang='lat' dir='ltr'><strong>vim</strong></span> <span class='ocrx_word' id='word_1_26' title='bbox 1371 988 1538 1072; x_wconf 87' lang='lat' dir='ltr'><strong>obligandi</strong></span> 
     </span>
     <span class='ocr_line' id='line_1_4' title="bbox 285 1095 1301 1183; baseline -0.004 -18"><span class='ocrx_word' id='word_1_27' title='bbox 285 1100 320 1165; x_wconf 94' lang='lat' dir='ltr'><strong>in</strong></span> <span class='ocrx_word' id='word_1_28' title='bbox 342 1101 417 1183; x_wconf 90' lang='lat' dir='ltr'><strong>lege</strong></span> <span class='ocrx_word' id='word_1_29' title='bbox 439 1099 570 1165; x_wconf 90' lang='lat' dir='ltr'><strong>demum</strong></span> <span class='ocrx_word' id='word_1_30' title='bbox 592 1099 737 1166; x_wconf 90' lang='lat' dir='ltr'><strong>naturali</strong></span> <span class='ocrx_word' id='word_1_31' title='bbox 759 1098 822 1166; x_wconf 88' lang='lat' dir='ltr'><strong>niti</strong></span> <span class='ocrx_word' id='word_1_32' title='bbox 844 1101 936 1165; x_wconf 84' lang='lat' dir='ltr'><strong>certo</strong></span> <span class='ocrx_word' id='word_1_33' title='bbox 959 1098 1128 1182; x_wconf 89' lang='lat' dir='ltr'><strong>probatur.</strong></span> <span class='ocrx_word' id='word_1_34' title='bbox 1169 1095 1301 1163; x_wconf 79' lang='lat' dir='ltr'><strong>Etenim</strong></span> 
     </span>
    </p>

    <p class='ocr_par' dir='ltr' id='par_1_3' title="bbox 286 1201 1538 2034">
     <span class='ocr_line' id='line_1_5' title="bbox 375 1201 1537 1290; baseline -0.005 -19"><span class='ocrx_word' id='word_1_35' title='bbox 375 1207 422 1271; x_wconf 87' lang='lat' dir='ltr'><strong>od</strong></span> <span class='ocrx_word' id='word_1_36' title='bbox 445 1209 476 1272; x_wconf 91' lang='lat'><strong>1.</strong></span> <span class='ocrx_word' id='word_1_37' title='bbox 507 1205 555 1272; x_wconf 91' lang='lat' dir='ltr'><strong>Ut</strong></span> <span class='ocrx_word' id='word_1_38' title='bbox 576 1205 633 1271; x_wconf 84' lang='lat' dir='ltr'><strong>lex</strong></span> <span class='ocrx_word' id='word_1_39' title='bbox 654 1205 800 1290; x_wconf 88' lang='lat' dir='ltr'><strong>positiva</strong></span> <span class='ocrx_word' id='word_1_40' title='bbox 822 1205 923 1271; x_wconf 88' lang='lat' dir='ltr'><strong>etiam</strong></span> <span class='ocrx_word' id='word_1_41' title='bbox 948 1204 1061 1270; x_wconf 89' lang='lat' dir='ltr'><strong>divina</strong></span> <span class='ocrx_word' id='word_1_42' title='bbox 1085 1202 1252 1286; x_wconf 89' lang='lat' dir='ltr'><strong>obligandi</strong></span> <span class='ocrx_word' id='word_1_43' title='bbox 1275 1202 1426 1266; x_wconf 86' lang='lat' dir='ltr'><strong>effectum</strong></span> <span class='ocrx_word' id='word_1_44' title='bbox 1450 1201 1537 1284; x_wconf 86' lang='lat' dir='ltr'><strong>apud</strong></span> 
     </span>
     <span class='ocr_line' id='line_1_6' title="bbox 286 1307 1537 1398; baseline -0.003 -22"><span class='ocrx_word' id='word_1_45' title='bbox 286 1312 448 1398; x_wconf 90' lang='lat' dir='ltr'><strong>homiuem</strong></span> <span class='ocrx_word' id='word_1_46' title='bbox 471 1311 594 1378; x_wconf 81' lang='lat' dir='ltr'><strong>habore</strong></span> <span class='ocrx_word' id='word_1_47' title='bbox 616 1313 731 1396; x_wconf 81' lang='lat' dir='ltr'><strong>possit,</strong></span> <span class='ocrx_word' id='word_1_48' title='bbox 762 1313 819 1378; x_wconf 85' lang='lat' dir='ltr'><strong>lex</strong></span> <span class='ocrx_word' id='word_1_49' title='bbox 841 1311 1003 1378; x_wconf 89' lang='lat' dir='ltr'><strong>naturalis</strong></span> <span class='ocrx_word' id='word_1_50' title='bbox 1026 1309 1285 1396; x_wconf 87' lang='lat' dir='ltr'><strong>praerequiritur</strong></span> <span class='ocrx_word' id='word_1_51' title='bbox 1308 1307 1426 1373; x_wconf 88' lang='lat' dir='ltr'><strong>saltem</strong></span> <span class='ocrx_word' id='word_1_52' title='bbox 1450 1311 1537 1374; x_wconf 90' lang='lat' dir='ltr'><strong>tarn·</strong></span> 
     </span>
     <span class='ocr_line' id='line_1_7' title="bbox 286 1416 1536 1505; baseline -0.006 -21"><span class='ocrx_word' id='word_1_53' title='bbox 286 1439 385 1501; x_wconf 88' lang='lat' dir='ltr'><strong>quam</strong></span> <span class='ocrx_word' id='word_1_54' title='bbox 408 1419 551 1484; x_wconf 86' lang='lat' dir='ltr'><strong>condicio</strong></span> <span class='ocrx_word' id='word_1_55' title='bbox 573 1421 642 1485; x_wconf 86' lang='lat' dir='ltr'><strong>sine</strong></span> <span class='ocrx_word' id='word_1_56' title='bbox 666 1441 728 1505; x_wconf 76' lang='lat' dir='ltr'><strong>qna</strong></span> <span class='ocrx_word' id='word_1_57' title='bbox 747 1441 822 1484; x_wconf 89' lang='lat' dir='ltr'><strong>non.</strong></span> <span class='ocrx_word' id='word_1_58' title='bbox 854 1417 1023 1483; x_wconf 83' lang='lat' dir='ltr'><strong>Perillam</strong></span> <span class='ocrx_word' id='word_1_59' title='bbox 1040 1416 1126 1482; x_wconf 88' lang='lat' dir='ltr'><strong>enirn</strong></span> <span class='ocrx_word' id='word_1_60' title='bbox 1141 1416 1238 1481; x_wconf 91' lang='lat' dir='ltr'><strong>homo</strong></span> <span class='ocrx_word' id='word_1_61' title='bbox 1254 1418 1391 1481; x_wconf 88' lang='lat' dir='ltr'><strong>eatenus</strong></span> <span class='ocrx_word' id='word_1_62' title='bbox 1406 1416 1536 1480; x_wconf 85' lang='lat' dir='ltr'><strong>tantum</strong></span> 
     </span>
     <span class='ocr_line' id='line_1_8' title="bbox 286 1519 1537 1608; baseline -0.005 -18"><span class='ocrx_word' id='word_1_63' title='bbox 286 1545 323 1590; x_wconf 93' lang='lat' dir='ltr'><strong>se</strong></span> <span class='ocrx_word' id='word_1_64' title='bbox 346 1523 528 1608; x_wconf 88' lang='lat' dir='ltr'><strong>obligatum</strong></span> <span class='ocrx_word' id='word_1_65' title='bbox 552 1524 742 1591; x_wconf 84' lang='lat' dir='ltr'><strong>existimare</strong></span> <span class='ocrx_word' id='word_1_66' title='bbox 764 1527 886 1608; x_wconf 88' lang='lat' dir='ltr'><strong>potest,</strong></span> <span class='ocrx_word' id='word_1_67' title='bbox 911 1527 1073 1605; x_wconf 89' lang='lat' dir='ltr'><strong>quatenus</strong></span> <span class='ocrx_word' id='word_1_68' title='bbox 1088 1522 1153 1588; x_wconf 87' lang='lat' dir='ltr'><strong>iem</strong></span> <span class='ocrx_word' id='word_1_69' title='bbox 1170 1519 1414 1598; x_wconf 79' lang='lat' dir='ltr'>antecedenter,</span> <span class='ocrx_word' id='word_1_70' title='bbox 1439 1519 1537 1585; x_wconf 91' lang='lat' dir='ltr'><strong>adeo-</strong></span> 
     </span>
     <span class='ocr_line' id='line_1_9' title="bbox 287 1623 1538 1713; baseline -0.005 -17"><span class='ocrx_word' id='word_1_71' title='bbox 287 1651 350 1713; x_wconf 93' lang='lat' dir='ltr'><strong>que</strong></span> <span class='ocrx_word' id='word_1_72' title='bbox 371 1632 568 1696; x_wconf 75' lang='lat' dir='ltr'><strong>naturaiiter</strong></span> <span class='ocrx_word' id='word_1_73' title='bbox 589 1631 812 1713; x_wconf 89' lang='lat' dir='ltr'><strong>unusquisque</strong></span> <span class='ocrx_word' id='word_1_74' title='bbox 835 1629 1013 1712; x_wconf 74' lang='lat' dir='ltr'><strong>cognoscit,</strong></span> <span class='ocrx_word' id='word_1_75' title='bbox 1039 1629 1109 1694; x_wconf 92' lang='lat' dir='ltr'><strong>Deo</strong></span> <span class='ocrx_word' id='word_1_76' title='bbox 1131 1627 1304 1710; x_wconf 87' lang='lat' dir='ltr'><strong>quicquam</strong></span> <span class='ocrx_word' id='word_1_77' title='bbox 1323 1623 1538 1710; x_wconf 80' lang='lat' dir='ltr'><strong>praecipienti</strong></span> 
     </span>
     <span class='ocr_line' id='line_1_10' title="bbox 288 1733 1538 1820; baseline -0.004 -18"><span class='ocrx_word' id='word_1_78' title='bbox 288 1737 528 1804; x_wconf 83' lang='lat' dir='ltr'><strong>oboedientiam</strong></span> <span class='ocrx_word' id='word_1_79' title='bbox 544 1758 586 1802; x_wconf 83' lang='lat' dir='ltr'><strong>ex</strong></span> <span class='ocrx_word' id='word_1_80' title='bbox 602 1737 803 1820; x_wconf 91' lang='lat' dir='ltr'><strong>obligatione</strong></span> <span class='ocrx_word' id='word_1_81' title='bbox 823 1736 1056 1820; x_wconf 88' lang='lat' dir='ltr'><strong>praestandam</strong></span> <span class='ocrx_word' id='word_1_82' title='bbox 1081 1755 1162 1802; x_wconf 91' lang='lat' dir='ltr'><strong>esse.</strong></span> <span class='ocrx_word' id='word_1_83' title='bbox 1195 1733 1307 1816; x_wconf 84' lang='lat' dir='ltr'><strong>Atque</strong></span> <span class='ocrx_word' id='word_1_84' title='bbox 1329 1734 1377 1800; x_wconf 91' lang='lat' dir='ltr'><strong>ita</strong></span> <span class='ocrx_word' id='word_1_85' title='bbox 1400 1733 1455 1798; x_wconf 90' lang='lat' dir='ltr'><strong>lex</strong></span> <span class='ocrx_word' id='word_1_86' title='bbox 1478 1753 1538 1798; x_wconf 92' lang='lat' dir='ltr'><strong>na·</strong></span> 
     </span>
     <span class='ocr_line' id='line_1_11' title="bbox 287 1839 1538 1928; baseline -0.005 -18"><span class='ocrx_word' id='word_1_87' title='bbox 287 1843 406 1910; x_wconf 91' lang='lat' dir='ltr'><strong>turalis</strong></span> <span class='ocrx_word' id='word_1_88' title='bbox 437 1843 711 1928; x_wconf 83' lang='lat' dir='ltr'><strong>praerequisitam</strong></span> <span class='ocrx_word' id='word_1_89' title='bbox 740 1843 990 1909; x_wconf 85' lang='lat' dir='ltr'><strong>fundamentum</strong></span> <span class='ocrx_word' id='word_1_90' title='bbox 1022 1847 1083 1920; x_wconf 87' lang='lat' dir='ltr'><strong>est,</strong></span> <span class='ocrx_word' id='word_1_91' title='bbox 1119 1862 1182 1925; x_wconf 92' lang='lat' dir='ltr'><strong>quo</strong></span> <span class='ocrx_word' id='word_1_92' title='bbox 1214 1841 1288 1924; x_wconf 89' lang='lat' dir='ltr'><strong>ipsa</strong></span> <span class='ocrx_word' id='word_1_93' title='bbox 1313 1840 1368 1907; x_wconf 86' lang='lat' dir='ltr'><strong>lex</strong></span> <span class='ocrx_word' id='word_1_94' title='bbox 1394 1839 1538 1925; x_wconf 92' lang='lat' dir='ltr'><strong>positiva</strong></span> 
     </span>
     <span class='ocr_line' id='line_1_12' title="bbox 288 1949 1205 2034; baseline -0.002 -18"><span class='ocrx_word' id='word_1_95' title='bbox 288 1950 400 2017; x_wconf 89' lang='lat' dir='ltr'><strong>divina</strong></span> <span class='ocrx_word' id='word_1_96' title='bbox 422 1952 530 2034; x_wconf 92' lang='lat' dir='ltr'><strong>quoad</strong></span> <span class='ocrx_word' id='word_1_97' title='bbox 553 1951 621 2016; x_wconf 91' lang='lat' dir='ltr'><strong>vim</strong></span> <span class='ocrx_word' id='word_1_98' title='bbox 644 1949 812 2033; x_wconf 90' lang='lat' dir='ltr'><strong>obligandi</strong></span> <span class='ocrx_word' id='word_1_99' title='bbox 835 1949 961 2016; x_wconf 90' lang='lat' dir='ltr'><strong>nitatur</strong></span> <span class='ocrx_word' id='word_1_100' title='bbox 983 1969 1120 2014; x_wconf 89' lang='lat' dir='ltr'><strong>necesse</strong></span> <span class='ocrx_word' id='word_1_101' title='bbox 1143 1951 1205 2014; x_wconf 92' lang='lat' dir='ltr'><strong>est.</strong></span> 
     </span>
    </p>

    <p class='ocr_par' dir='ltr' id='par_1_4' title="bbox 289 2051 1538 2671">
     <span class='ocr_line' id='line_1_13' title="bbox 377 2051 1538 2139; baseline -0.005 -17"><span class='ocrx_word' id='word_1_102' title='bbox 377 2058 432 2122; x_wconf 84' lang='lat' dir='ltr'><strong>Ad</strong></span> <span class='ocrx_word' id='word_1_103' title='bbox 454 2060 477 2122; x_wconf 85' lang='lat'><strong><em>2</em></strong></span> <span class='ocrx_word' id='word_1_104' title='bbox 500 2056 587 2139; x_wconf 90' lang='lat' dir='ltr'><strong>quod</strong></span> <span class='ocrx_word' id='word_1_105' title='bbox 609 2055 742 2135; x_wconf 86' lang='lat' dir='ltr'><strong>attinet,</strong></span> <span class='ocrx_word' id='word_1_106' title='bbox 765 2055 799 2120; x_wconf 91' lang='lat' dir='ltr'><strong>id</strong></span> <span class='ocrx_word' id='word_1_107' title='bbox 821 2058 990 2138; x_wconf 88' lang='lat' dir='ltr'><strong>tamquam</strong></span> <span class='ocrx_word' id='word_1_108' title='bbox 1016 2053 1224 2120; x_wconf 88' lang='lat' dir='ltr'><strong>corollarium</strong></span> <span class='ocrx_word' id='word_1_109' title='bbox 1247 2073 1290 2120; x_wconf 87' lang='lat' dir='ltr'><strong>ex</strong></span> <span class='ocrx_word' id='word_1_110' title='bbox 1308 2052 1417 2137; x_wconf 91' lang='lat' dir='ltr'><strong>priore</strong></span> <span class='ocrx_word' id='word_1_111' title='bbox 1432 2051 1538 2118; x_wconf 89' lang='lat' dir='ltr'><strong>mani-</strong></span> 
     </span>
     <span class='ocr_line' id='line_1_14' title="bbox 289 2157 1538 2246; baseline -0.004 -18"><span class='ocrx_word' id='word_1_112' title='bbox 289 2165 376 2231; x_wconf 89' lang='lat' dir='ltr'><strong>feste</strong></span> <span class='ocrx_word' id='word_1_113' title='bbox 398 2162 618 2246; x_wconf 90' lang='lat' dir='ltr'><strong>consequitur.</strong></span> <span class='ocrx_word' id='word_1_114' title='bbox 665 2163 751 2229; x_wconf 81' lang='lat' dir='ltr'><strong>Tota</strong></span> <span class='ocrx_word' id='word_1_115' title='bbox 774 2162 861 2228; x_wconf 91' lang='lat' dir='ltr'><strong>enirn</strong></span> <span class='ocrx_word' id='word_1_116' title='bbox 883 2162 965 2227; x_wconf 86' lang='lat' dir='ltr'><strong>haec</strong></span> <span class='ocrx_word' id='word_1_117' title='bbox 989 2161 1096 2228; x_wconf 88' lang='lat' dir='ltr'><strong>altera</strong></span> <span class='ocrx_word' id='word_1_118' title='bbox 1118 2159 1310 2245; x_wconf 86' lang='lat' dir='ltr'><strong>hypothesis</strong></span> <span class='ocrx_word' id='word_1_119' title='bbox 1334 2159 1376 2226; x_wconf 91' lang='lat' dir='ltr'><strong>ad</strong></span> <span class='ocrx_word' id='word_1_120' title='bbox 1398 2157 1538 2243; x_wconf 89' lang='lat' dir='ltr'><strong>primam</strong></span> 
     </span>
     <span class='ocr_line' id='line_1_15' title="bbox 289 2264 1538 2353; baseline -0.003 -19"><span class='ocrx_word' id='word_1_121' title='bbox 289 2269 433 2336; x_wconf 90' lang='lat' dir='ltr'><strong>mediate</strong></span> <span class='ocrx_word' id='word_1_122' title='bbox 461 2269 639 2335; x_wconf 86' lang='lat' dir='ltr'><strong>reducitur.</strong></span> <span class='ocrx_word' id='word_1_123' title='bbox 684 2268 811 2353; x_wconf 82' lang='lat' dir='ltr'><strong>Quippe</strong></span> <span class='ocrx_word' id='word_1_124' title='bbox 843 2289 917 2334; x_wconf 89' lang='lat' dir='ltr'><strong>cum</strong></span> <span class='ocrx_word' id='word_1_125' title='bbox 948 2267 1092 2333; x_wconf 91' lang='lat' dir='ltr'><strong>humana</strong></span> <span class='ocrx_word' id='word_1_126' title='bbox 1125 2266 1306 2333; x_wconf 89' lang='lat' dir='ltr'><strong>auctoritas</strong></span> <span class='ocrx_word' id='word_1_127' title='bbox 1334 2264 1474 2348; x_wconf 73' lang='lat' dir='ltr'><strong>legifera</strong></span> <span class='ocrx_word' id='word_1_128' title='bbox 1504 2269 1538 2330; x_wconf 89' lang='lat' dir='ltr'><strong>et</strong></span> 
     </span>
     <span class='ocr_line' id='line_1_16' title="bbox 290 2371 1538 2459; baseline -0.003 -20"><span class='ocrx_word' id='word_1_129' title='bbox 290 2376 341 2441; x_wconf 88' lang='lat' dir='ltr'><strong>vis</strong></span> <span class='ocrx_word' id='word_1_130' title='bbox 364 2373 530 2457; x_wconf 88' lang='lat' dir='ltr'><strong>obligandi</strong></span> <span class='ocrx_word' id='word_1_131' title='bbox 553 2374 595 2439; x_wconf 90' lang='lat' dir='ltr'><strong>ab</strong></span> <span class='ocrx_word' id='word_1_132' title='bbox 619 2394 660 2440; x_wconf 89' lang='lat' dir='ltr'><strong>ea</strong></span> <span class='ocrx_word' id='word_1_133' title='bbox 682 2374 855 2440; x_wconf 84' lang='lat' dir='ltr'><strong>dimanans</strong></span> <span class='ocrx_word' id='word_1_134' title='bbox 877 2373 1026 2457; x_wconf 84' lang='lat' dir='ltr'><strong>proxime</strong></span> <span class='ocrx_word' id='word_1_135' title='bbox 1048 2373 1083 2438; x_wconf 94' lang='lat' dir='ltr'><strong>in</strong></span> <span class='ocrx_word' id='word_1_136' title='bbox 1105 2375 1240 2458; x_wconf 83' lang='lat' dir='ltr'><strong>positiva</strong></span> <span class='ocrx_word' id='word_1_137' title='bbox 1256 2375 1319 2459; x_wconf 75' lang='lat' dir='ltr'><strong>lege</strong></span> <span class='ocrx_word' id='word_1_138' title='bbox 1336 2373 1449 2437; x_wconf 82' lang='lat' dir='ltr'><strong>diuino</strong></span> <span class='ocrx_word' id='word_1_139' title='bbox 1464 2371 1538 2435; x_wconf 84' lang='lat' dir='ltr'><strong>fun-</strong></span> 
     </span>
     <span class='ocr_line' id='line_1_17' title="bbox 293 2477 1538 2560; baseline -0.005 -13"><span class='ocrx_word' id='word_1_140' title='bbox 293 2481 400 2558; x_wconf 89' lang='lat' dir='ltr'><strong>detur,</strong></span> <span class='ocrx_word' id='word_1_141' title='bbox 430 2481 527 2546; x_wconf 89' lang='lat' dir='ltr'><strong>simul</strong></span> <span class='ocrx_word' id='word_1_142' title='bbox 558 2501 632 2546; x_wconf 91' lang='lat' dir='ltr'><strong>eum</strong></span> <span class='ocrx_word' id='word_1_143' title='bbox 663 2481 726 2546; x_wconf 88' lang='lat' dir='ltr'><strong>hee</strong></span> <span class='ocrx_word' id='word_1_144' title='bbox 759 2483 794 2546; x_wconf 91' lang='lat' dir='ltr'><strong>et</strong></span> <span class='ocrx_word' id='word_1_145' title='bbox 822 2501 863 2546; x_wconf 91' lang='lat' dir='ltr'><strong>ea</strong></span> <span class='ocrx_word' id='word_1_146' title='bbox 891 2479 1057 2546; x_wconf 89' lang='lat' dir='ltr'><strong>mediante</strong></span> <span class='ocrx_word' id='word_1_147' title='bbox 1081 2478 1232 2545; x_wconf 90' lang='lat' dir='ltr'><strong>similiter</strong></span> <span class='ocrx_word' id='word_1_148' title='bbox 1255 2479 1384 2544; x_wconf 90' lang='lat' dir='ltr'><strong>demum</strong></span> <span class='ocrx_word' id='word_1_149' title='bbox 1408 2477 1442 2542; x_wconf 93' lang='lat' dir='ltr'><strong>iu</strong></span> <span class='ocrx_word' id='word_1_150' title='bbox 1465 2477 1538 2560; x_wconf 92' lang='lat' dir='ltr'><strong>lege</strong></span> 
     </span>
     <span class='ocr_line' id='line_1_18' title="bbox 292 2586 749 2671; baseline 0.007 -20"><span class='ocrx_word' id='word_1_151' title='bbox 292 2587 434 2652; x_wconf 89' lang='lat' dir='ltr'><strong>naturali</strong></span> <span class='ocrx_word' id='word_1_152' title='bbox 457 2586 585 2653; x_wconf 89' lang='lat' dir='ltr'><strong>nitatur</strong></span> <span class='ocrx_word' id='word_1_153' title='bbox 607 2590 749 2671; x_wconf 88' lang='lat' dir='ltr'><strong>oportet.</strong></span> 
     </span>
    </p>

    <p class='ocr_par' dir='ltr' id='par_1_5' title="bbox 292 2688 1539 2988">
     <span class='ocr_line' id='line_1_19' title="bbox 382 2688 1539 2778; baseline -0.004 -19"><span class='ocrx_word' id='word_1_154' title='bbox 382 2694 468 2778; x_wconf 71' lang='lat' dir='ltr'><strong>Ergo</strong></span> <span class='ocrx_word' id='word_1_155' title='bbox 497 2693 616 2760; x_wconf 91' lang='lat' dir='ltr'><strong>merito</strong></span> <span class='ocrx_word' id='word_1_156' title='bbox 647 2692 880 2771; x_wconf 86' lang='lat' dir='ltr'><strong>concludimus,</strong></span> <span class='ocrx_word' id='word_1_157' title='bbox 913 2692 1037 2758; x_wconf 88' lang='lat' dir='ltr'><strong>nullam</strong></span> <span class='ocrx_word' id='word_1_158' title='bbox 1067 2713 1140 2758; x_wconf 90' lang='lat' dir='ltr'><strong>esse</strong></span> <span class='ocrx_word' id='word_1_159' title='bbox 1171 2712 1268 2776; x_wconf 90' lang='lat' dir='ltr'><strong>posse</strong></span> <span class='ocrx_word' id='word_1_160' title='bbox 1297 2688 1539 2772; x_wconf 85' lang='lat' dir='ltr'><strong>legislationem</strong></span> 
     </span>
     <span class='ocr_line' id='line_1_20' title="bbox 292 2794 1539 2881; baseline -0.003 -17"><span class='ocrx_word' id='word_1_161' title='bbox 292 2798 479 2881; x_wconf 86' lang='lat' dir='ltr'><strong>positivam,</strong></span> <span class='ocrx_word' id='word_1_162' title='bbox 510 2819 595 2881; x_wconf 91' lang='lat' dir='ltr'><strong>quae</strong></span> <span class='ocrx_word' id='word_1_163' title='bbox 623 2819 689 2864; x_wconf 89' lang='lat' dir='ltr'><strong>nou</strong></span> <span class='ocrx_word' id='word_1_164' title='bbox 715 2799 833 2863; x_wconf 91' lang='lat' dir='ltr'><strong>saltem</strong></span> <span class='ocrx_word' id='word_1_165' title='bbox 858 2797 968 2880; x_wconf 91' lang='lat' dir='ltr'><strong>aliquo</strong></span> <span class='ocrx_word' id='word_1_166' title='bbox 991 2798 1088 2863; x_wconf 91' lang='lat' dir='ltr'><strong>modo</strong></span> <span class='ocrx_word' id='word_1_167' title='bbox 1111 2797 1281 2863; x_wconf 90' lang='lat' dir='ltr'><strong>reductive</strong></span> <span class='ocrx_word' id='word_1_168' title='bbox 1305 2799 1340 2862; x_wconf 90' lang='lat' dir='ltr'><strong>et</strong></span> <span class='ocrx_word' id='word_1_169' title='bbox 1362 2794 1539 2861; x_wconf 92' lang='lat' dir='ltr'><strong>ultimatim</strong></span> 
     </span>
     <span class='ocr_line' id='line_1_21' title="bbox 292 2904 779 2988; baseline -0.002 -19"><span class='ocrx_word' id='word_1_170' title='bbox 292 2905 326 2970; x_wconf 93' lang='lat' dir='ltr'><strong>in</strong></span> <span class='ocrx_word' id='word_1_171' title='bbox 349 2905 423 2988; x_wconf 92' lang='lat' dir='ltr'><strong>lege</strong></span> <span class='ocrx_word' id='word_1_172' title='bbox 445 2904 591 2971; x_wconf 88' lang='lat' dir='ltr'><strong>naturali</strong></span> <span class='ocrx_word' id='word_1_173' title='bbox 613 2904 779 2972; x_wconf 86' lang='lat' dir='ltr'><strong>fundetur.</strong></span> 
     </span>
    </p>

    <p class='ocr_par' dir='ltr' id='par_1_6' title="bbox 293 3007 1541 3398">
     <span class='ocr_line' id='line_1_22' title="bbox 382 3007 1540 3096; baseline -0.003 -20"><span class='ocrx_word' id='word_1_174' title='bbox 382 3010 503 3088; x_wconf 86' lang='lat' dir='ltr'><strong>Quodsi</strong></span> <span class='ocrx_word' id='word_1_175' title='bbox 525 3015 637 3078; x_wconf 91' lang='lat' dir='ltr'><strong>autem</strong></span> <span class='ocrx_word' id='word_1_176' title='bbox 659 3009 911 3096; x_wconf 87' lang='lat' dir='ltr'><strong>praescindatur</strong></span> <span class='ocrx_word' id='word_1_177' title='bbox 933 3010 975 3075; x_wconf 88' lang='lat' dir='ltr'><strong>ab</strong></span> <span class='ocrx_word' id='word_1_178' title='bbox 999 3031 1039 3076; x_wconf 94' lang='lat' dir='ltr'><strong>ea</strong></span> <span class='ocrx_word' id='word_1_179' title='bbox 1062 3010 1174 3076; x_wconf 86' lang='lat' dir='ltr'><strong>divine</strong></span> <span class='ocrx_word' id='word_1_180' title='bbox 1205 3007 1423 3094; x_wconf 85' lang='lat' dir='ltr'><strong>legislatione,</strong></span> <span class='ocrx_word' id='word_1_181' title='bbox 1456 3027 1540 3090; x_wconf 88' lang='lat' dir='ltr'><strong>quae</strong></span> 
     </span>
     <span class='ocr_line' id='line_1_23' title="bbox 293 3113 1539 3201; baseline -0.005 -18"><span class='ocrx_word' id='word_1_182' title='bbox 293 3117 417 3183; x_wconf 91' lang='lat' dir='ltr'><strong>directe</strong></span> <span class='ocrx_word' id='word_1_183' title='bbox 440 3118 546 3183; x_wconf 91' lang='lat' dir='ltr'><strong>solum</strong></span> <span class='ocrx_word' id='word_1_184' title='bbox 569 3117 716 3184; x_wconf 90' lang='lat' dir='ltr'><strong>ordinem</strong></span> <span class='ocrx_word' id='word_1_185' title='bbox 739 3118 1024 3201; x_wconf 87' lang='lat' dir='ltr'><strong>supernaturalem</strong></span> <span class='ocrx_word' id='word_1_186' title='bbox 1047 3138 1106 3201; x_wconf 90' lang='lat' dir='ltr'><strong>pro</strong></span> <span class='ocrx_word' id='word_1_187' title='bbox 1130 3117 1259 3184; x_wconf 91' lang='lat' dir='ltr'><strong>obiecto</strong></span> <span class='ocrx_word' id='word_1_188' title='bbox 1282 3115 1393 3194; x_wconf 87' lang='lat' dir='ltr'><strong>habet,</strong></span> <span class='ocrx_word' id='word_1_189' title='bbox 1425 3113 1539 3179; x_wconf 88' lang='lat' dir='ltr'><strong>eadem</strong></span> 
     </span>
     <span class='ocr_line' id='line_1_24' title="bbox 293 3222 1541 3308; baseline -0.003 -19"><span class='ocrx_word' id='word_1_190' title='bbox 293 3224 443 3290; x_wconf 88' lang='lat' dir='ltr'><strong>doctrina</strong></span> <span class='ocrx_word' id='word_1_191' title='bbox 460 3245 482 3290; x_wconf 91' lang='lat' dir='ltr'><strong>a</strong></span> <span class='ocrx_word' id='word_1_192' title='bbox 497 3224 530 3290; x_wconf 85' lang='lat' dir='ltr'><strong>S.</strong></span> <span class='ocrx_word' id='word_1_193' title='bbox 546 3223 672 3289; x_wconf 79' lang='lat' dir='ltr'><strong>Thema</strong></span> <span class='ocrx_word' id='word_1_194' title='bbox 687 3228 863 3308; x_wconf 88' lang='lat' dir='ltr'><strong>praeterea</strong></span> <span class='ocrx_word' id='word_1_195' title='bbox 877 3222 1013 3307; x_wconf 90' lang='lat' dir='ltr'><strong>speciali</strong></span> <span class='ocrx_word' id='word_1_196' title='bbox 1029 3222 1290 3289; x_wconf 84' lang='lat' dir='ltr'><strong>consideratione</strong></span> <span class='ocrx_word' id='word_1_197' title='bbox 1306 3226 1341 3289; x_wconf 90' lang='lat' dir='ltr'><strong>et</strong></span> <span class='ocrx_word' id='word_1_198' title='bbox 1355 3222 1541 3287; x_wconf 92' lang='lat' dir='ltr'><strong>illustratur</strong></span> 
     </span>
     <span class='ocr_line' id='line_1_25' title="bbox 293 3332 601 3398; baseline 0 -2"><span class='ocrx_word' id='word_1_199' title='bbox 293 3335 328 3396; x_wconf 91' lang='lat' dir='ltr'><strong>et</strong></span> <span class='ocrx_word' id='word_1_200' title='bbox 351 3332 601 3398; x_wconf 86' lang='lat' dir='ltr'><strong>confirmatur1:</strong></span> 
     </span>
    </p>
   </div>
   <div class='ocr_carea' id='block_1_3' title="bbox 292 3465 1541 3766">
    <p class='ocr_par' dir='ltr' id='par_1_7' title="bbox 292 3465 1541 3766">
     <span class='ocr_line' id='line_1_26' title="bbox 293 3465 1540 3554; baseline -0.004 -16"><span class='ocrx_word' id='word_1_201' title='bbox 293 3466 363 3539; x_wconf 77' lang='grc'><strong>293.</strong></span> <span class='ocrx_word' id='word_1_202' title='bbox 454 3465 615 3539; x_wconf 72' lang='lat' dir='ltr'><strong>Probatur</strong></span> <span class='ocrx_word' id='word_1_203' title='bbox 636 3465 679 3537; x_wconf 84' lang='lat'><strong>11⁰</strong></span> <span class='ocrx_word' id='word_1_204' title='bbox 703 3491 741 3535; x_wconf 76' lang='lat' dir='ltr'><strong>ex</strong></span> <span class='ocrx_word' id='word_1_205' title='bbox 761 3471 826 3553; x_wconf 82' lang='lat' dir='ltr'><strong>fine</strong></span> <span class='ocrx_word' id='word_1_206' title='bbox 838 3469 1022 3552; x_wconf 80' lang='lat' dir='ltr'><strong>formaliter</strong></span> <span class='ocrx_word' id='word_1_207' title='bbox 1037 3492 1100 3535; x_wconf 90' lang='lat' dir='ltr'><strong>nno</strong></span> <span class='ocrx_word' id='word_1_208' title='bbox 1117 3477 1145 3535; x_wconf 84' lang='lat' dir='ltr'><strong>et</strong></span> <span class='ocrx_word' id='word_1_209' title='bbox 1161 3473 1317 3536; x_wconf 82' lang='lat' dir='ltr'><strong>communi</strong></span> <span class='ocrx_word' id='word_1_210' title='bbox 1333 3472 1435 3535; x_wconf 81' lang='lat' dir='ltr'><strong>omnis</strong></span> <span class='ocrx_word' id='word_1_211' title='bbox 1450 3470 1540 3554; x_wconf 79' lang='lat' dir='ltr'><strong>lepis-</strong></span> 
     </span>
     <span class='ocr_line' id='line_1_27' title="bbox 292 3573 1540 3660; baseline 0 -20"><span class='ocrx_word' id='word_1_212' title='bbox 292 3576 422 3640; x_wconf 80' lang='lat' dir='ltr'><strong>iaiionis</strong></span> <span class='ocrx_word' id='word_1_213' title='bbox 452 3573 559 3652; x_wconf 81' lang='lat' dir='ltr'><strong>(inire</strong></span> <span class='ocrx_word' id='word_1_214' title='bbox 587 3577 702 3641; x_wconf 80' lang='lat' dir='ltr'><strong>limites</strong></span> <span class='ocrx_word' id='word_1_215' title='bbox 733 3577 859 3641; x_wconf 80' lang='lat' dir='ltr'><strong>ordinis</strong></span> <span class='ocrx_word' id='word_1_216' title='bbox 888 3577 1078 3660; x_wconf 79' lang='lat' dir='ltr'><strong>naturalia).</strong></span> <span class='ocrx_word' id='word_1_217' title='bbox 1102 3614 1146 3623; x_wconf 94' lang='lat'>—</span> <span class='ocrx_word' id='word_1_218' title='bbox 1170 3575 1283 3642; x_wconf 88' lang='lat' dir='ltr'><strong>Omnis</strong></span> <span class='ocrx_word' id='word_1_219' title='bbox 1313 3577 1368 3642; x_wconf 85' lang='lat' dir='ltr'><strong>lex</strong></span> <span class='ocrx_word' id='word_1_220' title='bbox 1395 3574 1540 3659; x_wconf 87' lang='lat' dir='ltr'><strong>positiva</strong></span> 
     </span>
     <span class='ocr_line' id='line_1_28' title="bbox 292 3679 1541 3766; baseline 0.002 -22"><span class='ocrx_word' id='word_1_221' title='bbox 292 3700 367 3744; x_wconf 91' lang='lat' dir='ltr'><strong>curn</strong></span> <span class='ocrx_word' id='word_1_222' title='bbox 398 3679 474 3761; x_wconf 90' lang='lat' dir='ltr'><strong>lege</strong></span> <span class='ocrx_word' id='word_1_223' title='bbox 507 3683 645 3746; x_wconf 90' lang='lat' dir='ltr'><strong>naturae</strong></span> <span class='ocrx_word' id='word_1_224' title='bbox 676 3680 710 3745; x_wconf 92' lang='lat' dir='ltr'><strong>in</strong></span> <span class='ocrx_word' id='word_1_225' title='bbox 743 3682 906 3747; x_wconf 89' lang='lat' dir='ltr'><strong>communi</strong></span> <span class='ocrx_word' id='word_1_226' title='bbox 937 3683 1055 3749; x_wconf 88' lang='lat' dir='ltr'><strong>saltem</strong></span> <span class='ocrx_word' id='word_1_227' title='bbox 1089 3683 1216 3749; x_wconf 88' lang='lat' dir='ltr'><strong>ratione</strong></span> <span class='ocrx_word' id='word_1_228' title='bbox 1248 3681 1332 3766; x_wconf 90' lang='lat' dir='ltr'><strong>legis</strong></span> <span class='ocrx_word' id='word_1_229' title='bbox 1366 3681 1541 3748; x_wconf 89' lang='lat' dir='ltr'><strong>conveniat</strong></span> 
     </span>
    </p>
   </div>
   <div class='ocr_carea' id='block_1_4' title="bbox 292 3905 1542 5126">
    <p class='ocr_par' dir='ltr' id='par_1_8' title="bbox 292 3905 1542 5126">
     <span class='ocr_line' id='line_1_29' title="bbox 386 3905 1539 3978; baseline -0.001 -19"><span class='ocrx_word' id='word_1_230' title='bbox 386 3907 395 3939; x_wconf 89' lang='lat'><strong>¹</strong></span> <span class='ocrx_word' id='word_1_231' title='bbox 413 3905 440 3962; x_wconf 86' lang='lat' dir='ltr'><strong>S.</strong></span> <span class='ocrx_word' id='word_1_232' title='bbox 459 3905 542 3960; x_wconf 89' lang='lat' dir='ltr'><strong>theol.</strong></span> <span class='ocrx_word' id='word_1_233' title='bbox 564 3907 588 3970; x_wconf 93' lang='lat' dir='ltr'><strong>l,</strong></span> <span class='ocrx_word' id='word_1_234' title='bbox 608 3906 633 3972; x_wconf 86' lang='lat'><strong>2,</strong></span> <span class='ocrx_word' id='word_1_235' title='bbox 652 3924 679 3975; x_wconf 89' lang='lat' dir='ltr'><strong>q.</strong></span> <span class='ocrx_word' id='word_1_236' title='bbox 697 3908 741 3972; x_wconf 82' lang='lat'><strong>95,</strong></span> <span class='ocrx_word' id='word_1_237' title='bbox 760 3924 785 3961; x_wconf 90' lang='lat' dir='ltr'><strong>a.</strong></span> <span class='ocrx_word' id='word_1_238' title='bbox 804 3907 834 3962; x_wconf 80' lang='lat'><strong>2:</strong></span> <span class='ocrx_word' id='word_1_239' title='bbox 857 3906 1014 3974; x_wconf 86' lang='lat' dir='ltr'><strong>‚Sciendum</strong></span> <span class='ocrx_word' id='word_1_240' title='bbox 1035 3912 1086 3974; x_wconf 89' lang='lat' dir='ltr'><strong>est,</strong></span> <span class='ocrx_word' id='word_1_241' title='bbox 1113 3909 1184 3978; x_wconf 91' lang='lat' dir='ltr'><strong>quod</strong></span> <span class='ocrx_word' id='word_1_242' title='bbox 1204 3927 1220 3962; x_wconf 91' lang='lat' dir='ltr'><strong>a</strong></span> <span class='ocrx_word' id='word_1_243' title='bbox 1238 3908 1299 3977; x_wconf 89' lang='lat' dir='ltr'><strong>lege</strong></span> <span class='ocrx_word' id='word_1_244' title='bbox 1316 3907 1435 3962; x_wconf 86' lang='lat' dir='ltr'><strong>naturali</strong></span> <span class='ocrx_word' id='word_1_245' title='bbox 1454 3906 1539 3978; x_wconf 89' lang='lat' dir='ltr'><strong>dupli·</strong></span> 
     </span>
     <span class='ocr_line' id='line_1_30' title="bbox 292 3993 1540 4066; baseline 0 -18"><span class='ocrx_word' id='word_1_246' title='bbox 292 3995 363 4048; x_wconf 90' lang='lat' dir='ltr'><strong>citer</strong></span> <span class='ocrx_word' id='word_1_247' title='bbox 375 3997 467 4064; x_wconf 88' lang='lat' dir='ltr'><strong>potest</strong></span> <span class='ocrx_word' id='word_1_248' title='bbox 484 3993 589 4063; x_wconf 90' lang='lat' dir='ltr'><strong>aliquid</strong></span> <span class='ocrx_word' id='word_1_249' title='bbox 606 3994 741 4049; x_wconf 89' lang='lat' dir='ltr'><strong>derivari:</strong></span> <span class='ocrx_word' id='word_1_250' title='bbox 768 4011 822 4048; x_wconf 94' lang='lat' dir='ltr'><strong>uno</strong></span> <span class='ocrx_word' id='word_1_251' title='bbox 845 3995 923 4049; x_wconf 90' lang='lat' dir='ltr'><strong>modo</strong></span> <span class='ocrx_word' id='word_1_252' title='bbox 942 3996 1014 4050; x_wconf 90' lang='lat' dir='ltr'><strong>sicut</strong></span> <span class='ocrx_word' id='word_1_253' title='bbox 1033 3995 1220 4051; x_wconf 87' lang='lat' dir='ltr'><strong>conclusiones</strong></span> <span class='ocrx_word' id='word_1_254' title='bbox 1246 4014 1281 4050; x_wconf 90' lang='lat' dir='ltr'><strong>ex</strong></span> <span class='ocrx_word' id='word_1_255' title='bbox 1306 3995 1461 4066; x_wconf 87' lang='lat' dir='ltr'><strong>principiis,</strong></span> <span class='ocrx_word' id='word_1_256' title='bbox 1486 3993 1540 4049; x_wconf 93' lang='lat' dir='ltr'><strong>alio</strong></span> 
     </span>
     <span class='ocr_line' id='line_1_31' title="bbox 292 4083 1540 4154; baseline 0 -18"><span class='ocrx_word' id='word_1_257' title='bbox 292 4083 372 4137; x_wconf 90' lang='lat' dir='ltr'><strong>modo</strong></span> <span class='ocrx_word' id='word_1_258' title='bbox 395 4083 469 4138; x_wconf 84' lang='lat' dir='ltr'><strong>sicut</strong></span> <span class='ocrx_word' id='word_1_259' title='bbox 492 4085 728 4138; x_wconf 77' lang='lat' dir='ltr'><strong>determinationes</strong></span> <span class='ocrx_word' id='word_1_260' title='bbox 746 4087 878 4153; x_wconf 81' lang='lat' dir='ltr'><strong>quaedam</strong></span> <span class='ocrx_word' id='word_1_261' title='bbox 901 4087 1058 4154; x_wconf 69' lang='lat' dir='ltr'><strong>aliquorum</strong></span> <span class='ocrx_word' id='word_1_262' title='bbox 1076 4089 1266 4140; x_wconf 76' lang='lat' dir='ltr'><strong>eoenmnninm.</strong></span> <span class='ocrx_word' id='word_1_263' title='bbox 1304 4084 1412 4138; x_wconf 89' lang='lat' dir='ltr'><strong>Primus</strong></span> <span class='ocrx_word' id='word_1_264' title='bbox 1431 4084 1540 4153; x_wconf 90' lang='lat' dir='ltr'><strong>quidem</strong></span> 
     </span>
     <span class='ocr_line' id='line_1_32' title="bbox 292 4171 1540 4245; baseline 0 -20"><span class='ocrx_word' id='word_1_265' title='bbox 292 4172 389 4226; x_wconf 89' lang='lat' dir='ltr'><strong>modus</strong></span> <span class='ocrx_word' id='word_1_266' title='bbox 407 4171 505 4227; x_wconf 86' lang='lat' dir='ltr'><strong>similis</strong></span> <span class='ocrx_word' id='word_1_267' title='bbox 523 4177 567 4226; x_wconf 85' lang='lat' dir='ltr'><strong>est</strong></span> <span class='ocrx_word' id='word_1_268' title='bbox 585 4173 619 4239; x_wconf 91' lang='lat' dir='ltr'><strong>ei,</strong></span> <span class='ocrx_word' id='word_1_269' title='bbox 638 4190 691 4242; x_wconf 90' lang='lat' dir='ltr'><strong>quo</strong></span> <span class='ocrx_word' id='word_1_270' title='bbox 709 4173 739 4226; x_wconf 92' lang='lat' dir='ltr'><strong>in</strong></span> <span class='ocrx_word' id='word_1_271' title='bbox 756 4173 880 4228; x_wconf 90' lang='lat' dir='ltr'><strong>scientiis</strong></span> <span class='ocrx_word' id='word_1_272' title='bbox 898 4192 934 4228; x_wconf 87' lang='lat' dir='ltr'><strong>ex</strong></span> <span class='ocrx_word' id='word_1_273' title='bbox 951 4176 1093 4245; x_wconf 89' lang='lat' dir='ltr'><strong>principiis</strong></span> <span class='ocrx_word' id='word_1_274' title='bbox 1110 4175 1296 4230; x_wconf 89' lang='lat' dir='ltr'><strong>conclusiones</strong></span> <span class='ocrx_word' id='word_1_275' title='bbox 1309 4173 1540 4228; x_wconf 87' lang='lat' dir='ltr'><strong>demonstrativae</strong></span> 
     </span>
     <span class='ocr_line' id='line_1_33' title="bbox 292 4260 1541 4332; baseline 0.001 -19"><span class='ocrx_word' id='word_1_276' title='bbox 292 4260 494 4330; x_wconf 83' lang='lat' dir='ltr'><strong>producuntur;</strong></span> <span class='ocrx_word' id='word_1_277' title='bbox 514 4260 634 4314; x_wconf 89' lang='lat' dir='ltr'><strong>secundo</strong></span> <span class='ocrx_word' id='word_1_278' title='bbox 652 4278 718 4314; x_wconf 90' lang='lat' dir='ltr'><strong>vero</strong></span> <span class='ocrx_word' id='word_1_279' title='bbox 736 4261 815 4315; x_wconf 90' lang='lat' dir='ltr'><strong>modo</strong></span> <span class='ocrx_word' id='word_1_280' title='bbox 833 4261 923 4316; x_wconf 89' lang='lat' dir='ltr'><strong>simile</strong></span> <span class='ocrx_word' id='word_1_281' title='bbox 942 4264 992 4328; x_wconf 89' lang='lat' dir='ltr'><strong>est,</strong></span> <span class='ocrx_word' id='word_1_282' title='bbox 1012 4263 1084 4332; x_wconf 92' lang='lat' dir='ltr'><strong>quod</strong></span> <span class='ocrx_word' id='word_1_283' title='bbox 1103 4263 1131 4317; x_wconf 92' lang='lat' dir='ltr'><strong>in</strong></span> <span class='ocrx_word' id='word_1_284' title='bbox 1149 4264 1256 4318; x_wconf 86' lang='lat' dir='ltr'><strong>artibus</strong></span> <span class='ocrx_word' id='word_1_285' title='bbox 1273 4265 1380 4330; x_wconf 78' lang='lat' dir='ltr'><strong>formae</strong></span> <span class='ocrx_word' id='word_1_286' title='bbox 1391 4277 1541 4316; x_wconf 80' lang='lat' dir='ltr'><strong>communes</strong></span> 
     </span>
     <span class='ocr_line' id='line_1_34' title="bbox 292 4349 1539 4418; baseline 0.002 -17"><span class='ocrx_word' id='word_1_287' title='bbox 292 4350 510 4401; x_wconf 80' lang='lat' dir='ltr'><strong>deterrninnntnr</strong></span> <span class='ocrx_word' id='word_1_288' title='bbox 527 4349 565 4400; x_wconf 85' lang='lat' dir='ltr'><strong>cd</strong></span> <span class='ocrx_word' id='word_1_289' title='bbox 583 4351 690 4417; x_wconf 82' lang='lat' dir='ltr'><strong>aliquid</strong></span> <span class='ocrx_word' id='word_1_290' title='bbox 707 4351 828 4418; x_wconf 69' lang='lat' dir='ltr'><strong>aperiok,</strong></span> <span class='ocrx_word' id='word_1_291' title='bbox 847 4349 920 4403; x_wconf 91' lang='lat' dir='ltr'><strong>sicut</strong></span> <span class='ocrx_word' id='word_1_292' title='bbox 938 4350 1040 4404; x_wconf 85' lang='lat' dir='ltr'><strong>artilex</strong></span> <span class='ocrx_word' id='word_1_293' title='bbox 1059 4351 1174 4406; x_wconf 84' lang='lat' dir='ltr'><strong>forruam</strong></span> <span class='ocrx_word' id='word_1_294' title='bbox 1193 4367 1362 4406; x_wconf 90' lang='lat' dir='ltr'><strong>communem</strong></span> <span class='ocrx_word' id='word_1_295' title='bbox 1381 4350 1476 4404; x_wconf 89' lang='lat' dir='ltr'><strong>domus</strong></span> <span class='ocrx_word' id='word_1_296' title='bbox 1495 4366 1539 4403; x_wconf 92' lang='lat' dir='ltr'><strong>ne·</strong></span> 
     </span>
     <span class='ocr_line' id='line_1_35' title="bbox 292 4435 1541 4507; baseline 0.002 -20"><span class='ocrx_word' id='word_1_297' title='bbox 292 4451 371 4489; x_wconf 86' lang='lat' dir='ltr'><strong>cesse</strong></span> <span class='ocrx_word' id='word_1_298' title='bbox 389 4439 432 4488; x_wconf 88' lang='lat' dir='ltr'><strong>est</strong></span> <span class='ocrx_word' id='word_1_299' title='bbox 450 4435 521 4503; x_wconf 90' lang='lat' dir='ltr'><strong>quod</strong></span> <span class='ocrx_word' id='word_1_300' title='bbox 540 4435 704 4489; x_wconf 86' lang='lat' dir='ltr'><strong>determinet</strong></span> <span class='ocrx_word' id='word_1_301' title='bbox 722 4437 756 4489; x_wconf 92' lang='lat' dir='ltr'><strong>ad</strong></span> <span class='ocrx_word' id='word_1_302' title='bbox 775 4436 846 4491; x_wconf 86' lang='lat' dir='ltr'><strong>hanc</strong></span> <span class='ocrx_word' id='word_1_303' title='bbox 864 4436 910 4490; x_wconf 87' lang='lat' dir='ltr'><strong>vel</strong></span> <span class='ocrx_word' id='word_1_304' title='bbox 929 4437 1005 4491; x_wconf 89' lang='lat' dir='ltr'><strong>illam</strong></span> <span class='ocrx_word' id='word_1_305' title='bbox 1024 4438 1120 4493; x_wconf 89' lang='lat' dir='ltr'><strong>domus</strong></span> <span class='ocrx_word' id='word_1_306' title='bbox 1138 4440 1263 4507; x_wconf 86' lang='lat' dir='ltr'><strong>figuram.</strong></span> <span class='ocrx_word' id='word_1_307' title='bbox 1290 4437 1457 4492; x_wconf 88' lang='lat' dir='ltr'><strong>Derivautur</strong></span> <span class='ocrx_word' id='word_1_308' title='bbox 1475 4453 1541 4505; x_wconf 89' lang='lat' dir='ltr'><strong>ergo</strong></span> 
     </span>
     <span class='ocr_line' id='line_1_36' title="bbox 293 4521 1540 4596; baseline 0.002 -20"><span class='ocrx_word' id='word_1_309' title='bbox 293 4521 425 4592; x_wconf 87' lang='lat' dir='ltr'><strong>quasdam</strong></span> <span class='ocrx_word' id='word_1_310' title='bbox 446 4539 462 4575; x_wconf 93' lang='lat' dir='ltr'><strong>a</strong></span> <span class='ocrx_word' id='word_1_311' title='bbox 480 4522 622 4592; x_wconf 87' lang='lat' dir='ltr'><strong>principiis</strong></span> <span class='ocrx_word' id='word_1_312' title='bbox 640 4523 828 4577; x_wconf 89' lang='lat' dir='ltr'><strong>communibus</strong></span> <span class='ocrx_word' id='word_1_313' title='bbox 852 4523 924 4591; x_wconf 90' lang='lat' dir='ltr'><strong>legis</strong></span> <span class='ocrx_word' id='word_1_314' title='bbox 948 4528 1064 4580; x_wconf 89' lang='lat' dir='ltr'><strong>naturae</strong></span> <span class='ocrx_word' id='word_1_315' title='bbox 1082 4543 1131 4596; x_wconf 88' lang='lat' dir='ltr'><strong>per</strong></span> <span class='ocrx_word' id='word_1_316' title='bbox 1148 4528 1257 4582; x_wconf 90' lang='lat' dir='ltr'><strong>modum</strong></span> <span class='ocrx_word' id='word_1_317' title='bbox 1276 4525 1540 4580; x_wconf 87' lang='lat' dir='ltr'><strong>conclusionum...</strong></span> 
     </span>
     <span class='ocr_line' id='line_1_37' title="bbox 293 4609 1540 4683; baseline 0.005 -21"><span class='ocrx_word' id='word_1_318' title='bbox 293 4609 427 4680; x_wconf 83' lang='lat' dir='ltr'><strong>quaedam</strong></span> <span class='ocrx_word' id='word_1_319' title='bbox 446 4627 512 4664; x_wconf 89' lang='lat' dir='ltr'><strong>vero</strong></span> <span class='ocrx_word' id='word_1_320' title='bbox 525 4629 579 4680; x_wconf 87' lang='lat' dir='ltr'><strong>per</strong></span> <span class='ocrx_word' id='word_1_321' title='bbox 596 4614 705 4666; x_wconf 73' lang='lat' dir='ltr'><strong>modm</strong></span> <span class='ocrx_word' id='word_1_322' title='bbox 722 4614 955 4667; x_wconf 70' lang='lat' dir='ltr'><strong>determinationis</strong></span> <span class='ocrx_word' id='word_1_323' title='bbox 960 4654 970 4683; x_wconf 86' lang='lat'><strong>,</strong></span> <span class='ocrx_word' id='word_1_324' title='bbox 997 4613 1069 4668; x_wconf 90' lang='lat' dir='ltr'><strong>siout</strong></span> <span class='ocrx_word' id='word_1_325' title='bbox 1088 4614 1135 4668; x_wconf 87' lang='lat' dir='ltr'><strong>lex</strong></span> <span class='ocrx_word' id='word_1_326' title='bbox 1153 4618 1268 4669; x_wconf 88' lang='lat' dir='ltr'><strong>naturae</strong></span> <span class='ocrx_word' id='word_1_327' title='bbox 1286 4613 1384 4680; x_wconf 87' lang='lat' dir='ltr'><strong>habet,</strong></span> <span class='ocrx_word' id='word_1_328' title='bbox 1403 4613 1475 4682; x_wconf 90' lang='lat' dir='ltr'><strong>quod</strong></span> <span class='ocrx_word' id='word_1_329' title='bbox 1494 4613 1540 4668; x_wconf 86' lang='lat' dir='ltr'><strong>ille</strong></span> 
     </span>
     <span class='ocr_line' id='line_1_38' title="bbox 293 4697 1540 4775; baseline 0.006 -24"><span class='ocrx_word' id='word_1_330' title='bbox 293 4697 341 4768; x_wconf 89' lang='lat' dir='ltr'><strong>qui</strong></span> <span class='ocrx_word' id='word_1_331' title='bbox 359 4700 456 4766; x_wconf 90' lang='lat' dir='ltr'><strong>peccat</strong></span> <span class='ocrx_word' id='word_1_332' title='bbox 473 4699 617 4767; x_wconf 88' lang='lat' dir='ltr'><strong>puniatur;</strong></span> <span class='ocrx_word' id='word_1_333' title='bbox 643 4700 691 4754; x_wconf 87' lang='lat' dir='ltr'><strong>ssd</strong></span> <span class='ocrx_word' id='word_1_334' title='bbox 711 4701 783 4770; x_wconf 90' lang='lat' dir='ltr'><strong>quod</strong></span> <span class='ocrx_word' id='word_1_335' title='bbox 800 4701 851 4755; x_wconf 89' lang='lat' dir='ltr'><strong>tali</strong></span> <span class='ocrx_word' id='word_1_336' title='bbox 869 4719 957 4772; x_wconf 85' lang='lat' dir='ltr'><strong>poena</strong></span> <span class='ocrx_word' id='word_1_337' title='bbox 974 4703 1021 4758; x_wconf 88' lang='lat' dir='ltr'><strong>vel</strong></span> <span class='ocrx_word' id='word_1_338' title='bbox 1039 4703 1088 4758; x_wconf 87' lang='lat' dir='ltr'><strong>tali</strong></span> <span class='ocrx_word' id='word_1_339' title='bbox 1107 4703 1251 4775; x_wconf 89' lang='lat' dir='ltr'><strong>puniatur,</strong></span> <span class='ocrx_word' id='word_1_340' title='bbox 1276 4703 1328 4758; x_wconf 87' lang='lat' dir='ltr'><strong>boc</strong></span> <span class='ocrx_word' id='word_1_341' title='bbox 1346 4706 1389 4758; x_wconf 90' lang='lat' dir='ltr'><strong>est</strong></span> <span class='ocrx_word' id='word_1_342' title='bbox 1408 4703 1540 4773; x_wconf 86' lang='lat' dir='ltr'><strong>quaedam</strong></span> 
     </span>
     <span class='ocr_line' id='line_1_39' title="bbox 293 4785 1541 4862; baseline 0.005 -20"><span class='ocrx_word' id='word_1_343' title='bbox 293 4787 483 4842; x_wconf 86' lang='lat' dir='ltr'><strong>determinatio</strong></span> <span class='ocrx_word' id='word_1_344' title='bbox 501 4785 571 4856; x_wconf 87' lang='lat' dir='ltr'><strong>legis</strong></span> <span class='ocrx_word' id='word_1_345' title='bbox 588 4792 711 4844; x_wconf 88' lang='lat' dir='ltr'><strong>naturae.</strong></span> <span class='ocrx_word' id='word_1_346' title='bbox 743 4791 866 4860; x_wconf 88' lang='lat' dir='ltr'><strong>Utraque</strong></span> <span class='ocrx_word' id='word_1_347' title='bbox 884 4791 969 4860; x_wconf 87' lang='lat' dir='ltr'><strong>igitur</strong></span> <span class='ocrx_word' id='word_1_348' title='bbox 987 4793 1164 4848; x_wconf 87' lang='lat' dir='ltr'><strong>inveniuntur</strong></span> <span class='ocrx_word' id='word_1_349' title='bbox 1181 4794 1209 4847; x_wconf 90' lang='lat' dir='ltr'><strong>in</strong></span> <span class='ocrx_word' id='word_1_350' title='bbox 1227 4793 1289 4861; x_wconf 90' lang='lat' dir='ltr'><strong>lege</strong></span> <span class='ocrx_word' id='word_1_351' title='bbox 1307 4793 1425 4847; x_wconf 88' lang='lat' dir='ltr'><strong>humana</strong></span> <span class='ocrx_word' id='word_1_352' title='bbox 1444 4793 1541 4862; x_wconf 86' lang='lat' dir='ltr'><strong>posita.</strong></span> 
     </span>
     <span class='ocr_line' id='line_1_40' title="bbox 292 4876 1542 4952; baseline 0.003 -21"><span class='ocrx_word' id='word_1_353' title='bbox 292 4876 347 4931; x_wconf 86' lang='lat' dir='ltr'><strong>Sed</strong></span> <span class='ocrx_word' id='word_1_354' title='bbox 365 4892 406 4941; x_wconf 88' lang='lat' dir='ltr'><strong>ea,</strong></span> <span class='ocrx_word' id='word_1_355' title='bbox 425 4893 495 4946; x_wconf 88' lang='lat' dir='ltr'><strong>quae</strong></span> <span class='ocrx_word' id='word_1_356' title='bbox 513 4881 578 4930; x_wconf 86' lang='lat' dir='ltr'><strong>sunt</strong></span> <span class='ocrx_word' id='word_1_357' title='bbox 595 4877 676 4948; x_wconf 89' lang='lat' dir='ltr'><strong>primi</strong></span> <span class='ocrx_word' id='word_1_358' title='bbox 695 4879 781 4942; x_wconf 86' lang='lat' dir='ltr'><strong>modi,</strong></span> <span class='ocrx_word' id='word_1_359' title='bbox 801 4880 975 4935; x_wconf 87' lang='lat' dir='ltr'><strong>continentur</strong></span> <span class='ocrx_word' id='word_1_360' title='bbox 992 4883 1020 4935; x_wconf 91' lang='lat' dir='ltr'><strong>in</strong></span> <span class='ocrx_word' id='word_1_361' title='bbox 1039 4881 1099 4952; x_wconf 87' lang='lat' dir='ltr'><strong>lege</strong></span> <span class='ocrx_word' id='word_1_362' title='bbox 1117 4881 1237 4936; x_wconf 88' lang='lat' dir='ltr'><strong>humana</strong></span> <span class='ocrx_word' id='word_1_363' title='bbox 1255 4899 1309 4937; x_wconf 91' lang='lat' dir='ltr'><strong>non</strong></span> <span class='ocrx_word' id='word_1_364' title='bbox 1327 4885 1467 4952; x_wconf 87' lang='lat' dir='ltr'><strong>tamquam</strong></span> <span class='ocrx_word' id='word_1_365' title='bbox 1486 4883 1542 4936; x_wconf 90' lang='lat' dir='ltr'><strong>sint</strong></span> 
     </span>
     <span class='ocr_line' id='line_1_41' title="bbox 292 4966 1540 5040; baseline 0.004 -19"><span class='ocrx_word' id='word_1_366' title='bbox 292 4967 382 5022; x_wconf 87' lang='lat' dir='ltr'><strong>solum</strong></span> <span class='ocrx_word' id='word_1_367' title='bbox 400 4967 462 5036; x_wconf 87' lang='lat' dir='ltr'><strong>legs</strong></span> <span class='ocrx_word' id='word_1_368' title='bbox 480 4966 580 5036; x_wconf 89' lang='lat' dir='ltr'><strong>posita,</strong></span> <span class='ocrx_word' id='word_1_369' title='bbox 600 4967 648 5021; x_wconf 89' lang='lat' dir='ltr'><strong>ssd</strong></span> <span class='ocrx_word' id='word_1_370' title='bbox 666 4967 769 5022; x_wconf 86' lang='lat' dir='ltr'><strong>habent</strong></span> <span class='ocrx_word' id='word_1_371' title='bbox 787 4970 869 5023; x_wconf 88' lang='lat' dir='ltr'><strong>etiam</strong></span> <span class='ocrx_word' id='word_1_372' title='bbox 888 4970 991 5040; x_wconf 89' lang='lat' dir='ltr'><strong>aliquid</strong></span> <span class='ocrx_word' id='word_1_373' title='bbox 1010 4971 1113 5038; x_wconf 84' lang='lat' dir='ltr'><strong>vigoris</strong></span> <span class='ocrx_word' id='word_1_374' title='bbox 1132 4971 1246 5039; x_wconf 83' lang='lat' dir='ltr'><strong>exlege</strong></span> <span class='ocrx_word' id='word_1_375' title='bbox 1265 4972 1392 5028; x_wconf 86' lang='lat' dir='ltr'><strong>naturali.</strong></span> <span class='ocrx_word' id='word_1_376' title='bbox 1429 4971 1481 5026; x_wconf 85' lang='lat' dir='ltr'><strong>Sed</strong></span> <span class='ocrx_word' id='word_1_377' title='bbox 1500 4988 1540 5038; x_wconf 89' lang='lat' dir='ltr'><strong>oa,</strong></span> 
     </span>
     <span class='ocr_line' id='line_1_42' title="bbox 293 5055 1313 5126; baseline 0.005 -17"><span class='ocrx_word' id='word_1_378' title='bbox 293 5072 364 5124; x_wconf 90' lang='lat' dir='ltr'><strong>quae</strong></span> <span class='ocrx_word' id='word_1_379' title='bbox 383 5057 447 5110; x_wconf 89' lang='lat' dir='ltr'><strong>sunt</strong></span> <span class='ocrx_word' id='word_1_380' title='bbox 465 5055 577 5108; x_wconf 88' lang='lat' dir='ltr'><strong>secundi</strong></span> <span class='ocrx_word' id='word_1_381' title='bbox 596 5055 678 5122; x_wconf 87' lang='lat' dir='ltr'><strong>modi,</strong></span> <span class='ocrx_word' id='word_1_382' title='bbox 697 5073 732 5110; x_wconf 87' lang='lat' dir='ltr'><strong>ex</strong></span> <span class='ocrx_word' id='word_1_383' title='bbox 750 5057 811 5111; x_wconf 87' lang='lat' dir='ltr'><strong>sola</strong></span> <span class='ocrx_word' id='word_1_384' title='bbox 828 5057 890 5126; x_wconf 84' lang='lat' dir='ltr'><strong>legs</strong></span> <span class='ocrx_word' id='word_1_385' title='bbox 909 5058 1029 5112; x_wconf 86' lang='lat' dir='ltr'><strong>bumana</strong></span> <span class='ocrx_word' id='word_1_386' title='bbox 1047 5059 1169 5126; x_wconf 89' lang='lat' dir='ltr'><strong>vigorem</strong></span> <span class='ocrx_word' id='word_1_387' title='bbox 1188 5059 1313 5116; x_wconf 66' lang='lat' dir='ltr'><strong>irritent.u</strong></span> 
     </span>
    </p>
   </div>
   <div class='ocr_carea' id='block_1_5' title="bbox 0 0 1968 5842">
    <p class='ocr_par' dir='ltr' id='par_1_9' title="bbox 0 0 1968 5842">
     <span class='ocr_line' id='line_1_43' title="bbox 0 0 1968 5842; baseline 0 0"><span class='ocrx_word' id='word_1_388' title='bbox 0 0 1968 5842; x_wconf 95' lang='lat' dir='ltr'><strong> </strong></span> 
     </span>
    </p>
   </div>
  </div>
 </body>
</html>
