3909 5842
429 652 471 717 24
657 648 748 703 Sectio
765 649 787 704 1.
825 648 904 704 tiber
921 650 943 704 Ι.
981 649 1070 719 Caput
1087 650 1122 705 II.
1160 649 1301 705 Atticulae
1321 652 1344 706 1.
1382 652 1443 719 Μ.

428 826 469 893 do
496 848 560 910 quo
591 827 662 909 agit
691 826 918 913 metaphysica
946 825 1123 910 generalis,
1171 826 1318 909 Uterque
1347 826 1504 893 nimirum
1536 847 1600 911 pro
1626 848 1681 892 aue

427 932 677 1001 universalitate
705 934 1012 1020 comprehensionem
1041 936 1193 999 notarum
1224 932 1324 999 habet
1353 933 1535 1009 minimam,
1570 938 1682 999 exten-

428 1038 529 1104 sionis
552 1060 631 1105 vero
655 1039 814 1105 ambitum
837 1038 1026 1118 maximum,
1051 1037 1106 1121 qui
1122 1038 1234 1104 haberi
1251 1039 1364 1122 possit.
1400 1039 1682 1117 Quemadmodum

427 1145 529 1227 igitur
559 1169 624 1215 esec
650 1148 961 1213 universalissimum
983 1146 1016 1211 in
1041 1167 1100 1211 suo
1123 1146 1249 1213 ambitu
1272 1144 1502 1229 complectitur
1526 1145 1684 1229 quidquid

429 1255 464 1317 et
487 1252 787 1335 quomodocumque
815 1251 916 1317 habet
940 1251 1104 1319 rationem
1133 1273 1199 1318 ease
1222 1250 1300 1332 (non
1324 1252 1457 1317 excluso
1483 1254 1592 1320 etiarn
1618 1272 1686 1315 esse

428 1357 569 1437 infinito,
599 1363 762 1442 quatenus
791 1358 1048 1443 praescindendo
1078 1359 1120 1423 ab
1149 1358 1313 1425 infinitate
1342 1357 1418 1424 huic
1444 1360 1566 1442 procul
1593 1357 1685 1423 dnbio

428 1464 583 1532 convenit
609 1486 683 1531 esse
708 1464 742 1530 in
766 1464 971 1549 oppositione
1000 1464 1042 1530 ad
1071 1466 1240 1546 nou-esse)
1265 1465 1380 1530 —ita
1404 1469 1438 1531 et
1467 1466 1593 1531 honum
1618 1469 1686 1529 uni-

427 1572 677 1636 versalissimum
699 1572 741 1636 ad
766 1592 895 1636 omnem
918 1570 1189 1648 mirationem,
1214 1570 1472 1654 praescindendo
1497 1592 1518 1637 a
1539 1570 1640 1637 finito
1655 1576 1687 1634 et

428 1675 565 1755 infinito,
588 1698 662 1743 sese
685 1676 846 1755 extendit,
870 1676 951 1743 nihil
973 1677 1177 1745 excludendo
1201 1676 1262 1743 uisi
1284 1678 1497 1744 non-bonnm.
1535 1676 1622 1743 Ideo
1638 1676 1687 1741 hio

429 1788 606 1866 conceptus
636 1804 700 1850 non
730 1783 861 1869 propria
890 1784 1062 1867 genericus
1092 1790 1144 1851 est
1173 1805 1232 1851 seu
1259 1784 1398 1851 univoce
1421 1784 1557 1866 aliquod
1583 1804 1688 1866 genus

430 1889 558 1954 essendi
582 1890 635 1955 vel
658 1890 734 1955 honi
757 1890 971 1971 constituens,
1002 1890 1060 1955 sed
1083 1889 1193 1974 potius
1216 1890 1303 1967 talis,
1332 1911 1428 1973 quem
1452 1889 1557 1972 vulgo
1588 1910 1688 1972 „ono-

429 1994 551 2080 lopom“
578 2000 708 2073 vocant,
739 1995 864 2061 seilicet
893 1995 927 2061 in
957 1996 1085 2063 unitate
1116 1996 1259 2079 analoga
1286 1996 1486 2079 coniungens
1515 2016 1569 2073 ea,
1604 2014 1687 2077 quae

430 2101 607 2168 entitativa
628 2102 678 2167 ita
700 2101 1002 2186 disproportionata
1025 2104 1111 2181 suut,
1137 2105 1173 2167 ut
1189 2102 1249 2167 sub
1265 2102 1393 2169 unitate
1408 2102 1542 2187 generis
1559 2122 1688 2183 nequa-

430 2228 529 2291 quam
552 2207 783 2293 comprehendi
805 2206 942 2293 possint.

518 2344 680 2418 Probatur
699 2346 735 2419 1⁰.
783 2348 954 2426 Voluntas,
981 2353 1150 2431 tamquam
1174 2348 1332 2432 expansio
1356 2347 1495 2413 hominis
1520 2347 1687 2415 naturalis

430 2460 465 2521 et
498 2455 666 2539 specifica,
701 2456 951 2540 proportionata
985 2476 1059 2521 esse
1091 2459 1222 2522 constat
1256 2454 1507 2539 apprehensioni
1543 2453 1688 2521 hominis

430 2562 611 2645 specificae,
635 2583 719 2644 quae
734 2563 766 2627 in
783 2562 938 2629 rationali
954 2554 1172 2645 cognoscendi
1190 2561 1351 2627 facultate
1368 2561 1574 2637 continetur;
1600 2558 1686 2625 unde

432 2668 529 2734 debet
560 2668 601 2733 ad
631 2668 710 2733 illud
741 2689 837 2734 omne
867 2668 1094 2752 potentialiter
1124 2689 1160 2733 se
1190 2667 1369 2733 extendere
1393 2667 1566 2744 voluutas,
1600 2664 1687 2749 quod

432 2774 585 2839 rationali
608 2774 786 2856 cognitioni
809 2780 977 2857 tamquam
1003 2776 1166 2841 obiectum
1190 2773 1370 2857 potentiale
1393 2778 1429 2839 et
1452 2772 1594 2839 formale
1610 2792 1686 2857 pro·

432 2880 566 2964 ponitur
588 2878 743 2960 (Axioma
766 2880 837 2963 IX).

520 2989 621 3073 Atqui
643 2988 805 3053 obiectum
835 2988 974 3053 formale
997 2987 1186 3054 intellectus
1209 2990 1262 3052 est
1284 3006 1343 3052 ons
1372 2986 1433 3051 suh
1459 2986 1593 3053 ratione
1617 2983 1686 3049 veri

434 3093 696 3159 communissima
719 3098 885 3178 sumptum
909 3114 967 3159 seu
991 3116 1099 3160 oerum
1123 3095 1307 3173 universim,
1331 3092 1364 3157 id
1380 3092 1465 3174 quod
1489 3092 1523 3157 in
1541 3092 1684 3177 psycho-

432 3198 521 3280 logia
551 3202 641 3264 oerto
674 3201 915 3284 comprobatur.
945 3236 990 3245 ——-
1021 3200 1108 3285 Erpo
1142 3197 1294 3264 similiter
1327 3198 1493 3265 voluntati
1529 3221 1590 3265 ens
1625 3198 1684 3264 sub

431 3304 560 3370 ratione
583 3304 660 3371 boni
683 3306 944 3371 communissime
968 3311 1144 3388 sumptum,
1169 3324 1227 3369 seu
1251 3304 1364 3371 tomum
1388 3309 1574 3388 universim,
1599 3313 1682 3372 tam·

432 3431 529 3492 quarn
558 3410 697 3477 formala
721 3412 883 3478 obiectum
906 3411 1107 3495 respondeat
1130 3430 1264 3476 necesse
1288 3414 1340 3477 est
1349 3412 1370 3477 1.
1424 3412 1541 3479 Verum
1564 3412 1684 3496 quippe

433 3520 468 3584 et
491 3516 606 3582 honum
636 3539 700 3583 non
724 3518 880 3595 entitate,
910 3518 968 3583 sed
1000 3516 1159 3585 relatione
1183 3520 1312 3583 tanturn
1342 3516 1429 3583 inter
1458 3539 1494 3583 se
1518 3518 1682 3591 differunt

432 3626 468 3688 et
491 3643 589 3689 unum
612 3623 764 3707 idemque
789 3646 864 3709 mae,
888 3624 974 3707 quod
998 3627 1036 3690 ut
1059 3623 1276 3706 cognoscibile
1299 3622 1480 3691 intellectui
1497 3644 1624 3703 verum,
1648 3628 1685 3688 nt

432 3730 610 3813 appetibile
632 3731 797 3798 voluntati
821 3730 916 3797 simul
941 3732 1061 3797 honum
1086 3732 1168 3795 este

432 3866 479 3941 41.
570 3868 731 3941 Probatur
752 3870 805 3941 11⁰.
851 3871 934 3936 Illud
959 3871 1142 3938 voluntatis
1172 3872 1334 3937 humanae
1357 3870 1518 3937 obiectum
1548 3873 1684 3955 fomute

433 3977 605 4042 dicendum
630 3980 695 4055 est,
718 3980 956 4065 propterquod
978 3977 1136 4063 implicite
1159 3982 1374 4063 appetuntur,
1398 3999 1623 4061 quaecumque
1644 3979 1684 4044 ab

432 4084 562 4150 homine
592 4087 808 4167 appetuntur,
840 4087 875 4151 et
904 4086 989 4170 qood
1019 4086 1167 4170 implicite
1197 4087 1232 4150 in
1263 4084 1408 4150 omnibus
1438 4092 1467 4150 et
1492 4092 1624 4171 propter
1653 4106 1684 4149 se

433 4190 610 4275 appetitur.
657 4192 757 4277 Atqui
785 4191 854 4257 tale
882 4190 1062 4269 obiectum,
1091 4196 1243 4275 respectu
1271 4192 1414 4256 omnium
1445 4190 1681 4275 appetitionum

431 4296 615 4364 voluntatis
638 4297 811 4375 humanae,
835 4302 888 4363 est
910 4298 1030 4362 bouum
1055 4297 1241 4365 universim.
1276 4298 1361 4363 Nom
1385 4298 1413 4362 si
1432 4296 1564 4380 quidem
1580 4298 1682 4363 omnis

525 4549 533 4579 ¹
555 4546 666 4612 ‚Virtus
684 4547 795 4616 passiva
807 4544 958 4599 voluntatis
976 4562 1007 4599 se
1025 4546 1151 4600 extendit
1169 4545 1203 4599 ad
1219 4546 1319 4599 bonum
1332 4545 1538 4611 inuniversali;
1559 4551 1602 4602 est
1614 4548 1680 4601 enirn

433 4635 492 4688 eius
505 4636 640 4688 obiectum
653 4635 751 4687 bonnm
765 4634 928 4699 universale,
942 4635 1013 4688 sicut
1026 4637 1055 4687 et
1066 4634 1223 4688 intellectus
1236 4634 1371 4687 obiectum
1385 4636 1428 4689 est
1441 4651 1490 4689 ens
1502 4636 1677 4691 universale*

435 4726 462 4777 S.
486 4725 586 4793 Thom,
605 4723 632 4777 S.
651 4723 733 4778 theol.
755 4724 778 4787 1,
798 4740 824 4793 q.
845 4723 904 4788 105,
923 4740 947 4777 a.
967 4724 984 4777 4
1004 4723 1021 4777 i.
1041 4740 1079 4786 e.;
1100 4724 1135 4776 cf.
1157 4724 1180 4787 1,
1200 4724 1224 4786 2,
1244 4738 1269 4791 q.
1284 4722 1309 4787 8,
1328 4740 1353 4777 a.
1373 4724 1386 4777 1
1408 4723 1426 4777 i.
1446 4741 1469 4778 o.

523 4812 534 4845 ¹
553 4814 582 4866 S.
600 4813 700 4875 Thom,
719 4812 746 4867 S.
765 4810 847 4866 theol.
871 4813 894 4877 1,
914 4828 939 4880 q,
960 4812 986 4877 5,
1005 4829 1029 4865 a.
1046 4812 1074 4866 l:
1097 4811 1289 4877 „Manifestum
1308 4816 1359 4876 est,
1379 4812 1450 4881 quod
1470 4812 1570 4866 honum
1590 4814 1617 4865 et
1634 4828 1679 4865 ens

433 4904 498 4953 snut
516 4900 587 4954 idem
606 4901 754 4954 secundnm
773 4918 844 4963 rem;
864 4900 913 4954 sad
932 4900 1032 4953 bonum
1046 4898 1112 4953 dicit
1124 4898 1258 4953 rationem
1272 4899 1437 4969 appetibilis,
1457 4916 1539 4969 quam
1552 4918 1606 4954 non
1618 4900 1678 4953 dicit

433 4990 506 5041 ens*
546 4988 588 5043 Cf.
609 4990 632 5055 1,
651 4990 676 5054 2,
695 5007 721 5058 q.
740 4989 765 5053 8,
784 5007 809 5042 a.
831 4991 854 5043 l.
1505 5000 1509 5009 '
