3909 5842
411 650 476 713 424
629 644 718 699 Scotic
737 644 771 699 11.
810 644 889 699 Liber
907 644 940 699 11.
981 643 1071 715 Caput
1088 645 1124 700 11.
1160 644 1302 699 Articulus
1320 645 1346 699 2.
1383 644 1443 713 §2-

500 823 814 889 Praenotanda.
860 823 1011 889 Assertio
1035 824 1185 908 proxime
1208 823 1339 906 quidem
1362 830 1560 907 conceptum
1584 824 1670 889 iuris

411 932 453 997 ab
483 930 554 1014 ipso
579 929 701 995 Kantio
732 928 937 1014 propositum
968 929 1119 1013 respicit;
1153 950 1213 1014 per
1247 930 1389 995 alterum
1420 934 1534 996 tamen
1571 952 1670 995 sunm

412 1038 593 1103 membrum
616 1036 712 1101 simul
729 1036 770 1101 ad
787 1057 899 1102 omnes
915 1037 1076 1120 analogas
1091 1036 1172 1101 iuris
1186 1036 1338 1103 notiones
1354 1037 1557 1115 extenditur,
1582 1058 1673 1119 quae

412 1144 453 1210 ab
483 1143 540 1209 illo
571 1142 724 1226 deinceps
754 1146 921 1225 tamquam
946 1142 1110 1209 communi
1139 1142 1231 1210 fonte
1254 1142 1457 1227 prodiamnt‚
1488 1148 1524 1210 et
1548 1144 1673 1226 quibus

413 1250 547 1335 propria
576 1248 702 1313 indoles
729 1248 862 1314 scholae
885 1249 1074 1316 Kantianae
1097 1250 1295 1319 continetur.
1339 1248 1441 1315 Istius
1464 1250 1553 1315 enim
1579 1272 1672 1316 com-

413 1377 511 1423 mune
541 1356 707 1421 criterium
737 1377 776 1421 eo
807 1355 877 1421 fere
901 1360 1042 1435 constat,
1072 1356 1159 1438 quod
1181 1356 1216 1421 in
1239 1356 1459 1421 construendo
1481 1356 1567 1421 iuris
1591 1378 1672 1421 con·

414 1468 512 1547 ceptn
535 1463 576 1529 ab
599 1462 674 1529 idea
697 1463 852 1529 libertatis
876 1462 929 1527 vel
950 1464 1069 1529 liberae
1081 1464 1323 1548 personalitatis
1337 1483 1397 1546 per
1411 1484 1448 1527 se
1463 1465 1500 1528 et
1514 1463 1674 1529 absolute

414 1573 595 1654 spectatae,
626 1574 796 1651 tamquam
826 1588 981 1653 supremo
1010 1568 1111 1634 ideali
1134 1568 1349 1634 fundamento
1372 1568 1462 1645 iuris,
1493 1570 1671 1634 exordium
1772 1587 1774 1596 ·

414 1676 523 1743 sumit.
571 1677 633 1742 nst
655 1696 735 1741 sane
758 1674 906 1754 libertas,
935 1694 1001 1757 qua
1023 1674 1114 1740 entia
1135 1674 1311 1741 rationalia
1333 1673 1491 1741 divinitus
1514 1675 1673 1759 praedita
1772 1749 1774 1780 Ι

415 1787 502 1862 suut,
535 1803 616 1848 vera
648 1782 759 1864 aliqua
788 1779 1047 1847 fundamentalis
1076 1780 1174 1858 ratio,
1205 1781 1247 1845 ob
1277 1801 1377 1863 quam
1399 1781 1433 1845 in
1456 1786 1671 1848 antecessum
1772 1802 1774 1811 ·

415 1890 496 1956 iuris
518 1888 683 1955 institutio
706 1887 794 1955 inter
817 1888 964 1953 homines
988 1886 1175 1953 necessaria
1198 1890 1234 1953 et
1256 1886 1414 1953 divinitus
1428 1888 1562 1954 intenta
1577 1893 1672 1953 certo
1772 1930 1774 1956 ÷

417 1994 632 2061 concluditur.
679 1994 803 2059 Verum
833 1994 970 2059 libertas
1001 1993 1069 2060 enti
1098 1993 1252 2059 rationali
1281 1994 1480 2059 naturaliter
1511 2015 1674 2060 concessa
1772 2029 1774 2053 2

417 2123 482 2167 non
511 2104 623 2187 potest
653 2121 725 2166 esse
755 2100 818 2165 nisi
848 2098 1071 2166 essentialiter
1100 2102 1245 2181 relativa,
1277 2100 1298 2166 i.
1323 2122 1352 2167 e.
1376 2102 1569 2185 peripsum
1594 2122 1673 2166 con·
1772 2111 1774 2130 ²

417 2208 555 2275 ditorem
590 2212 730 2273 naturae
762 2204 934 2271 rationalis
966 2204 1190 2271 essentialiter
1219 2207 1372 2271 ordinata
1405 2208 1451 2271 ad
1482 2228 1671 2291 supremam
1772 2244 1774 2269 .

419 2319 499 2382 vitae
528 2316 624 2400 finem
656 2314 831 2379 secundam
863 2314 940 2399 lepis
973 2334 1119 2377 normam
1150 2312 1247 2377 libere
1278 2313 1508 2397 complacitam.
1560 2312 1673 2389 Quare

416 2422 556 2488 hominis
572 2420 758 2485 libertatem
775 2418 926 2484 absolute
942 2422 1126 2501 spectatam
1142 2419 1325 2502 praefigere
1339 2421 1510 2501 tamquam
1526 2418 1671 2501 aliquem
1772 2429 1774 2496 ;

416 2530 512 2613 ficem
534 2530 570 2593 ia
593 2548 627 2592 se
650 2530 684 2593 at
706 2525 836 2592 ratione
859 2524 908 2590 sui
933 2524 1164 2603 necessarium,
1189 2528 1241 2591 est
1264 2525 1392 2607 erigere
1414 2526 1513 2590 inane
1535 2524 1673 2599 idolum,

419 2636 560 2718 incapax
590 2633 624 2698 in
654 2653 718 2715 quo
748 2632 816 2697 nlla
845 2652 899 2697 res
928 2628 1151 2715 philosophice
1180 2630 1347 2703 fundetur.
1394 2630 1548 2697 Ceterum
1572 2630 1672 2696 liber*

419 2746 523 2808 tatem
546 2738 696 2818 hominis,
721 2738 820 2805 etiam
844 2758 923 2803 vere
947 2740 982 2803 et
1004 2737 1133 2819 integre
1149 2741 1331 2820 acceptam,
1354 2758 1414 2821 per
1429 2757 1465 2802 se
1480 2758 1671 2821 supremum
1772 2817 1774 2823 ,

421 2850 455 2913 et
485 2846 705 2929 adaequatum
734 2842 814 2908 iuris
837 2842 1086 2909 fundamentum
1110 2843 1266 2908 exhibere
1289 2864 1354 2909 non
1377 2864 1484 2926 posse,
1515 2845 1572 2909 vel
1597 2844 1672 2908 inde
1772 2891 1774 2937 ;

419 2953 485 3019 iam
509 2950 590 3017 satis
614 2951 727 3033 liquet,
753 2950 838 3033 quod
862 2950 967 3015 omnis
991 2953 1131 3037 lepitima
1153 2950 1291 3015 libertas
1307 2955 1482 3016 creaturae
1497 2950 1672 3016 rationalis
1772 2941 1774 3056 ,

421 3078 513 3125 suam
544 3060 725 3123 adiectioam
755 3078 938 3121 taenearum
969 3077 1034 3121 non
1064 3056 1098 3121 in
1121 3056 1300 3139 semetipsa
1322 3055 1433 3135 habet,
1466 3056 1525 3121 sed
1551 3056 1673 3140 accipit
1772 3058 1774 3112 l

422 3164 463 3230 ab
487 3163 600 3230 ordine
623 3164 657 3229 in
680 3163 801 3229 mundo
825 3162 939 3229 morali
965 3162 1123 3229 divinitus
1146 3167 1267 3229 erecto.
1772 3246 1774 3259 Ι

422 3278 492 3350 526.
583 3276 742 3349 Probatur
765 3275 791 3347 1⁰
814 3276 976 3361 (directe).
1010 3280 1062 3346 Ad
1085 3278 1260 3360 genuinum
1285 3278 1510 3345 characterem
1527 3284 1565 3346 et
1579 3257 1670 3345 sanc
1772 3260 1774 3308 ³

421 3384 552 3452 titatem
576 3383 657 3451 iuris
680 3383 834 3467 pertinet,
858 3390 896 3452 ut
920 3386 999 3451 ordo
1022 3385 1189 3463 iuridicus,
1213 3385 1365 3467 quamvis
1380 3406 1400 3451 a
1415 3384 1544 3468 reliquo
1560 3386 1672 3451 ordine
1772 3433 1774 3437 ,

422 3492 538 3557 morali
560 3492 661 3575 probe
685 3490 730 3555 sit
760 3491 1003 3570 discernendus,
1036 3492 1140 3558 eidem
1172 3494 1284 3557 tamen
1313 3491 1444 3557 interno
1474 3511 1566 3556 nexu
1596 3512 1671 3557 con·
1772 3555 1774 3558 .

421 3598 552 3665 iunctus
582 3602 715 3663 maneat
747 3602 817 3663 tum
847 3598 976 3665 ratione
1007 3598 1142 3682 originis
1172 3602 1207 3665 et
1230 3598 1398 3664 efficaciae
1424 3597 1573 3676 moralis,
1604 3602 1670 3663 tum
1772 3627 1774 3684 2

424 3702 586 3770 communi
609 3707 759 3787 respectu
784 3703 826 3769 ad
850 3726 950 3770 unum
973 3725 1160 3789 supremum
1183 3706 1281 3770 finem
1306 3704 1452 3769 universi
1474 3705 1590 3770 mundi
1604 3726 1670 3769 mo-

423 3808 512 3877 ralis.
559 3812 659 3896 Atqui
689 3810 839 3876 doctrina
868 3810 901 3875 in
930 3810 1017 3877 thesi
1040 3813 1157 3876 notata
1180 3830 1293 3875 omnes
1315 3810 1399 3876 istae
1422 3809 1632 3876 condiciones
1653 3830 1672 3873 a
1772 3841 1773 3878 l

424 3916 504 3982 iuris
534 3918 693 3999 conceptu
724 3916 879 3983 excludit.
927 3918 1015 4003 Erpa
1045 3916 1140 3981 huius
1170 3915 1347 3999 genuinum
1380 3915 1609 3982 characterem
1641 3919 1672 3980 et
1772 3909 1773 3912 '

423 4022 572 4090 nativam
595 4022 808 4089 sanctitatem
831 4044 949 4089 revera
973 4023 1143 4088 destruere
1166 4022 1303 4087 dicenda
1326 4028 1387 4087 est.

514 4128 646 4195 Maior
669 4134 801 4197 constat
824 4151 865 4195 ex
889 4129 1124 4196 demonstratis
1147 4151 1178 4196 n.
1203 4130 1391 4196 496-513,

513 4237 629 4303 Prob.
655 4236 795 4301 minor.
842 4238 900 4302 Ias
924 4259 945 4302 a
969 4238 1148 4302 ineruditata
1172 4236 1352 4301 divellitur:

518 4346 546 4411 1.
576 4345 713 4411 Ratione
745 4345 890 4427 oripinis.
936 4341 973 4407 Id
1006 4342 1148 4408 Kantius
1177 4340 1307 4424 quidem
1337 4340 1460 4407 diserte
1490 4344 1674 4425 profitetur.

426 4452 502 4517 dum
527 4448 643 4515 officiis
661 4449 836 4514 moralibus
852 4448 1012 4532 originem
1028 4446 1250 4515 essentialiter
1266 4452 1437 4529 internam,
1461 4446 1581 4513 officiis
1596 4451 1676 4513 iari-

427 4559 509 4624 dicis
524 4578 589 4639 qua
604 4555 726 4623 talibus
742 4554 965 4621 essentialiter
980 4563 1143 4620 externam
1158 4553 1314 4631 vindicat,
1332 4553 1389 4619 illa
1404 4553 1501 4618 unice
1517 4574 1561 4618 ex
1575 4555 1674 4636 legis·
1772 4601 1773 4612 ,

426 4664 550 4731 latione
579 4662 710 4728 interna
739 4662 877 4727 rationis
907 4664 1044 4746 propter
1066 4660 1278 4744 semetipsam
1308 4660 1459 4726 absolute
1482 4660 1674 4734 reverenda,

427 4770 507 4837 haec
542 4792 620 4836 vero
654 4791 674 4836 a
706 4772 873 4855 potestate
907 4768 1048 4852 legifera
1082 4768 1288 4834 extrinsecus
1323 4766 1475 4832 coactiva
1509 4772 1673 4851 repetens.

427 4876 498 4953 Qua
527 4878 561 4943 in
590 4898 626 4942 re
656 4880 690 4955 et
713 4898 790 4943 suos
813 4876 990 4962 discipulos
1014 4878 1072 4943 ant
1096 4874 1252 4960 explicite
1275 4877 1333 4940 aut
1356 4872 1514 4957 implicite
1538 4892 1674 4937 consen·

430 4982 549 5049 tientes
573 4982 682 5048 habet.
1772 4975 1774 4983 ⁸
