3909 5842
384 592 446 655 182
608 588 697 643 Sentio
715 589 736 644 Ι.
773 589 853 645 Liber
871 590 903 644 Il.
942 588 1032 660 Caput
1049 591 1083 646 Π.
1119 591 1262 646 Articulus
1280 592 1305 646 2.
1343 591 1404 660 §2-

382 763 410 824 S.
433 764 581 824 Thomas¹
602 765 819 842 intellegendus
841 773 896 840 est,
927 768 977 827 ubi
999 768 1073 828 duce
1093 769 1258 829 Aristotele
1280 770 1316 829 de
1336 769 1453 830 iustitia
1473 768 1639 846 profitetur

382 879 446 919 eam
474 863 506 920 in
533 863 661 938 quadam
687 859 896 942 „aequalitatffl
924 863 1132 942 (quantitative
1155 868 1355 944 proportione)
1380 869 1514 942 sanderi.
1557 865 1637 925 Cum

383 959 486 1018 eedem
512 979 545 1018 re
573 959 707 1035 vulgaris
735 961 856 1038 partitio
884 962 1018 1022 iustitiae
1047 963 1212 1035 consentit;
1239 964 1276 1023 ad
1303 964 1523 1042 proportionem
1550 963 1637 1022 enim

382 1055 559 1116 servandam
579 1055 672 1116 totius
695 1057 915 1118 communitatis
936 1059 974 1118 ad
988 1059 1107 1134 singula
1121 1063 1251 1120 membra
1264 1061 1381 1121 iustitia
1395 1054 1639 1139 „distributiva“‚

382 1155 420 1213 ad
447 1154 666 1232 proportionem
694 1161 826 1214 mutuam
854 1158 1050 1216 membrorum
1076 1156 1155 1216 inter
1182 1177 1215 1217 se
1242 1157 1358 1218 iustitia
1387 1153 1634 1236 „mmrnuiotim“

381 1252 516 1330 proxime
536 1253 674 1330 pertinet.

472 1351 499 1409 2.
527 1351 566 1410 In
594 1353 655 1428 ipso
684 1353 792 1410 mundo
807 1351 927 1427 physico
942 1352 1074 1426 perfecto
1094 1359 1120 1409 et
1141 1353 1226 1429 qimai
1246 1352 1400 1427 symbolica
1420 1359 1539 1410 nowtur
1559 1372 1638 1410 anc-

381 1449 457 1526 lopin
478 1451 604 1508 eaden
624 1449 704 1508 illius
724 1449 793 1525 lepis
814 1449 928 1507 ordinis
948 1449 1145 1525 quontitctioi,
1165 1468 1221 1525 quo
1241 1451 1369 1508 mundus
1388 1450 1508 1509 mnata
1528 1452 1561 1508 in
1576 1469 1638 1508 erec

381 1547 549 1605 ircrmonica
577 1549 688 1606 anime
714 1547 845 1605 subsistit
872 1553 897 1604 ct
923 1553 1116 1605 obcaecatur.
1146 1578 1187 1587 —
1215 1544 1465 1614 Quemadmodum
1492 1545 1571 1605 enim
1602 1545 1637 1605 in

381 1642 490 1701 mundo
518 1641 673 1718 spirituum
701 1643 747 1702 lex
766 1645 895 1702 iustitiae
921 1643 1095 1702 necessaria
1122 1641 1256 1702 condicio
1277 1649 1325 1702 est
1345 1643 1457 1703 ordinis
1478 1661 1544 1702 curn
1565 1662 1638 1720 per·

382 1743 472 1816 petuo
499 1739 647 1800 libertatis
675 1744 758 1800 motu
779 1739 971 1810 conciliandi;
1000 1739 1044 1799 ita
1071 1740 1102 1799 in
1123 1741 1231 1801 mundo
1247 1743 1384 1819 physico,
1411 1740 1579 1800 dumetis
1603 1740 1638 1799 in

381 1840 524 1914 perpetuo
545 1835 741 1896 mutationum
762 1835 843 1896 fluxu
864 1842 1018 1904 vereatur,
1039 1837 1148 1914 partim
1169 1839 1215 1898 lca
1234 1839 1401 1914 aequilibris·
1420 1841 1542 1914 sirim,
1563 1857 1638 1914 par-

382 1934 435 1994 tim
456 1936 502 1994 lac
521 1937 705 2012 symmetriae
726 1935 932 1994 conservando
954 1933 1051 1994 ordini
1072 1955 1090 1994 a
1111 1939 1246 1995 creatore
1266 1934 1382 1996 intento
1403 1934 1569 2013 praesidet3
1595 1969 1636 1978 -

381 2031 432 2091 lex
460 2030 627 2108 aequilibrii
655 2031 772 2108 quidem
801 2030 896 2092 ordini
923 2031 1024 2092 mundi
1052 2034 1219 2109 dynamicc,
1246 2032 1296 2091 lex
1319 2032 1509 2108 symmetriae
1529 2037 1637 2092 autem

382 2127 477 2186 ordini
505 2131 654 2188 aestbetioo
682 2128 935 2200 accommodatur;
964 2134 1090 2205 utraque
1118 2134 1217 2188 autem
1245 2129 1283 2187 ad
1303 2129 1489 2188 efficiendam
1510 2133 1541 2187 et
1562 2149 1636 2189 con·

383 2225 560 2284 servandam
588 2225 619 2284 in
647 2225 755 2284 mundo
783 2224 895 2284 visibili
916 2229 1133 2303 proportionem
1161 2228 1384 2303 quontitotiaum
1402 2230 1533 2303 partiam
1555 2227 1637 2299 (ccr-

379 2342 484 2400 porum
505 2332 531 2383 et
549 2324 729 2399 formarum)
749 2325 789 2383 od
809 2326 927 2382 invicem
948 2331 974 2382 et
994 2325 1034 2382 ad
1054 2342 1146 2381 ionum
1166 2331 1256 2382 tolum
1277 2323 1408 2398 pertinet
1417 2326 1436 2384 ¹.

382 2507 447 2588 §2
473 2507 529 2573 De
552 2506 828 2575 naturalibus
851 2505 995 2573 meriti
1018 2511 1059 2573 et
1082 2506 1277 2573 demeriti
1301 2505 1633 2574 condicionibus.

383 2635 452 2708 205.
543 2640 622 2705 Cum
652 2639 723 2723 ipso
754 2642 914 2724 conceptu
944 2639 1054 2704 meriti
1077 2659 1116 2704 ac
1140 2637 1290 2704 demeriti
1313 2637 1409 2702 huius
1431 2638 1529 2702 simul
1552 2659 1635 2704 con-

383 2743 527 2811 diciones
557 2747 726 2812 naturales
757 2746 927 2813 evidenter
950 2745 1169 2822 innotescunt,
1201 2748 1239 2809 ut
1262 2745 1441 2809 communis
1464 2745 1634 2810 hominum

382 2871 498 2915 sensus
523 2873 561 2916 ac
585 2851 753 2936 persuasio
779 2852 978 2936 comprobat.
1011 2852 1134 2917 Verum
1158 2857 1332 2934 postquem
1356 2851 1553 2916 obiectivum
1578 2873 1635 2917 or·

383 2956 501 3035 dinem,
533 2957 565 3023 in
596 2979 659 3042 quo
683 2958 768 3025 ratic
792 2959 900 3025 meriti
924 2959 1089 3036 fundetur,
1113 2959 1350 3043 perspeximus,
1381 2957 1463 3022 nihil
1484 2957 1550 3022 iarn
1573 2959 1635 3023 ob·

383 3067 461 3141 stat,
487 3065 658 3146 quominus
681 3065 832 3131 similiter
855 3065 895 3130 de
912 3066 981 3130 eius
998 3065 1241 3130 condicionibus
1258 3064 1422 3130 obiectiva
1436 3063 1522 3130 ratio
1538 3063 1634 3128 reddi

382 3168 496 3252 possit.
544 3171 592 3236 lio
615 3173 760 3256 pertinet

473 3306 628 3392 'l'hesis
656 3309 818 3394 XXIV.
859 3335 1017 3398 Meritum
1039 3353 1079 3397 ac
1100 3334 1301 3397 demeritum
1322 3333 1412 3412 apud
1433 3351 1491 3396 eos
1513 3350 1634 3396 omnes

383 3432 416 3490 et
431 3429 521 3490 solos
536 3430 737 3510 acquiritur,
759 3433 881 3510 quibus
897 3433 999 3512 ectio,
1018 3438 1188 3510 quatenus
1203 3433 1412 3510 imputabilis
1428 3436 1493 3510 est,
1508 3431 1634 3494 emolu·

382 3528 535 3588 mentum
556 3529 611 3591 vel
632 3527 872 3592 detrimentum
894 3530 1007 3609 affert,
1029 3529 1117 3607 quod
1138 3547 1207 3592 non
1230 3529 1365 3592 sitiam
1386 3527 1574 3590 omnimode
1590 3545 1633 3590 ex

383 3621 560 3701 rigorosas
582 3625 736 3688 iustitiae
757 3627 875 3689 ordine
898 3627 1059 3689 debitum.

470 3735 636 3810 Probatur.
682 3743 835 3811 Meritum
868 3765 906 3812 ac
937 3745 1131 3812 demeritum
1162 3744 1320 3810 fundatur
1348 3742 1382 3807 in
1413 3742 1526 3808 ordine
1556 3761 1633 3826 pro-

384 3843 576 3925 portionalis
608 3851 819 3933 aequalitatis
851 3851 938 3916 inter
970 3850 1060 3917 entia
1092 3851 1267 3916 rationalia
1296 3849 1357 3915 sibi
1380 3847 1632 3922 coassistentia3

383 3949 550 4035 ipsiusque
579 3955 726 4022 internus
758 3963 791 4026 et
821 3959 1007 4025 essentialis
1037 3957 1111 4022 linis
1139 3962 1191 4023 est
1220 3958 1306 4022 hunc
1329 3955 1477 4022 ordinem
1500 3955 1533 4020 in
1557 3974 1633 4038 per·

384 4063 483 4140 petuo
513 4065 603 4128 motu
635 4063 757 4142 sociali,
790 4065 844 4147 qui
867 4087 887 4130 a
911 4065 1067 4130 libertate
1090 4065 1248 4148 procedit,
1279 4061 1488 4128 nihilominus
1511 4061 1634 4142 iugiter

383 4164 548 4247 integrum
573 4189 707 4236 servare
731 4171 785 4237 vel
810 4171 983 4255 complere,
1009 4171 1094 4252 quod
1118 4173 1156 4237 fit
1178 4191 1238 4254 per
1260 4169 1424 4252 quandam
1441 4187 1633 4250 compensa·

384 4271 484 4338 tionis
514 4275 619 4358 legem
651 4277 737 4343 inter
768 4299 840 4343 eum
872 4277 927 4360 qui
958 4277 1016 4343 dat
1045 4284 1080 4343 et
1111 4298 1184 4341 eum
1215 4276 1270 4359 qui
1293 4273 1412 4358 accipit
1436 4274 1554 4338 bonum
1578 4271 1633 4336 vel

386 4379 516 4448 malum.
564 4385 663 4470 Atqui
685 4385 726 4449 ad
751 4385 896 4450 ordinem
920 4383 1176 4468 proportionalis
1199 4381 1411 4466 aequalitatis
1434 4377 1632 4444 servendum

385 4485 436 4549 vel
471 4489 695 4572 complendum
729 4489 887 4556 eiusmodi
919 4490 1194 4575 compensationis
1226 4487 1395 4572 exigentia
1427 4505 1527 4570 penes
1558 4483 1633 4549 illos

385 4610 498 4657 omnes
529 4601 563 4661 et
592 4597 679 4661 solos
710 4597 824 4672 oritur,
856 4595 910 4679 qui
937 4605 1068 4682 praeter
1096 4599 1238 4662 iustitiae
1268 4597 1406 4662 debitum
1430 4614 1471 4658 ex
1495 4591 1632 4657 alterius

478 4839 486 4871 ¹
504 4839 530 4894 S.
551 4839 632 4893 theol.
654 4841 676 4903 1,
697 4843 720 4905 2,
740 4857 765 4909 q.
789 4842 845 4904 114,
865 4857 889 4894 a.
911 4842 922 4893 1
934 4859 940 4902 ;
960 4839 985 4904 2,
1005 4840 1030 4902 2,
1049 4855 1076 4907 q.
1095 4840 1138 4903 57,
1157 4856 1181 4892 a.
1203 4840 1232 4902 l;
1252 4855 1278 4906 q.
1297 4837 1340 4899 62,
1360 4853 1384 4889 a.
1404 4836 1429 4888 2.

476 4927 546 4982 'Gt
569 4929 716 4996 Tapureili,
737 4929 838 4983 Diritto
857 4931 912 4982 nat.
932 4929 952 4984 l.
972 4928 988 4996 ἓ
1010 4928 1060 4982 126
1072 4945 1134 4997 sqq.
