3909 5842
413 683 478 748 494
623 678 713 734 Sectio
731 679 765 733 fl.
802 678 883 733 Liber
902 680 936 735 ΙΙ.
974 679 1063 751 Caput
1081 680 1129 734 111.
1168 680 1308 734 Articulua
1326 679 1352 733 3.
1389 679 1450 746 Η.

503 860 534 923 2.
565 858 687 922 Verum
719 855 849 923 etiamsi
879 857 1040 923 eiusmodi
1068 855 1264 942 principium
1286 856 1475 922 individuae
1497 855 1665 923 libertatis

412 963 537 1028 iuribus
568 962 735 1029 hominum
766 962 906 1047 privatis
937 963 1135 1029 deducendis
1164 963 1342 1039 sufficeret
1375 962 1428 1028 vel
1450 961 1528 1028 inde
1550 967 1664 1030 tamen

413 1068 561 1151 proiecto
585 1067 837 1136 universalitate
858 1089 972 1135 carere
989 1068 1160 1134 dicendum
1176 1071 1238 1148 est,
1262 1069 1348 1151 quod
1364 1069 1495 1135 minime
1510 1074 1663 1153 apparet,

414 1175 574 1257 quomodo
598 1175 674 1240 inde
697 1179 731 1241 et
754 1175 826 1241 iura
847 1176 977 1261 publica
999 1196 1059 1259 per
1074 1196 1110 1241 se
1125 1174 1252 1260 pariter
1267 1175 1433 1242 naturalia
1447 1174 1664 1254 deducentia,
1780 1183 1782 1204 l

413 1281 529 1365 quibus
552 1281 700 1365 publicus
724 1281 854 1347 socialis
878 1282 1086 1365 organismue
1108 1281 1296 1348 efflorescit.

414 1394 483 1466 587.
574 1392 804 1478 (ionflrmubur,
837 1396 924 1479 quod
953 1395 1114 1480 principia
1143 1416 1242 1480 super
1271 1416 1311 1461 eo
1339 1396 1555 1464 fundamento
1586 1419 1664 1463 oon·
1780 1407 1782 1486 ff

413 1505 542 1570 structa
572 1502 614 1569 ad
645 1504 889 1569 immoderatum
920 1506 1004 1569 iteris
1033 1506 1335 1569 individualiemum
1366 1503 1554 1570 conducunt
1576 1504 1664 1570 omni
1780 1570 1782 1602 Ι

415 1609 605 1675 auctoritati
635 1608 748 1674 sociali
778 1613 813 1675 et
840 1608 945 1675 ordini
968 1609 1099 1693 publico
1122 1608 1340 1693 perniciosum
1363 1608 1486 1690 (recole
1508 1608 1599 1675 dicta
1621 1608 1664 1674 ad

414 1736 446 1781 n.
471 1716 560 1781 527.

536 1714 550 1797 )
712 1798 860 1872 Notande
883 1800 923 1871 ad
945 1799 1120 1875 solvendas
1142 1798 1367 1873 difficultates.

416 1914 487 1987 588.
582 1919 610 1981 1.
640 1915 827 1982 Meminisse
851 1921 982 2000 oportet
1005 1917 1129 1983 nullam
1152 1938 1225 1983 esse
1247 1936 1345 2002 posse
1368 1919 1542 1982 creaturae
1564 1916 1666 1981 liber

414 2025 519 2088 tatem
542 2021 612 2088 sive
635 2024 798 2089 internam
822 2022 892 2089 sive
915 2026 1099 2101 externam,
1124 2044 1209 2106 quae
1231 2045 1297 2089 non
1315 2024 1361 2090 sit
1375 2027 1586 2090 essentialiter
1599 2025 1666 2108 legi

415 2128 572 2195 creatoris
601 2128 717 2195 morali
746 2128 947 2212 obligatione
977 2129 1136 2208 obnoxia;
1169 2151 1271 2214 quare
1300 2130 1326 2195 si
1358 2130 1412 2196 vel
1439 2131 1512 2196 sola
1543 2131 1666 2197 mentis

415 2234 637 2300 abstractione
667 2234 855 2302 libertatem
887 2236 928 2301 ab
958 2235 1021 2301 hac
1053 2236 1254 2319 obligatione
1283 2236 1508 2321 separaveris,
1539 2257 1667 2319 neque·

415 2360 512 2421 quam
536 2360 650 2405 verum
674 2340 739 2406 iam
762 2341 924 2407 humanae
947 2341 1112 2409 libertatis
1135 2346 1340 2426 conceptum,
1365 2343 1424 2408 sed
1444 2347 1581 2429 positive
1600 2345 1667 2427 fot·

415 2469 485 2512 scin
509 2450 577 2512 eius
598 2449 778 2533 fipmentum
801 2447 912 2515 habes.

506 2556 535 2619 2.
560 2552 676 2635 Neque
699 2554 871 2620 iustificari
895 2554 1054 2621 eiusmodi
1076 2554 1255 2621 abstractio
1278 2558 1391 2638 potest
1405 2555 1468 2621 hac
1482 2544 1576 2621 inani
1591 2577 1667 2640 spe-

416 2659 563 2725 culativa
591 2660 727 2739 ratione,
759 2681 824 2743 qua
854 2659 983 2727 dicatur
1011 2660 1045 2749 in
1068 2660 1212 2726 bumana
1234 2660 1470 2745 personalitate
1494 2666 1666 2745 tamquam

416 2768 511 2851 topice
534 2768 674 2849 primum
699 2766 826 2850 concipi
848 2770 1034 2849 libertatern,
1064 2767 1106 2832 ad
1137 2786 1235 2848 quam
1264 2765 1381 2832 deinde
1411 2769 1607 2833 secundario
1634 2772 1669 2833 et

415 2874 584 2954 tamquam
606 2874 703 2959 topice
726 2894 914 2959 consequens
937 2874 1075 2939 accedat
1096 2875 1255 2957 oblipotr'o,
1277 2876 1349 2939 tum
1371 2872 1458 2955 quod
1481 2874 1592 2940 omnis
1610 2876 1668 2939 ob·

416 2976 531 3060 ligatio
555 2982 801 3061 praesupponet
824 2978 1013 3045 libertatern
1035 2983 1073 3045 ut
1095 2978 1315 3045 necessariam
1339 2978 1575 3060 condicionem,
1598 2985 1668 3047 tum

416 3084 502 3167 quod
525 3084 559 3150 in
582 3084 669 3149 omni
692 3105 729 3149 re
750 3088 918 3170 positivum
940 3085 1048 3169 logice
1063 3086 1243 3171 praecedat
1258 3089 1448 3171 cepaticum,
1471 3086 1618 3171 ideoque
1634 3092 1668 3153 et

415 3191 448 3256 in
477 3190 621 3256 humana
650 3191 886 3273 personalitate
915 3191 1007 3276 prior
1036 3191 1160 3275 concipi
1192 3192 1310 3259 debeat
1338 3196 1475 3278 position
1499 3196 1666 3279 quantitas

415 3300 581 3378 libertatis,
612 3317 710 3379 quam
740 3298 884 3363 eiusdem
913 3300 1068 3383 partialis
1097 3302 1221 3383 nepotie
1251 3319 1310 3364 seu
1338 3297 1493 3366 limitatio
1525 3321 1588 3384 per
1616 3302 1667 3366 ob·

415 3407 606 3490 lipotiooem.
631 3440 675 3448 —
698 3403 749 3469 Ad
774 3424 871 3487 quam
894 3403 1057 3469 rationem
1080 3404 1203 3471 sufficit
1226 3404 1509 3471 animadvertere:

506 3508 539 3593 a)
562 3510 797 3577 Confundenda
826 3532 892 3577 non
922 3514 975 3577 est
1004 3510 1141 3576 libertas
1171 3515 1302 3578 interna
1330 3512 1571 3596 psycbologiea
1595 3534 1667 3579 curn

416 3617 569 3684 libertate
593 3625 733 3700 exterae,
759 3619 798 3683 de
822 3638 887 3700 qua
910 3618 982 3683 sola
1004 3618 1038 3682 in
1053 3618 1222 3702 praesenti
1237 3619 1430 3700 quaestione
1446 3623 1480 3685 et
1495 3640 1540 3684 ex
1557 3625 1669 3686 mente

417 3722 681 3790 adversariorum
705 3724 825 3806 agitur.
871 3724 940 3789 Iam
965 3744 1046 3789 vero
1068 3727 1138 3790 eolo
1160 3724 1298 3790 libertas
1319 3725 1452 3790 interna
1474 3725 1588 3807 logice
1609 3747 1668 3793 an·

416 3829 520 3896 terior
541 3832 660 3896 morali
682 3832 870 3915 otlipatiooe
893 3834 1031 3896 eatenus
1054 3834 1116 3910 est,
1141 3835 1304 3912 quatenus
1318 3831 1501 3916 concipitur
1516 3837 1557 3899 ut
1572 3832 1669 3898 buius

415 3936 603 4003 necessaria
634 3937 796 4014 condicio;
828 3958 893 4003 non
922 3936 972 4003 ita
1001 3936 1138 4002 libertas
1169 3946 1310 4021 exteram
1340 3958 1424 4019 quae
1453 3940 1491 4003 ut
1521 3940 1668 4007 facultas

416 4044 549 4111 moralis
565 4064 638 4109 cum
653 4044 724 4128 ipso
739 4043 810 4108 iure
826 4042 1063 4126 quodammodo
1079 4042 1311 4109 identificatur.
1343 4044 1435 4109 Haeo
1450 4043 1539 4109 enim
1554 4046 1668 4112 unius·

417 4150 572 4232 cuiusque
603 4149 854 4217 destinationem
886 4153 920 4215 et
944 4152 1164 4236 otlipotioccm
1187 4150 1350 4215 adfinem
1376 4149 1472 4215 huius
1494 4150 1592 4216 vitae
1613 4172 1668 4216 so-

417 4257 532 4325 cialem
548 4256 656 4338 logica
672 4256 800 4322 ratione
815 4277 880 4322 non
902 4256 1082 4340 praecedit,
1106 4256 1165 4321 sed
1189 4259 1398 4342 consequitur.
1430 4255 1528 4321 Unde
1550 4258 1668 4323 eadem

416 4364 577 4431 naturalis
608 4362 784 4430 destinatio
808 4368 842 4429 et
872 4363 1030 4446 obligatio
1058 4382 1262 4446 nequaquam
1295 4384 1333 4429 se
1364 4362 1465 4429 habet
1493 4363 1536 4429 ad
1567 4363 1669 4429 liber·

415 4475 520 4538 tatem
545 4473 716 4535 externam
737 4470 808 4534 iure
825 4469 968 4536 debitam
984 4474 1022 4536 ut
1042 4468 1271 4551 „negativum
1289 4469 1330 4535 ad
1352 4468 1584 4553 „positivum‘,
1609 4469 1668 4535 aed

416 4578 502 4645 siout
517 4576 559 4642 ad
576 4576 717 4641 medium
733 4597 769 4641 se
785 4574 885 4641 habet
898 4578 986 4659 finis,
1002 4596 1066 4658 quo
1082 4576 1129 4640 nil
1144 4575 1250 4657 magis
1266 4575 1444 4659 positivum
1455 4594 1530 4640 esse
1541 4580 1668 4659 potest.

507 4682 540 4764 b)
564 4682 638 4747 Huc
661 4682 761 4748 etiam
785 4681 962 4766 pertinent,
995 4702 1080 4765 quae
1109 4703 1210 4766 supra
1234 4680 1280 4764 (n.
1304 4679 1384 4763 473)
1407 4680 1448 4746 de
1470 4682 1671 4762 quaestione

417 4789 543 4873 logicae
566 4788 749 4872 prioritatis
772 4788 859 4854 inter
880 4791 957 4853 iuro
981 4792 1015 4854 et
1037 4787 1157 4872 officia,
1180 4786 1212 4851 in
1237 4806 1302 4851 uno
1326 4785 1506 4869 eodemque
1521 4786 1669 4854 humano

416 4896 563 4963 subiecto
587 4894 804 4971 considerata,
829 4894 917 4961 diota
940 4898 1027 4961 sunt.
1062 4893 1190 4977 Nempe
1213 4893 1265 4957 ius
1288 4890 1465 4974 (quatenus
1487 4896 1543 4958 est
1564 4914 1669 4977 quaa-

417 5003 491 5069 dam
516 5005 654 5067 externa
677 5000 813 5067 libertas
830 5021 989 5084 personae
1005 5000 1174 5067 moraliter
1190 4999 1393 5083 competens)
1408 5019 1515 5081 neque
1530 5000 1671 5068 realiter
