3909 5842
474 674 515 738 68
695 670 785 725 Sectio
804 670 824 726 Ι.
861 670 941 725 Liber
959 671 981 726 Ι.
1019 670 1107 741 (laput
1125 672 1173 727 Ill.
1210 672 1351 728 Articulus
1372 674 1395 727 l.
1433 672 1494 741 52.

472 856 521 927 93.
613 856 631 939 ἕ
656 859 686 925 2.
710 856 767 923 De
790 856 1033 923 voluntatis
1056 856 1096 921 in
1119 857 1228 923 alias
1251 857 1493 924 facultates
1516 858 1697 943 imperio.

561 990 764 1073 Quamquam
794 989 958 1073 imperare
989 988 1121 1073 proprie
1151 988 1289 1055 rationis
1320 994 1380 1069 est,
1412 990 1474 1056 hoc
1504 1011 1565 1055 suo
1589 1010 1700 1054 munera

470 1101 583 1163 tamen
606 1097 692 1163 ratio
715 1096 809 1179 fungi
832 1096 947 1178 nequit
970 1094 1033 1160 nisi
1057 1099 1255 1179 cooperante
1279 1096 1460 1163 voluntate.
1495 1097 1591 1163 Unde
1606 1098 1702 1161 1111111

470 1206 626 1269 volantati
648 1204 807 1269 rationali
828 1201 1000 1285 imperium
1018 1201 1182 1268 tribuitur.
1216 1201 1278 1267 Per
1294 1204 1462 1287 imperium
1480 1208 1593 1270 autem
1608 1204 1702 1267 volun·

471 1310 553 1377 tatis
575 1308 797 1391 intellegimus
830 1312 940 1374 sotum
972 1308 1155 1375 voluntatis
1185 1308 1363 1375 facultates
1393 1308 1453 1374 sibi
1485 1310 1649 1376 subiectas
1673 1308 1704 1371 ad

472 1422 581 1483 actum
594 1413 793 1500 applicantis
805 1414 982 1480 secundum
995 1414 1103 1497 legem
1115 1414 1244 1481 unionis
1259 1415 1487 1481 substantialis
1502 1416 1595 1483 inter
1609 1436 1705 1497 corpus

472 1527 507 1590 et
529 1522 682 1589 animam.
714 1520 818 1585 Porro
841 1519 1000 1585 eiusmodi
1022 1519 1193 1604 imperium
1217 1525 1355 1588 vocatur
1378 1524 1558 1587 absolutum
1584 1526 1704 1586 111111

472 1630 660 1709 absolutum,
692 1630 790 1711 prout
820 1626 850 1691 ei
874 1626 915 1692 ab
939 1626 1014 1693 aliis
1037 1628 1193 1711 potentiis
1217 1628 1308 1694 nulla
1330 1650 1465 1713 prorsus
1488 1634 1551 1695 aut
1574 1626 1706 1710 eliquat

471 1734 662 1801 resistentia
692 1732 812 1817 opponi
842 1737 962 1817 potest.
1010 1733 1095 1799 Illud
1125 1754 1146 1799 1
1176 1734 1343 1800 veteribus
1377 1734 1634 1819 ,despoticum‘,
1661 1732 1707 1797 hoe

476 1841 679 1926 ,politicum“
706 1839 869 1905 translato
893 1840 935 1905 ab
958 1839 1096 1923 imperio
1121 1840 1208 1905 civili
1225 1840 1385 1905 vocabulo
1402 1840 1706 1922 1113111111111111Ι

561 1946 735 2031 Imperium
760 1946 946 2013 absolutum
968 1946 1123 2013 voluntas
1147 1946 1187 2011 de
1210 1946 1300 2013 facto
1315 1946 1349 2011 in
1365 1946 1489 2011 nullam
1505 1947 1609 2031 plane
1623 1945 1708 2011 facul-

473 2059 578 2122 tatem
601 2052 664 2119 sibi
687 2052 868 2118 subiectam
891 2056 1036 2130 exercet,
1068 2052 1100 2117 id
1125 2052 1210 2133 quod
1240 2052 1445 2137 experientia
1473 2054 1560 2120 satis
1584 2056 1708 2119 constat.

473 2162 548 2228 Non
572 2159 658 2225 enim
682 2180 759 2225 raro
783 2157 911 2234 accidit,
935 2162 973 2225 ut
995 2157 1142 2241 reliquae
1164 2158 1343 2225 facultates
1366 2180 1430 2223 non
1447 2158 1556 2225 solum
1572 2159 1640 2225 suis
1654 2178 1708 2223 mo

472 2268 560 2335 tibus
583 2264 766 2331 voluntatis
789 2263 961 2348 imperium
985 2268 1209 2342 antevertant,
1233 2286 1347 2330 verum
1371 2265 1471 2331 etiam
1487 2266 1709 2350 superveniens
1753 2288 1754 2315 1

471 2374 643 2459 imperium
667 2371 840 2438 admodum
865 2390 965 2454 aegre
989 2371 1168 2437 admittant
1188 2392 1248 2436 nec
1263 2370 1324 2436 nisi
1342 2377 1536 2439 cunctanter
1553 2378 1591 2439 et
1605 2371 1708 2454 imper·

472 2482 561 2547 fecte
591 2501 612 2545 a
642 2478 711 2544 suis
741 2478 869 2543 actibus
900 2476 1061 2545 contineri
1091 2478 1228 2561 possint.
1275 2477 1377 2560 quue
1407 2500 1471 2543 non
1496 2478 1605 2544 solum
1629 2476 1659 2541 in
1680 2476 1709 2539 iis

472 2586 629 2673 potentiis
653 2583 848 2669 experimur,
874 2605 958 2667 quae
981 2584 1015 2649 11
1033 2584 1252 2650 sensibilitate
1267 2582 1447 2651 fundantur
1463 2588 1497 2650 et
1513 2585 1592 2651 hinc
1607 2590 1708 2666 suapte

474 2697 593 2759 natura
617 2691 658 2756 ab
681 2690 832 2774 appetitu
855 2690 1011 2757 rationali
1034 2690 1140 2773 magis
1164 2690 1362 2774 discrepant,
1393 2690 1451 2756 sed
1482 2691 1585 2756 etiam
1610 2691 1642 2757 in
1664 2710 1708 2772 pe

471 2798 578 2867 tentia
608 2796 771 2881 spirituali
795 2802 829 2863 et
851 2796 1018 2863 voluntati
1041 2818 1137 2880 quam
1162 2797 1305 2862 maxime
1328 2798 1512 2876 coniuncta,
1540 2796 1649 2879 qualis
1670 2801 1708 2859 est

472 2904 671 2970 intellectus.
720 2902 807 2969 Nam
830 2901 915 2968 huno
940 2903 1039 2969 etiam
1064 2904 1227 2982 voluntas
1253 2904 1315 2971 etsi
1341 2905 1382 2971 ad
1405 2904 1467 2969 hoo
1490 2903 1708 2970 determinata.

473 3034 494 3078 1
517 3010 617 3079 certis
640 3007 896 3091 cogitationibus
917 3010 1049 3093 penitus
1073 3013 1132 3075 aut
1154 3010 1228 3075 ilico
1250 3014 1401 3075 avertere
1417 3010 1583 3075 interdum
1600 3028 1709 3091 nequa·

472 3138 570 3202 quam
593 3115 695 3183 valet.

475 3259 525 3331 94.
618 3260 770 3346 Competit
793 3268 898 3324 autem
920 3260 1084 3341 volantati,
1109 3266 1182 3325 teate
1204 3261 1398 3345 experientia
1412 3260 1643 3346 pcpcbolopica,
1666 3261 1709 3322 im·

468 3369 597 3453 perium
623 3364 821 3450 ,potonem
841 3386 895 3429 111
911 3386 974 3428 noa
1000 3364 1177 3429 absolutum
1193 3367 1228 3429 in
1244 3386 1349 3429 111111
1366 3374 1393 3429 et
1409 3367 1552 3451 stapulas
1567 3367 1709 3453 potentias
1752 3358 1753 3423 ἶ

473 3473 506 3536 11
530 3470 659 3537 1111111
682 3474 821 3535 naturae
844 3469 1007 3535 humanae
1031 3468 1091 3533 sibi
1116 3469 1273 3549 subditas,
1298 3474 1332 3535 et
1356 3470 1502 3553 quidem:

566 3581 594 3643 1.
619 3578 660 3641 Io
684 3578 904 3642 intellectuat
944 3575 1147 3658 Quamquam
1171 3575 1256 3641 enim
1279 3576 1433 3641 voluntas
1456 3598 1514 3661 per
1537 3598 1573 3642 se
1598 3578 1642 3643 sit
1663 3595 1709 3659 po

473 3683 580 3750 tentia
602 3702 710 3761 caeca,
735 3702 819 3765 quae
841 3682 923 3766 ipsa,
955 3684 993 3746 ut
1016 3682 1057 3746 ad
1083 3702 1176 3746 suum
1201 3686 1308 3748 actum
1332 3682 1463 3765 prodire
1485 3690 1597 3765 queat,
1629 3686 1709 3749 1111-

475 3790 611 3856 cedente
634 3788 781 3870 indigeat
803 3788 1003 3855 excitatione
1024 3792 1058 3854 et
1074 3788 1281 3870 aliquatenus
1296 3790 1440 3857 motione
1456 3809 1498 3855 ex
1514 3795 1611 3873 parte
1627 3786 1709 3855 intel·

474 3898 579 3963 lectus
590 3878 613 3974 ⁴,
630 3895 806 3959 secundum
822 3894 970 3961 axioma:
995 3894 1103 3975 ,Nihil
1120 3895 1257 3960 volitum
1275 3896 1337 3961 nisi
1353 3896 1640 3981 praecognitum“;
1663 3912 1708 3957 11-

475 4002 548 4087 gari
577 4007 688 4068 tamen
721 4020 786 4066 non
817 4005 937 4085 potest,
974 4000 1037 4066 hac
1068 4005 1207 4067 naturae
1237 4002 1425 4068 condicione
1448 4002 1594 4087 impleta,
1626 3998 1710 4066 intel·

475 4108 634 4175 lectuales
651 4106 861 4191 operationes
872 4106 1099 4190 multipliciter
1110 4128 1130 4173 a
1142 4108 1323 4175 voluntatis
1335 4108 1472 4193 imperio
1488 4130 1527 4175 11
1543 4107 1709 4177 directione

474 4214 633 4301 pendere,
665 4220 703 4281 ut
732 4214 851 4280 cotidie
879 4212 1076 4298 experimur.
1130 4214 1226 4281 Unde
1258 4216 1468 4299 consequitur
1497 4218 1592 4281 actus
1622 4214 1708 4281 etiam

474 4322 672 4400 intellectus,
700 4340 766 4385 non
789 4320 896 4385 minus
919 4340 958 4386 ao
983 4324 1168 4387 ceterarum
1192 4320 1397 4401 facultatum,
1428 4322 1462 4387 vi
1484 4322 1571 4387 illius
1594 4316 1708 4404 imperii

475 4448 554 4494 vere
576 4430 774 4493 voluntarios
797 4426 951 4492 dicendos
974 4446 1057 4493 esse.

477 4576 700 4590 .---.-.--
705 4576 787 4583 -..-

568 4660 577 4692 ¹
596 4661 624 4712 S.
638 4657 739 4723 mom,
750 4653 777 4708 S.
787 4652 870 4708 theol.
880 4654 903 4718 l,
913 4653 939 4718 2,
948 4671 974 4721 q.
985 4654 1026 4707 17.
1042 4653 1706 4725 811111,111111111111111111111111111111111,

566 4747 709 4800 ’.1111
728 4742 956 4807 1111111111,
977 4742 1055 4808 1254,
1074 4742 1099 4807 b,
1119 4744 1152 4797 4:
1171 4746 1188 4813 q
1205 4746 1255 4807 11
1275 4744 1327 4813 reo
1346 4744 1419 4815 dvm
1439 4748 1487 4797 11
1506 4745 1632 4809 σώματος
1644 4744 1706 4813 toas

478 4836 631 4904 δεσποτικὴν
650 4833 743 4903 ἀρχήν,
763 4834 777 4885 ὁ
797 4834 828 4886 δὲ
847 4834 907 4892 νοῦς
925 4836 973 4899 τῆς
991 4830 1108 4900 ὀρέξεως
1127 4831 1256 4901 πολιτικὴν
1274 4830 1317 4885 zai
1334 4832 1476 4901 βασιλικήν.

567 4925 578 4957 ⁸
598 4924 626 4976 S.
649 4920 739 4973 21111.
760 4921 784 4985 l,
803 4936 830 4988 q.
849 4918 892 4984 82,
911 4935 935 4973 a.
954 4920 987 4983 43
1009 4920 1031 4983 l,
1051 4919 1076 4985 2,
1095 4936 1119 4988 q.
1143 4921 1183 4983 17,
1203 4936 1227 4974 a.
1247 4920 1271 4973 6.

566 5016 576 5047 ⁴
596 5014 624 5066 S.
648 5009 738 5063 mam.
760 5012 784 5074 1,
803 5008 828 5072 2,
848 5025 874 5076 q.
894 5009 918 5073 9,
938 5025 963 5061 a.
986 5008 1009 5061 1.
