3909 5842
443 711 509 775 320
677 707 766 763 Sectio
785 708 818 762 ll.
856 707 936 763 Liber
954 710 975 764 l.
1013 708 1102 781 Caput
1120 709 1140 764 1.
1177 711 1318 766 Articulua
1336 713 1361 766 2.
1398 712 1463 780 61.

443 885 546 951 cietas
569 885 753 953 formaliter
776 886 998 964 constituitur,
1022 908 1096 953 cum
1119 893 1197 955 actu
1220 887 1334 955 sociali
1355 889 1493 974 proprie
1518 889 1619 957 dicto
1634 911 1706 956 cou-

442 990 533 1057 fundi
557 1012 622 1057 non
646 993 752 1073 debet,
778 994 854 1076 quia
878 1015 998 1081 corpus
1020 994 1152 1073 sociale,
1176 997 1355 1078 antequam
1372 995 1530 1080 perfecte
1548 1017 1621 1080 qua
1636 1017 1705 1082 per

441 1118 523 1163 sona
546 1097 680 1163 moralis
703 1099 917 1165 constitutum
940 1098 1052 1177 fuerit,
1076 1099 1258 1166 subiectum
1281 1121 1389 1184 capax
1411 1101 1562 1167 alicuius
1587 1102 1704 1168 collec

441 1203 533 1269 tivae
557 1203 696 1269 actionis
719 1223 792 1270 esse
815 1225 879 1270 non
903 1209 1024 1289 potest.
1071 1205 1180 1283 Quare
1203 1206 1308 1271 omnis
1331 1206 1494 1272 eiusmodi
1518 1209 1705 1275 multorum

443 1309 612 1376 consensio
636 1310 765 1377 ratione
788 1311 926 1376 subiecti
949 1332 1015 1376 non
1038 1334 1139 1377 uuum
1163 1315 1283 1390 actum,
1314 1313 1419 1378 multo
1448 1313 1568 1380 minus
1592 1315 1706 1381 sociali

442 1416 640 1483 auctoritate
655 1417 828 1495 sancitum,
854 1437 917 1500 quo
934 1418 1035 1483 etiam
1054 1416 1226 1483 minoritas
1242 1418 1438 1485 dissentiens
1453 1419 1704 1503 obstringetur.

442 1521 499 1587 sed
523 1522 631 1607 potius
654 1545 822 1590 numerum
845 1532 887 1588 tot
906 1527 1066 1590 actionum
1081 1525 1334 1591 indiuiduatium
1350 1524 1498 1606 exhibet,
1523 1529 1618 1608 quot
1632 1533 1706 1592 sunt

442 1628 589 1694 homines
612 1630 646 1695 in
669 1629 755 1694 idem
778 1629 935 1715 placitum
959 1630 1063 1697 libere
1086 1630 1339 1697 consentientes.

441 1759 510 1832 363.
602 1759 792 1834 Corollaria:
824 1763 848 1830 Ι.
873 1763 928 1829 Ius
954 1767 1154 1830 auctoritatis
1180 1763 1313 1831 socialis
1337 1785 1358 1830 a
1384 1764 1455 1830 iure
1480 1766 1707 1832 corastituendi

441 1873 499 1935 aut
515 1867 615 1936 etiarn
630 1867 888 1935 reconetituendi
903 1869 1096 1938 societatem
1112 1869 1214 1955 probe
1230 1870 1499 1953 distinguendum
1515 1878 1585 1939 est
1617 1872 1706 1938 Auo·

441 1975 588 2042 toritatis
610 1974 695 2041 enim
718 1975 852 2061 propria
875 1975 1000 2042 functio
1024 1977 1216 2044 societatem
1239 1977 1273 2042 in
1296 1998 1355 2042 suo
1378 1997 1452 2042 esse
1476 1979 1705 2046 constitutam

440 2083 677 2169 praesupponit,
702 2085 739 2147 ut
761 2101 804 2147 ex
828 2082 899 2147 eius
922 2086 1083 2169 conceptu
1099 2086 1202 2167 patet.
1235 2082 1442 2150 Constituere
1457 2085 1579 2150 autem
1597 2086 1706 2151 socie·

440 2191 544 2255 tatem
568 2191 620 2253 est
646 2185 805 2272 imprimis
827 2188 932 2272 ipsam
957 2192 1175 2256 auctoritatem
1203 2192 1399 2268 caustituerc,
1430 2208 1626 2274 perquam
1653 2213 1705 2257 so-

440 2296 543 2363 cietas
566 2295 751 2363 formaliter
774 2315 846 2360 esse
869 2293 994 2378 incipit.

439 2425 508 2497 364.
600 2427 641 2494 ΙΙ.
668 2429 775 2493 Causa
797 2427 900 2510 igitur
922 2427 1054 2512 proprie
1077 2427 1280 2494 constituens
1305 2428 1500 2494 societatem
1521 2435 1703 2497 extruso

440 2533 594 2600 rietatem
624 2555 689 2615 qua
718 2537 812 2600 talem
843 2533 1030 2615 quaerenda
1060 2537 1122 2611 est,
1152 2533 1305 2598 nimirum
1334 2535 1388 2599 vel
1417 2533 1452 2600 in
1474 2535 1560 2619 ipsis
1587 2539 1703 2603 causis

438 2637 645 2705 naturalibus
668 2643 703 2705 et
725 2639 824 2705 factis
848 2640 1116 2722 contingentibus
1139 2639 1314 2718 historicis,
1338 2640 1455 2723 quibus
1478 2641 1600 2709 divina
1624 2666 1701 2728 pro

439 2747 586 2813 videntia
615 2747 686 2813 sola
715 2747 892 2831 praesidet,
923 2749 975 2813 vel
1008 2747 1041 2812 in
1070 2747 1173 2812 libero
1203 2747 1444 2813 individuorum
1468 2769 1640 2814 consensu
1666 2756 1699 2816 et

440 2851 666 2932 conventione,
691 2853 744 2919 vel
769 2853 874 2919 inhia
898 2853 1047 2920 omnibus
1070 2853 1177 2920 simul.

439 2981 510 3054 665.
601 2985 659 3054 ΙΠ.
683 2985 815 3052 Arctior
837 2991 949 3053 tamen
973 3009 1077 3053 nexus
1095 2986 1249 3054 interius
1265 2987 1514 3054 constitutivum
1530 2992 1567 3054 et
1583 2988 1696 3073 ipsum

438 3091 488 3158 ius
519 3091 727 3158 auctoritatis
757 3091 887 3158 socialis
917 3097 987 3158 tum
1022 3093 1154 3176 quidem
1184 3092 1389 3159 intercedere
1419 3090 1596 3159 usandum
1629 3102 1694 3168 est,

439 3221 512 3266 cum
535 3201 607 3284 quis
630 3203 719 3267 titulo
740 3199 900 3285 fundatae
923 3223 944 3266 a
967 3221 1000 3266 se
1022 3202 1180 3267 cociacus
1202 3199 1272 3264 eius
1296 3221 1423 3282 quoque
1445 3199 1598 3283 regimen
1628 3202 1695 3266 sibi

438 3309 589 3374 reservat
613 3327 652 3372 ea
675 3307 759 3390 lege,
789 3310 827 3372 ut
857 3305 965 3372 etius
988 3305 1084 3390 primi
1108 3305 1292 3372 fundatoris
1314 3328 1412 3392 porro
1434 3305 1604 3389 integrum
1628 3309 1695 3373 sibi

437 3416 580 3492 maneat,
610 3412 644 3478 vi
675 3411 767 3478 cuius
794 3433 876 3496 opus
900 3433 920 3477 a
943 3432 978 3477 se
1002 3410 1175 3478 fundatum
1198 3433 1351 3480 successu
1374 3412 1534 3496 temporis
1555 3411 1694 3480 interne

437 3519 623 3585 modificare
653 3521 711 3584 aut
740 3515 979 3584 reconst'tuere
1008 3518 1155 3602 legitime
1184 3517 1330 3586 valeam.
1376 3517 1500 3584 Verum
1528 3518 1630 3585 etiam
1656 3519 1691 3585 in

367 3697 370 3702 ,
435 3625 498 3690 hoc
522 3646 600 3691 casu
623 3623 674 3689 ius
697 3623 905 3691 auctoritatis
929 3646 1002 3690 cum
1025 3625 1096 3691 iure
1112 3625 1327 3691 constitutivo
1343 3645 1549 3707 nequaquam
1564 3624 1690 3691 identi-

436 3733 562 3809 ficatur,
587 3731 644 3795 aad
667 3731 776 3814 potius
799 3751 841 3797 ex
864 3732 1056 3816 particulari
1079 3732 1175 3798 titulo
1198 3732 1233 3798 in
1255 3753 1319 3797 uno
1343 3732 1490 3798 subiecto
1508 3735 1689 3815 utrumque

436 3835 654 3919 coniungitur.

435 3967 505 4040 366.
596 3969 653 4037 IV.
677 3969 783 4050 Unde,
807 3975 924 4038 secluso
942 3974 1141 4057 particulari
1163 3972 1313 4037 historico
1335 3973 1420 4036 iuris
1442 3973 1541 4053 titulo,
1565 3969 1687 4037 intrin-

435 4097 510 4143 sece
539 4075 776 4144 reconstitucre
806 4077 998 4144 societatem
1029 4077 1095 4143 iam
1125 4077 1310 4144 formaliter
1339 4076 1564 4156 constitutam,
1596 4098 1626 4143 e.
1650 4099 1685 4162 g.

435 4183 591 4250 mutando
614 4181 893 4250 fundamentalem
917 4183 1085 4266 regiminis
1106 4183 1256 4262 formam,
1280 4205 1340 4268 per
1354 4203 1390 4249 se
1406 4203 1512 4266 neque
1527 4183 1590 4249 soli
1606 4205 1684 4250 auc

434 4290 563 4358 toritati
586 4310 691 4372 neque
714 4290 775 4356 soli
799 4289 950 4356 subditae
979 4290 1181 4356 multitudini
1210 4289 1378 4373 competit,
1408 4289 1468 4354 sed
1496 4290 1601 4356 totius
1630 4299 1683 4358 est

435 4396 580 4480 corpo1is
603 4397 734 4463 socialia
754 4397 806 4462 vel
823 4396 1033 4463 auctoritatis
1058 4419 1095 4462 aa
1118 4418 1271 4463 couocuau
1288 4396 1408 4460 saltem
1423 4395 1571 4478 legitime
1585 4416 1682 4480 prae·

434 4507 564 4589 sumpto
589 4507 743 4570 comarum
753 4527 767 4586 ;
789 4505 852 4570 nisi
875 4509 987 4571 tamen
1010 4503 1083 4588 ipsa
1105 4507 1226 4570 natura
1249 4501 1419 4568 societatis
1441 4523 1571 4568 omnem
1594 4503 1680 4568 eius·

434 4611 521 4676 modi
544 4611 759 4678 mutationem
784 4611 949 4690 excludat,
973 4609 1067 4677 utin
1090 4609 1217 4676 familia
1240 4609 1411 4692 contingit.

526 4790 533 4821 ¹
553 4787 623 4842 Hinc
642 4791 698 4852 est,
717 4789 788 4858 quad
809 4789 838 4841 et
857 4789 951 4840 auctor
969 4785 1031 4840 libri
1050 4785 1090 4839 Da
1107 4785 1202 4854 regim.
1222 4783 1307 4855 princ.
1326 4783 1345 4837 1.
1366 4785 1396 4848 l,
1416 4799 1439 4838 o.
1461 4783 1494 4837 13
1513 4784 1553 4838 ita
1571 4783 1677 4853 quidam

434 4877 466 4930 de
492 4876 566 4944 regis
591 4875 695 4940 officio,
721 4892 835 4944 regnum
862 4879 910 4929 aut
928 4875 1070 4930 civitatem
1096 4873 1271 4939 instituendi,
1290 4873 1426 4942 loquitur,
1451 4877 1485 4926 ut
1501 4871 1571 4927 illud
1587 4877 1675 4926 umen

433 4965 626 5034 hypotheticum
645 4971 667 5017 ct
682 4967 868 5032 particulare,
894 4981 947 5017 non
967 4967 1059 5018 autem
1085 4963 1210 5017 omnibus
1229 4961 1339 5030 regibus
1358 4977 1501 5016 commune
1520 4978 1571 5016 acu
1589 4979 1635 5030 per
1650 4977 1676 5013 ee

432 5051 466 5106 ad
485 5051 589 5120 regiam
608 5054 772 5120 potestatem
792 5067 845 5120 qua
863 5051 947 5105 talam
966 5051 1105 5121 pertinens
1124 5067 1184 5104 esse
1204 5049 1331 5103 declaret.
