3909 5842
443 630 486 696 84
663 626 756 682 Sestio
774 628 795 682 1.
832 627 913 682 Liber
930 628 952 682 1.
990 627 1080 699 Caput
1099 628 1145 683 ΙΙΙ.
1183 628 1325 683 Articulus
1343 629 1369 683 2.
1406 629 1468 698 53.

443 805 646 884 Mareotis,
680 826 747 871 non
780 810 892 873 autern
924 805 1143 890 praescientia
1175 798 1392 872 antecedente
1420 806 1525 891 ipsam
1555 806 1667 873 liberam

443 912 647 979 electionem.
679 911 836 989 Quamvis
859 911 944 979 enim
961 912 1022 978 Dei
1041 912 1270 996 praescientia,
1294 916 1410 998 utpote
1426 918 1570 991 aeterna,
1591 934 1668 997 prae·

442 1018 540 1085 cedat
569 1022 664 1084 actos
693 1022 826 1084 nostros
855 1018 949 1084 utin
972 1021 1093 1084 amasti
1117 1022 1299 1085 exsistentia
1328 1023 1455 1105 positos,
1486 1040 1551 1085 non
1578 1022 1669 1085 umen

440 1124 610 1209 praecedit
632 1144 690 1190 eos
712 1129 751 1192 ut
773 1124 813 1191 ab
838 1133 966 1191 aetem
990 1134 1071 1192 certo
1093 1126 1232 1210 tataros,
1256 1122 1393 1211 proinde
1416 1126 1479 1192 Dei
1501 1126 1670 1191 aeternitati

442 1235 477 1297 et
498 1230 714 1297 immensitati
733 1234 948 1317 praesenteel.

529 1340 559 1403 3.
591 1335 795 1420 Quamquam
827 1337 862 1403 in
891 1338 1059 1422 praesenti
1090 1337 1180 1403 vitae
1209 1340 1301 1405 statu
1331 1359 1411 1405 vere
1435 1359 1509 1404 cum
1540 1336 1670 1423 apostolo

440 1444 504 1510 dici
525 1442 632 1528 possit
654 1464 715 1509 nos
738 1463 838 1528 saepe
860 1443 971 1511 facere
995 1443 1115 1510 malum
1140 1444 1227 1527 quod
1249 1444 1410 1525 nolumus,
1436 1448 1472 1510 et
1492 1444 1671 1509 nonfacere
1745 1438 1746 1441 ’

438 1551 557 1616 bonum
589 1550 675 1632 quod
704 1550 867 1629 volumus,
897 1550 931 1616 id
960 1554 1074 1617 tamen
1105 1550 1145 1617 de
1175 1552 1222 1617 eis
1251 1555 1381 1617 tantum
1405 1549 1671 1635 concupiscentiae
1745 1572 1746 1625 f

438 1656 582 1723 motibus
613 1656 837 1741 accipiendum
868 1662 930 1735 est,
962 1656 1018 1739 qui
1042 1678 1062 1723 a
1084 1660 1200 1723 nostra
1222 1657 1377 1723 libertate
1400 1678 1466 1721 non
1488 1656 1628 1742 pendent
1646 1660 1672 1719 el

439 1763 495 1846 qui
524 1766 702 1847 propterea
731 1784 795 1829 non
826 1763 1031 1846 imputantur
1061 1762 1103 1828 ad
1127 1762 1267 1847 culpam.
1314 1762 1376 1828 Est
1399 1782 1480 1828 sane
1501 1762 1537 1827 in
1559 1762 1672 1829 homine

438 1870 531 1954 lapso
554 1890 677 1952 magna
699 1870 873 1937 infirmitas
896 1874 931 1937 et
953 1868 1122 1936 inclinatio
1145 1869 1187 1935 ad
1210 1869 1333 1935 malum
1356 1868 1481 1935 morale
1503 1870 1566 1937 sub
1580 1870 1673 1954 specie

438 1976 515 2042 boni
530 1976 744 2054 delectabilis,
768 1978 803 2041 et
817 1996 939 2057 magna
955 1974 1132 2041 difficultas
1148 1974 1191 2040 ad
1206 1975 1325 2040 bonum
1342 1976 1476 2051 morale,
1500 1976 1550 2042 ita
1565 1980 1671 2043 tarsen

438 2087 476 2149 ut
498 2084 684 2167 simpliciter
708 2085 819 2167 possit,
846 2085 1004 2164 quantum
1030 2081 1072 2147 ad
1096 2082 1232 2147 liberum
1257 2102 1449 2147 consensum
1474 2082 1605 2159 attinet,
1632 2102 1673 2146 re·
1745 2167 1746 2175 ἵ

438 2189 555 2254 sistere
578 2188 817 2256 tentationibus
844 2191 879 2253 et
908 2186 1191 2272 concupiscentiae
1218 2187 1370 2265 motibus,
1402 2189 1564 2271 quamvis,
1589 2192 1624 2255 ut
1643 2188 1673 2251 de

436 2296 523 2377 facto
545 2294 691 2372 resistet,
715 2294 884 2377 theologia
906 2294 1056 2372 docente,
1080 2295 1209 2377 gratiae
1233 2294 1421 2361 adiumento
1444 2294 1602 2378 indigeat.
1630 2294 1672 2359 lta

437 2401 537 2467 etiam
561 2401 720 2485 explicari
743 2400 912 2467 commode
934 2404 1083 2485 possunt,
1115 2420 1340 2483 quaecumque
1363 2401 1464 2467 effata
1488 2404 1673 2486 apparenter

438 2507 604 2574 contraria
626 2507 738 2573 afferri
760 2508 870 2573 solent
892 2506 963 2573 sive
987 2506 1234 2591 ascriptoribus
1250 2506 1482 2573 ecclesiasticis
1497 2508 1673 2589 sanctisque

436 2613 586 2697 patribus
610 2614 680 2679 sive
703 2635 746 2680 ex
768 2614 848 2699 ipsis
870 2613 963 2680 libris
987 2613 1091 2679 sacris
1101 2615 1124 2681 ².

525 2721 556 2785 4.
580 2719 743 2786 Voluntas
765 2718 909 2786 humana
931 2720 1163 2787 necessitatem
1180 2718 1309 2801 quidem
1325 2718 1452 2803 patitur
1467 2720 1672 2803 quantumst

436 2824 605 2891 essentiali
628 2828 663 2890 et
685 2824 817 2891 formali
839 2846 901 2891 sua
920 2825 1092 2892 tendentia
1107 2824 1150 2891 ad
1166 2826 1285 2891 bonum
1301 2825 1488 2893 universim.
1521 2824 1674 2909 Quidquid

435 2932 521 2997 enim
545 2935 597 2997 est
619 2931 806 3010 essentiale,
831 2952 870 2997 eo
893 2931 964 3016 ipso
989 2934 1041 2998 est
1063 2932 1294 3001 necessarium.
1339 2931 1465 2997 idcirco
1489 2934 1580 2999 Deus
1601 2934 1672 3017 ipse,

435 3040 511 3103 utut
539 3036 734 3113 liberrimus,
766 3057 832 3102 non
861 3039 973 3120 potest
1003 3057 1040 3102 se
1069 3058 1136 3102 non
1165 3057 1288 3104 amare.
1335 3037 1388 3102 Ad
1418 3038 1543 3103 nullum
1572 3042 1672 3105 autem

435 3144 554 3209 bonum
562 3146 765 3230 particulare
776 3142 931 3208 voluntas
943 3146 1058 3208 nostra
1071 3143 1279 3209 essentialem
1296 3148 1330 3211 et
1342 3144 1417 3210 hinc
1428 3144 1674 3211 necessitantem

433 3249 679 3315 inclinationem
709 3248 827 3327 habet;
859 3248 932 3315 ideo
963 3270 1006 3315 ex
1034 3271 1070 3316 se
1101 3250 1142 3316 ad
1170 3250 1232 3315 hoc
1255 3250 1310 3315 vel
1332 3250 1413 3316 illud
1436 3250 1622 3334 eligendum
1643 3268 1673 3315 se

436 3357 656 3425 determinare
678 3360 799 3441 potest.
831 3356 953 3434 Quodsi
975 3360 1088 3423 temen
1112 3356 1274 3423 obiectum
1298 3356 1498 3441 particulare
1521 3356 1586 3443 ipsi
1607 3379 1672 3443 pro·

433 3467 576 3549 ponatur
606 3462 676 3528 eius
707 3462 874 3530 essentiali
899 3463 1089 3530 tendentiee
1112 3464 1145 3528 iu
1169 3464 1289 3529 bonum
1313 3463 1443 3529 omnino
1467 3465 1672 3552 adaequatam

434 3575 469 3636 et
492 3590 557 3651 qua
579 3568 648 3635 tale
671 3569 850 3650 cognitum,
874 3590 939 3634 non
963 3568 1087 3653 poterit
1109 3590 1182 3635 eam
1206 3590 1271 3634 non
1294 3590 1427 3636 movere
1450 3570 1629 3637 efficaciter
1645 3574 1673 3635 et

434 3674 476 3741 ad
500 3677 609 3740 actum
634 3674 818 3759 applicare;
844 3679 1046 3759 quapropter
1067 3675 1101 3740 in
1116 3676 1178 3741 hoc
1195 3696 1273 3741 casu
1289 3676 1444 3743 voluntas
1460 3677 1524 3743 erit
1538 3676 1672 3744 neaemi-

433 3786 507 3848 tata
529 3802 594 3845 non
617 3802 660 3846 ex
683 3781 814 3849 defectu
837 3802 918 3847 suae
941 3782 1085 3861 virtutis,
1110 3781 1168 3848 sed
1191 3802 1233 3847 ex
1254 3782 1458 3866 perfectione
1474 3782 1672 3865 cognitionis,

433 3908 498 3971 qua
521 3885 626 3953 omnis
649 3886 869 3955 indifferentia
891 3888 1001 3954 iudicii
1026 3888 1220 3955 excluditur.
1253 3889 1343 3955 Talis
1367 3893 1419 3956 est
1441 3894 1536 3957 actus
1559 3889 1672 3957 amoris

433 3994 494 4060 Dei
517 3994 551 4059 in
575 3992 691 4060 beatis.

523 4102 553 4167 5.
586 4098 789 4182 Quamquam
823 4100 856 4165 in
890 4102 988 4167 rebus
1018 4104 1118 4187 plora
1151 4102 1347 4167 evidentibus
1381 4122 1536 4169 assensus
1569 4100 1671 4169 iudicii

432 4206 666 4275 intellectualis
704 4227 764 4290 per
800 4207 906 4291 ipsam
943 4212 1152 4293 perspectam
1191 4208 1367 4276 veritatem
1410 4208 1599 4277 immediate
1634 4208 1670 4273 ad

432 4334 531 4379 unum
562 4312 818 4393 determinatur,
852 4319 887 4381 et
918 4320 1056 4381 eatenus
1087 4314 1188 4382 etiam
1218 4315 1384 4383 voluntati
1415 4317 1521 4383 omnis
1551 4317 1670 4383 indiffe-

432 4419 560 4487 rentiae
593 4422 628 4485 et
659 4418 829 4485 electionis
858 4420 999 4486 materia
1030 4420 1152 4487 intuitu
1183 4420 1271 4486 illius
1304 4422 1522 4501 subtrahitur,
1556 4442 1669 4505 nequa-

433 4544 530 4607 quam
561 4528 675 4591 tamen
704 4525 839 4591 veritati
871 4526 1067 4610 respondet,
1101 4526 1128 4593 si
1159 4528 1360 4609 generaliter
1388 4530 1481 4595 natta
1508 4529 1597 4614 facta
1627 4530 1668 4593 di·

432 4632 596 4696 stiactioae
626 4630 772 4698 dicatur:
804 4633 1077 4715 quemadmodum
1107 4634 1261 4700 iudicium
1291 4634 1479 4703 intellectus
1507 4658 1566 4720 per
1592 4635 1668 4701 veri-

523 4882 593 4936 ¹0f.
612 4886 641 4938 S.
665 4884 765 4950 diram,
786 4882 812 4938 S.
831 4882 914 4939 theol.
935 4885 957 4948 1,
977 4900 1004 4953 q.
1025 4885 1065 4949 19,
1085 4902 1109 4939 a.
1129 4884 1146 4939 8
1154 4904 1160 4949 ;
1181 4902 1205 4953 q.
1226 4885 1268 4949 83,
1288 4902 1313 4939 a.
1334 4887 1347 4939 l
1368 4886 1402 4941 ad
1421 4886 1445 4941 3.

521 4974 532 5005 ¹
551 4970 592 5025 Of.
613 4974 641 5026 S.
663 4972 764 5039 mss„
783 4972 810 5026 S.
829 4971 912 5025 theol.
934 4973 958 5036 1,
976 4990 1003 5041 q.
1023 4971 1066 5037 83,
1085 4990 1110 5027 a.
1131 4974 1143 5027 l
1165 4972 1199 5027 ad
1220 4972 1249 5037 1;
1269 4976 1298 5027 et
1316 4990 1342 5042 q.
1362 4974 1404 5039 81,
1424 4990 1448 5029 a.
1469 4974 1485 5029 3
1504 4974 1538 5029 sd
1557 4976 1582 5029 2.
