3909 5842
509 669 550 724 De
568 669 648 724 modo
665 669 798 726 indirecto
817 671 968 742 deponendi
989 671 1099 728 dubium
1118 672 1276 742 practicum.
1455 677 1517 742 287

269 850 358 920 thesi
381 849 515 916 dicitur:
540 847 670 931 quoties
692 849 825 915 dubium
848 851 1088 935 speculativum
1107 855 1262 918 versatur
1277 851 1365 917 cirea
1379 851 1520 918 medium

270 957 492 1024 necessarium
516 957 679 1022 adfinem
703 959 778 1028 etc..
802 957 823 1023 i.
848 977 876 1023 e.
901 957 929 1023 si
952 957 1156 1041 speculative
1180 957 1359 1040 ambigitur
1374 957 1413 1022 de
1429 957 1521 1022 suffi-

271 1064 393 1131 cientia
422 1063 476 1128 vel
505 1061 739 1130 insufficientia
769 1063 907 1129 alicuius
936 1063 1036 1129 medii
1059 1062 1213 1147 (actionis
1236 1063 1290 1128 vel
1314 1062 1521 1146 omissionis),

273 1192 338 1254 quo
367 1169 467 1235 realis
495 1168 685 1252 adimpletio
707 1169 782 1235 finis
805 1169 858 1234 vel
882 1170 1019 1236 effectus
1044 1172 1134 1236 certo
1158 1169 1259 1236 debiti
1282 1170 1366 1252 (sive
1388 1169 1522 1254 positivi

271 1277 343 1343 sive
359 1274 521 1359 negativi)
541 1274 573 1340 in
590 1278 664 1340 tuto
680 1275 870 1353 collocetur,
894 1276 1040 1360 practice
1056 1297 1121 1342 non
1137 1275 1215 1340 licet
1230 1275 1323 1357 sequi
1339 1275 1522 1360 opinionem

271 1382 484 1468 probabilem,
516 1401 600 1463 quae
629 1401 695 1445 non
725 1380 822 1446 simul
852 1381 896 1446 sit
919 1381 1034 1460 tutior,
1065 1381 1085 1450 i.
1110 1402 1137 1449 e.
1162 1381 1250 1460 talis,
1282 1402 1346 1464 qua
1369 1381 1417 1446 illi
1441 1380 1522 1447 obli·

270 1488 399 1574 gatiani
422 1487 492 1572 (lini
514 1487 650 1553 realiter
673 1485 878 1572 complendo)
903 1489 1026 1554 certius
1049 1488 1201 1555 satisfiat.

360 1625 529 1700 Probatur.
575 1629 674 1694 Certa
697 1633 732 1695 et
754 1629 888 1696 indubia
911 1630 1080 1712 obligatio,
1108 1651 1173 1712 qua
1196 1631 1273 1697 talis
1298 1630 1440 1713 cognita,
1471 1650 1522 1696 se-

271 1737 414 1802 cundum
437 1734 602 1802 dictamen
625 1739 737 1802 rectae
752 1735 892 1804 rationis
907 1746 1026 1803 cenom
1042 1757 1171 1820 quoque
1187 1740 1221 1804 et
1237 1737 1402 1803 indubiam
1419 1737 1522 1803 adim·

272 1844 452 1928 pletionem
476 1863 518 1908 ex
541 1847 637 1927 parte
653 1842 792 1925 obligati
807 1843 965 1927 postulat.
997 1847 1097 1932 Atqui
1111 1845 1144 1910 in
1161 1845 1330 1930 proposita
1349 1843 1524 1928 hypothesi

275 1950 407 2017 dubium
438 1949 679 2033 speculativum
709 1950 763 2014 vel
793 1949 1000 2033 speculativa
1026 1951 1218 2018 alterutrius
1240 1950 1426 2018 sententiae
1448 1970 1524 2033 pro-

273 2055 429 2122 babilitas
458 2075 664 2138 nequaquam
692 2054 839 2138 impedit,
870 2056 1043 2138 quominus
1067 2061 1159 2122 certa
1182 2056 1342 2124 subsistat
1366 2056 1524 2139 obligatio

274 2163 366 2228 illum
382 2163 479 2226 finem
495 2160 641 2227 debitum
658 2161 794 2228 realiter
816 2161 1015 2246 adimplendi
1039 2163 1093 2228 vel
1116 2163 1207 2228 illum
1231 2163 1382 2229 effectum
1407 2183 1526 2228 revera

275 2265 413 2334 vitandi.
445 2267 532 2351 Erpa
555 2265 589 2331 in
606 2266 765 2332 eiusmodi
780 2267 878 2333 dubio
894 2289 937 2333 ex
953 2268 1129 2334 dictamine
1145 2273 1257 2335 rectae
1272 2268 1410 2335 rationis
1425 2289 1524 2334 unus·

277 2373 414 2456 quisque
437 2377 570 2439 tenetur
592 2373 640 2438 illi
664 2378 775 2439 certae
794 2373 997 2457 obligationi,
1022 2379 1178 2457 quantum
1201 2397 1222 2441 a
1243 2397 1304 2441 sua
1319 2374 1424 2440 libera
1439 2375 1524 2440 elec-

276 2480 367 2546 tione
389 2481 520 2563 pendet,
544 2479 750 2558 satisfacere,
774 2480 794 2546 i.
812 2501 840 2547 e.
857 2481 1006 2564 praetive
1029 2482 1117 2547 viam
1142 2482 1296 2548 tutiorem
1320 2502 1400 2566 prae
1418 2481 1525 2548 minus

275 2591 360 2662 tuta,
385 2585 536 2668 quamvis
558 2586 740 2652 theoretice
763 2586 924 2669 probabili
947 2591 1007 2652 ant
1029 2587 1257 2671 probabiliore,
1282 2588 1413 2670 eligere.

366 2696 476 2760 Maior
507 2693 694 2776 argumenti
726 2697 821 2777 patet
850 2713 893 2758 ex
922 2693 972 2774 iis,
1008 2715 1093 2776 quae
1125 2716 1225 2780 supra
1256 2697 1296 2760 de
1326 2693 1526 2760 conscientia

276 2805 368 2867 certa
391 2800 540 2867 stabilita
562 2804 649 2868 sunt.

367 2909 478 2974 Minor
500 2927 559 2991 per
581 2907 686 2989 ipsam
711 2905 909 2990 hypothesin
929 2907 1012 2973 satis
1028 2907 1205 2974 manifesta
1221 2912 1282 2985 est,
1307 2908 1426 2992 quippe
1443 2927 1526 2989 quae

275 3014 473 3098 prudentem
497 3033 592 3078 usum
611 3011 788 3078 axiomatis
808 3013 881 3089 ,lex
897 3013 996 3078 dubia
1012 3035 1077 3080 non
1092 3013 1236 3096 obligat¹⁴
1255 3014 1353 3098 plane
1370 3012 1525 3090 excludit,

277 3142 351 3186 curn
373 3121 430 3186 lex
453 3119 604 3201 obligans
624 3141 689 3185 non
712 3119 865 3185 obstante
887 3120 944 3185 illo
967 3120 1064 3185 dubio
1087 3120 1167 3186 faeti
1184 3119 1367 3186 certissima
1382 3123 1525 3185 maneat.

366 3227 463 3292 Unde
486 3231 521 3293 et
543 3247 734 3312 consequens
757 3225 855 3291 dubia
878 3246 1039 3291 essenon
1062 3229 1182 3309 potest.
1229 3225 1274 3290 Et
1296 3246 1390 3304 sane,
1416 3225 1470 3307 qui
1493 3223 1526 3288 in

276 3333 339 3399 tali
363 3354 443 3398 casu
465 3333 509 3412 id,
534 3332 621 3414 quod
643 3331 790 3397 securius
813 3336 874 3410 est,
900 3352 973 3397 eum
997 3330 1112 3415 possit,
1136 3331 1258 3413 eligere
1274 3331 1387 3409 nollet,
1411 3349 1526 3414 specu-

275 3439 383 3506 lativa
411 3439 499 3506 forte
527 3438 760 3523 probabilitate
792 3458 872 3503 suae
895 3437 1056 3521 opinionis
1079 3439 1236 3516 confisus,
1268 3437 1357 3502 nullo
1387 3437 1527 3502 modos

278 3546 414 3613 crimine
444 3546 611 3630 practicae
640 3545 841 3612 temeritatis
870 3543 1022 3610 excusari
1051 3548 1180 3628 posset,
1212 3563 1296 3625 quae
1327 3542 1457 3626 quidem
1487 3563 1526 3607 eo

275 3653 415 3737 gravior
431 3653 595 3719 censenda
610 3657 672 3731 est,
690 3673 753 3735 quo
769 3651 904 3734 gravior
914 3651 999 3732 finis,
1016 3651 1070 3734 qui
1087 3651 1120 3716 in
1132 3651 1312 3735 periculum
1324 3649 1497 3716 adducitur
1505 3651 1526 3716 ¹.

276 3791 346 3864 319.
436 3789 654 3864 corollarium.
699 3794 737 3859 In
767 3793 961 3878 particulari
991 3793 1093 3877 igitur
1122 3815 1201 3859 usus
1223 3791 1445 3878 probabilismi
1470 3791 1526 3856 ad·

276 3899 368 3966 mitti
391 3899 520 3982 nequit:

372 4008 401 4072 1.
425 4006 480 4070 ubi
503 4005 635 4070 dubium
659 4011 812 4073 versatur
835 4007 923 4072 circa
945 4006 1168 4072 condicionem
1184 4011 1243 4073 aut
1258 4006 1399 4072 medium
1416 4025 1528 4070 neces-

274 4111 403 4179 sarium
426 4111 530 4196 ipsius
552 4112 626 4177 linis
649 4113 755 4179 ultimi
780 4113 1016 4196 consequendi;

371 4223 401 4285 2.
432 4219 487 4284 ubi
512 4218 624 4301 agitur
647 4219 688 4285 de
710 4220 825 4286 valore
849 4225 943 4287 aetus
974 4221 1016 4286 ad
1041 4221 1193 4286 effectum
1218 4221 1359 4302 aliquem
1384 4217 1528 4283 debitum

277 4326 467 4393 necessario
489 4326 657 4408 requisiti,
686 4327 735 4393 uti
758 4349 786 4393 e.
811 4347 843 4409 g.
869 4327 1031 4410 contingit
1054 4327 1087 4392 in
1111 4327 1396 4393 administratione
1419 4343 1528 4390 sacra·

276 4437 484 4509 mentorum,

372 4542 401 4605 3.
427 4539 455 4603 si
479 4537 648 4621 quaeritur
671 4539 712 4604 de
735 4537 857 4604 iniusto
874 4538 992 4603 damno
1008 4537 1109 4616 tertii,
1135 4538 1220 4620 quod
1239 4537 1326 4603 forte
1343 4557 1385 4602 ex
1401 4533 1530 4602 actione

280 4649 478 4713 eventurum
501 4645 555 4712 sit.
602 4644 692 4722 Quae
716 4644 933 4711 consideratio
957 4665 1022 4709 non
1047 4665 1122 4709 raro
1147 4665 1220 4710 cum
1244 4643 1378 4728 speciali
1401 4643 1530 4709 ratione

280 4752 436 4831 muneris,
461 4752 548 4835 quod
571 4752 644 4834 quis
667 4753 851 4818 obeundum
874 4751 985 4829 habet,
1010 4750 1203 4818 conectitur.
1246 4751 1299 4817 Ita
1322 4772 1349 4818 e.
1373 4772 1405 4834 g.
1430 4749 1530 4816 iudex

375 5016 383 5047 ¹
403 5013 445 5068 cf.
465 5015 571 5068 Suorez
587 5011 605 5065 l.
626 5029 649 5066 c.
668 5018 734 5067 sect.
754 5012 778 5077 6,
799 5013 815 5080 fl
834 5013 850 5066 8
870 5011 895 5065 9.
1029 4973 1034 4984 ⁸
