3909 5842
799 651 905 705 Relatio
924 651 1047 706 iuridica.
1337 705 1339 708 ,
1479 656 1543 720 391

295 830 336 893 ut
359 827 464 910 ipsum
487 846 546 910 per
569 848 605 892 se
628 827 676 892 illi
698 829 755 894 fini
777 829 1045 913 proportionetur
1061 833 1238 912 aptumque
1254 829 1308 907 sit,
1333 828 1547 911 quod'sociali

295 933 495 1017 organismo,
520 955 614 1016 quem
633 935 721 1002 Deus
745 935 778 1000 in
794 935 845 1000 his
861 935 961 1002 terris
984 935 1174 1002 institutum
1198 935 1312 1013 voluit,
1337 955 1455 1001 revers
1477 933 1547 999 suf·

295 1039 410 1105 ficiens
434 1039 558 1105 morale
581 1042 844 1106 sustentaculum
867 1041 1027 1124 praebeat
1043 1043 1079 1105 et
1093 1038 1214 1105 efficax
1228 1039 1421 1106 stabilitatis
1436 1041 1547 1104 firma-

295 1152 454 1214 mentum.
501 1149 601 1232 Atqui
623 1145 757 1212 moralis
780 1146 1017 1213 inviolabilitas
1040 1146 1121 1211 iuris
1143 1146 1207 1212 nisi
1230 1149 1320 1212 osset
1342 1144 1437 1210 simul
1460 1168 1546 1211 eoae·

295 1256 372 1336 lica,
396 1255 548 1336 spectata
570 1252 735 1319 hominum
759 1255 914 1320 libertate
938 1253 1111 1338 multiplici
1134 1253 1350 1338 cupiditatum
1366 1273 1405 1318 ao
1420 1252 1546 1336 passio·

296 1381 374 1424 num
406 1358 545 1425 influxui
578 1360 736 1441 obnoxia,
772 1383 838 1428 non
872 1363 977 1426 solum
1011 1382 1072 1445 per
1105 1360 1257 1426 accidens
1291 1365 1325 1427 et
1360 1358 1453 1440 quasi
1487 1379 1547 1442 por

296 1465 537 1550 exceptionem,
568 1467 626 1533 sed
649 1467 770 1551 passim
795 1467 1007 1544 insufficiens,
1038 1467 1138 1533 immo
1161 1470 1308 1534 illusoria
1331 1467 1419 1532 foret
1441 1469 1476 1532 et
1499 1464 1547 1530 illi

295 1572 354 1638 fini
377 1571 557 1640 efficaciter
579 1574 782 1657 assequendo
802 1597 864 1660 per
886 1597 919 1642 ee
941 1577 1058 1660 impar.
1090 1572 1217 1656 Negari
1234 1573 1335 1656 igitur
1355 1593 1420 1638 non
1435 1575 1547 1657 potest

295 1678 404 1762 ipsum
428 1679 638 1745 essentialem
662 1682 760 1746 finem
784 1681 864 1746 iuris
888 1681 987 1765 plane
1011 1680 1155 1762 exigere,
1179 1683 1216 1746 nt
1239 1679 1290 1746 ius
1305 1679 1350 1746 sit
1365 1682 1546 1746 coactivum.

296 1815 370 1888 480.
461 1818 557 1885 Unde
592 1820 680 1887 haud
713 1823 877 1888 immerito
912 1822 1050 1888 eandem
1084 1821 1165 1886 iuris
1199 1822 1436 1906 proprietatem
1468 1841 1546 1886 con·

296 1923 444 1990 siderare
467 1925 545 1991 licet
568 1931 737 2010 tamquam
761 1931 955 1996 sanctionem
980 1931 1146 2016 quondam
1162 1930 1249 1993 orani
1264 1930 1449 2014 oblipalioni
1462 1932 1546 1993 iari-

299 2029 392 2096 elicce
418 2035 565 2116 praecise
594 2057 659 2120 quc
690 2037 748 2100 loli
774 2039 944 2122 propriam
975 2039 1010 2101 et
1040 2033 1203 2100 communi
1233 2032 1361 2099 ethicae
1384 2034 1545 2100 sanctioni

298 2137 576 2221 supperadditam.
609 2139 742 2205 Etticce
766 2139 852 2204 enim
874 2139 1036 2205 sanctioni
1057 2159 1150 2204 esuo
1165 2139 1231 2202 fine
1247 2139 1398 2220 congruit
1420 2144 1546 2206 rectum

297 2243 455 2310 moralem
479 2243 626 2310 ordinem
642 2244 800 2310 adversus
816 2246 1019 2313 inordinatos
1034 2244 1196 2311 humanae
1211 2244 1376 2310 libertatis
1391 2265 1547 2311 excessus

298 2348 346 2415 ita
378 2370 527 2415 asserere
560 2353 660 2432 atque
694 2352 844 2418 effective
873 2351 1052 2428 vindicare,
1084 2355 1121 2416 ut
1151 2351 1182 2417 ei
1212 2354 1321 2416 cartus
1352 2349 1481 2432 quidem
1512 2355 1546 2416 et

299 2455 502 2538 adaequatus
525 2457 710 2541 triumphus
733 2463 877 2536 maneat,
901 2481 1017 2524 verum
1040 2463 1152 2524 tamen
1175 2481 1239 2524 aon
1255 2460 1466 2542 inpraesenti
1481 2460 1546 2522 cite

299 2561 346 2643 (in
370 2562 448 2643 via),
473 2562 530 2628 sed
554 2562 587 2627 in
611 2563 724 2629 futura
746 2563 925 2630 immortali
941 2564 989 2644 (in
1004 2563 1159 2646 termino)
1175 2563 1310 2629 realiter
1325 2562 1545 2645 complendus.

302 2669 422 2735 Rectus
452 2674 562 2737 autern
592 2672 718 2735 socialis
748 2672 827 2737 ordo
857 2675 947 2738 totus
977 2671 1067 2736 intra
1092 2670 1188 2736 huius
1211 2669 1301 2735 vitae
1323 2667 1445 2733 limites
1468 2688 1546 2733 con·

299 2775 432 2854 tinetnr,
458 2779 492 2842 et
513 2776 586 2841 ideo
610 2777 786 2842 secundum
811 2777 917 2843 ideam
942 2777 1044 2842 divini
1068 2775 1265 2843 ordinatoris
1288 2773 1464 2840 manifeste
1479 2778 1546 2840 iam

299 2885 333 2946 in
363 2884 413 2948 lis
443 2885 539 2949 terrie
563 2886 597 2948 et
619 2883 769 2967 proxime
793 2885 837 2950 cd
857 2885 986 2968 fructus
1008 2887 1092 2950 vitoe
1110 2886 1291 2968 proesentis
1314 2883 1444 2946 realiter
1467 2904 1545 2946 ccm-

297 2990 424 3073 pleolur
447 3009 581 3054 necesse
606 2994 667 3056 est.
713 2991 773 3068 Qui
797 2997 936 3058 naturae
960 2992 1034 3056 finis
1054 2995 1124 3057 tam
1139 2989 1327 3056 immediate
1343 2988 1546 3054 necessarius

298 3112 339 3156 ne
362 3113 421 3176 per
440 3091 572 3158 humani
589 3094 717 3160 arbitrii
733 3094 988 3162 inconstantiam
1005 3099 1063 3160 aut
1078 3093 1238 3159 malitiam
1253 3115 1313 3158 suo
1329 3094 1411 3160 reali
1427 3095 1545 3160 effectu

298 3197 451 3263 frustrari
474 3198 588 3281 possit,
613 3199 710 3265 facile
733 3201 937 3284 intellegitur
959 3205 1093 3285 praeter
1116 3199 1318 3265 sanctionem
1343 3221 1544 3265 communem

299 3306 428 3369 ellicum
454 3324 535 3387 opus
559 3325 632 3370 esse
654 3306 788 3390 insuper
811 3308 887 3387 alis,
921 3308 1013 3372 cuius
1044 3305 1192 3372 efficacia
1215 3305 1259 3370 sit
1282 3304 1323 3370 ad
1347 3308 1471 3370 rectum
1496 3305 1546 3370 iu-

297 3409 409 3474 stitiae
434 3409 579 3475 ordinem
603 3411 760 3477 tuendum
784 3417 842 3479 aut
865 3413 1084 3498 reparandum
1106 3411 1229 3495 iugiter
1250 3435 1403 3498 praesens
1419 3414 1473 3478 vel
1488 3417 1546 3478 im·

297 3517 431 3580 minens.
477 3515 523 3582 Et
552 3516 653 3582 talem
679 3517 808 3600 quidem
833 3523 947 3604 aperte
970 3520 1044 3603 ipsa
1066 3518 1302 3584 inviolabilitas
1325 3523 1464 3585 coactiva
1487 3540 1545 3585 ex-

298 3621 397 3700 hibet,
423 3642 487 3704 qua
508 3643 590 3706 prae
614 3624 732 3690 ceteris
756 3627 917 3692 iuridicoe
932 3624 1111 3692 relationes
1126 3624 1326 3691 muniuntur.
1357 3625 1544 3706 Enimvero,

298 3729 447 3812 quamvis
470 3733 505 3796 et
527 3729 593 3796 ista
616 3733 746 3798 socialis
770 3733 893 3798 ordinis
916 3733 1044 3799 sanctio
1068 3753 1127 3816 per
1143 3753 1347 3797 communem
1363 3753 1472 3798 rerum
1487 3733 1544 3797 hu·
1596 3787 1599 3792 .

298 3857 466 3901 manarum
492 3835 773 3905 defectibilitatem
797 3840 883 3906 haud
908 3839 1061 3917 sufficiat,
1085 3842 1123 3904 ut
1145 3838 1178 3902 iu
1203 3841 1357 3904 concreta
1379 3837 1545 3904 hominum

297 3941 456 4007 societate
480 3964 602 4029 semper
625 3949 659 4012 et
682 3946 796 4032 ubique
818 3948 869 4012 ius
893 3952 927 4013 et
949 3945 1078 4014 iustitia
1101 3948 1217 4010 contra
1239 3944 1434 4010 iniustitiam
1449 3965 1544 4028 prae·

298 4051 418 4127 valeat,
442 4049 513 4115 fieri
536 4053 646 4116 tamen
672 4053 802 4119 omnino
826 4054 949 4137 nequit,
974 4057 1020 4133 ut,
1045 4051 1229 4136 generatim
1244 4050 1378 4133 vigente
1393 4050 1449 4114 illo
1465 4050 1545 4115 iuris

298 4154 485 4233 munimine,
516 4159 684 4222 structura
707 4160 876 4226 societatis
899 4161 933 4225 in
957 4181 1018 4225 sua
1040 4161 1193 4224 totalitate
1215 4157 1352 4222 fatiscat
1375 4159 1475 4238 atque
1497 4155 1546 4221 ita

298 4261 481 4328 essentialis
504 4262 578 4327 finis
602 4269 742 4330 naturae
765 4265 896 4331 socialis
920 4286 979 4330 sua
1002 4264 1157 4330 realitate
1179 4263 1338 4346 privetur.

555 4435 588 4489 ΙΙ.
610 4439 727 4492 Ouinam
744 4441 860 4494 sctieclc
879 4442 989 4509 eopendi
1002 4447 1120 4508 poterim
1138 4440 1290 4505 competat?

298 4541 362 4612 481.
454 4543 609 4610 Coactiva
638 4545 718 4613 iuris
741 4547 977 4614 inviolabilitas
1001 4567 1044 4612 ex
1068 4546 1164 4612 dictis
1187 4545 1234 4610 nil
1256 4544 1346 4610 alind
1369 4543 1543 4626 significat,

299 4671 392 4732 quam
417 4669 490 4714 cum
514 4654 681 4732 potestate
704 4655 861 4737 legitima,
887 4675 970 4736 quae
995 4653 1149 4738 primario
1173 4651 1224 4717 ius
1240 4650 1421 4729 constituit,
1445 4649 1544 4716 aliam

298 4759 469 4838 praeterea
492 4759 713 4825 essentialiter
737 4761 888 4844 coniungi
909 4768 1091 4847 potestatem
1115 4762 1209 4845 quasi
1231 4759 1466 4824 subsidiariam
1481 4778 1543 4822 non

299 4865 402 4929 minus
426 4862 605 4948 lepidiorem,
638 4867 780 4934 officium
810 4867 872 4932 iuri
898 4865 1156 4950 correspondens
1180 4863 1280 4930 etiam
1305 4863 1483 4940 coactione,
1515 4863 1544 4928 si

298 4993 377 5055 opus
401 4973 510 5054 fucrit,
535 4975 576 5041 ad
601 4996 695 5040 suum
719 4973 842 5039 realem
866 4973 1018 5038 effectum
1037 4971 1186 5054 urgendi.
1218 4968 1338 5047 Quaeri
1352 4969 1455 5052 igitur
1470 4973 1545 5053 pot·
