<?xml version="1.0" encoding="UTF-8"?>
<!DOCTYPE html PUBLIC "-//W3C//DTD XHTML 1.0 Transitional//EN"
    "http://www.w3.org/TR/xhtml1/DTD/xhtml1-transitional.dtd">
<html xmlns="http://www.w3.org/1999/xhtml" xml:lang="en" lang="en">
 <head>
  <title>
</title>
<meta http-equiv="Content-Type" content="text/html;charset=utf-8" />
  <meta name='ocr-system' content='tesseract 3.04.00' />
  <meta name='ocr-capabilities' content='ocr_page ocr_carea ocr_par ocr_line ocrx_word'/>
</head>
<body>
  <div class='ocr_page' id='page_1' title='image "./institutionesiu00meyegoog_0062.png"; bbox 0 0 3909 5842; ppageno 0'>
   <div class='ocr_carea' id='block_1_1' title="bbox 410 520 1416 593">
    <p class='ocr_par' dir='ltr' id='par_1_1' title="bbox 410 520 1416 593">
     <span class='ocr_line' id='line_1_1' title="bbox 410 520 1416 593; baseline -0.002 -15"><span class='ocrx_word' id='word_1_1' title='bbox 410 529 450 593; x_wconf 86' lang='lat'><strong>10</strong></span> <span class='ocrx_word' id='word_1_2' title='bbox 645 523 775 579; x_wconf 86' lang='lat' dir='ltr'><strong>SectioI.</strong></span> <span class='ocrx_word' id='word_1_3' title='bbox 810 522 891 578; x_wconf 83' lang='lat' dir='ltr'><strong>Liber</strong></span> <span class='ocrx_word' id='word_1_4' title='bbox 909 523 929 577; x_wconf 93' lang='lat'><strong>1.</strong></span> <span class='ocrx_word' id='word_1_5' title='bbox 968 522 1057 593; x_wconf 78' lang='lat' dir='ltr'><strong>Caput</strong></span> <span class='ocrx_word' id='word_1_6' title='bbox 1075 521 1096 576; x_wconf 90' lang='lat' dir='ltr'><strong>l.</strong></span> <span class='ocrx_word' id='word_1_7' title='bbox 1135 520 1273 576; x_wconf 54' lang='lat' dir='ltr'><strong>&amp;ticulus</strong></span> <span class='ocrx_word' id='word_1_8' title='bbox 1291 522 1317 577; x_wconf 83' lang='lat'><strong>2.</strong></span> <span class='ocrx_word' id='word_1_9' title='bbox 1354 521 1416 586; x_wconf 66' lang='grc' dir='ltr'><strong>Η.</strong></span> 
     </span>
    </p>
   </div>
   <div class='ocr_carea' id='block_1_2' title="bbox 403 696 1665 1316">
    <p class='ocr_par' dir='ltr' id='par_1_2' title="bbox 403 696 1665 1316">
     <span class='ocr_line' id='line_1_2' title="bbox 494 696 1665 783; baseline -0.007 -14"><span class='ocrx_word' id='word_1_10' title='bbox 494 700 532 769; x_wconf 92' lang='lat' dir='ltr'><strong>Id</strong></span> <span class='ocrx_word' id='word_1_11' title='bbox 554 722 635 766; x_wconf 81' lang='lat' dir='ltr'><strong>vero</strong></span> <span class='ocrx_word' id='word_1_12' title='bbox 658 700 699 765; x_wconf 90' lang='lat' dir='ltr'><strong>de</strong></span> <span class='ocrx_word' id='word_1_13' title='bbox 721 698 794 766; x_wconf 87' lang='lat' dir='ltr'><strong>eola</strong></span> <span class='ocrx_word' id='word_1_14' title='bbox 815 698 1010 767; x_wconf 87' lang='lat' dir='ltr'><strong>diversitate</strong></span> <span class='ocrx_word' id='word_1_15' title='bbox 1033 698 1186 783; x_wconf 86' lang='lat' dir='ltr'><strong>specifice</strong></span> <span class='ocrx_word' id='word_1_16' title='bbox 1210 696 1421 775; x_wconf 89' lang='lat' dir='ltr'><strong>obiectorum,</strong></span> <span class='ocrx_word' id='word_1_17' title='bbox 1453 718 1522 763; x_wconf 91' lang='lat' dir='ltr'><strong>non</strong></span> <span class='ocrx_word' id='word_1_18' title='bbox 1551 700 1665 763; x_wconf 84' lang='lat' dir='ltr'><strong>autem</strong></span> 
     </span>
     <span class='ocr_line' id='line_1_3' title="bbox 403 802 1665 889; baseline -0.004 -16"><span class='ocrx_word' id='word_1_19' title='bbox 403 807 447 873; x_wconf 86' lang='lat' dir='ltr'><strong>de</strong></span> <span class='ocrx_word' id='word_1_20' title='bbox 468 807 661 873; x_wconf 80' lang='lat' dir='ltr'>individuali</span> <span class='ocrx_word' id='word_1_21' title='bbox 682 806 938 889; x_wconf 84' lang='lat' dir='ltr'><strong>intellegendum</strong></span> <span class='ocrx_word' id='word_1_22' title='bbox 962 810 1023 872; x_wconf 88' lang='lat' dir='ltr'><strong>est.</strong></span> <span class='ocrx_word' id='word_1_23' title='bbox 1060 804 1113 872; x_wconf 85' lang='lat' dir='ltr'><strong>Sic</strong></span> <span class='ocrx_word' id='word_1_24' title='bbox 1136 826 1168 872; x_wconf 84' lang='grc' dir='ltr'><strong>ν.</strong></span> <span class='ocrx_word' id='word_1_25' title='bbox 1185 826 1217 888; x_wconf 87' lang='lat' dir='ltr'><strong>g.</strong></span> <span class='ocrx_word' id='word_1_26' title='bbox 1239 803 1382 871; x_wconf 75' lang='lat' dir='ltr'><strong>facultas</strong></span> <span class='ocrx_word' id='word_1_27' title='bbox 1406 803 1542 869; x_wconf 90' lang='lat' dir='ltr'><strong>videndi</strong></span> <span class='ocrx_word' id='word_1_28' title='bbox 1566 824 1589 869; x_wconf 88' lang='lat' dir='ltr'><strong>a</strong></span> <span class='ocrx_word' id='word_1_29' title='bbox 1614 802 1665 868; x_wconf 87' lang='lat' dir='ltr'><strong>fa·</strong></span> 
     </span>
     <span class='ocr_line' id='line_1_4' title="bbox 406 910 1664 993; baseline -0.004 -14"><span class='ocrx_word' id='word_1_30' title='bbox 406 914 531 980; x_wconf 82' lang='lat' dir='ltr'><strong>cultata</strong></span> <span class='ocrx_word' id='word_1_31' title='bbox 561 913 713 980; x_wconf 71' lang='lat' dir='ltr'><strong>sufflandi</strong></span> <span class='ocrx_word' id='word_1_32' title='bbox 743 913 862 991; x_wconf 86' lang='lat' dir='ltr'><strong>differt,</strong></span> <span class='ocrx_word' id='word_1_33' title='bbox 893 912 979 979; x_wconf 89' lang='lat' dir='ltr'><strong>sicut</strong></span> <span class='ocrx_word' id='word_1_34' title='bbox 1007 912 1117 977; x_wconf 88' lang='lat' dir='ltr'><strong>lumen</strong></span> <span class='ocrx_word' id='word_1_35' title='bbox 1148 933 1168 977; x_wconf 91' lang='lat' dir='ltr'><strong>a</strong></span> <span class='ocrx_word' id='word_1_36' title='bbox 1194 932 1291 987; x_wconf 86' lang='lat' dir='ltr'><strong>souo;</strong></span> <span class='ocrx_word' id='word_1_37' title='bbox 1323 910 1381 975; x_wconf 87' lang='lat' dir='ltr'><strong>sed</strong></span> <span class='ocrx_word' id='word_1_38' title='bbox 1410 930 1520 993; x_wconf 89' lang='lat' dir='ltr'><strong>neque</strong></span> <span class='ocrx_word' id='word_1_39' title='bbox 1551 910 1664 975; x_wconf 88' lang='lat' dir='ltr'><strong>lumen</strong></span> 
     </span>
     <span class='ocr_line' id='line_1_5' title="bbox 407 1015 1664 1103; baseline -0.004 -17"><span class='ocrx_word' id='word_1_40' title='bbox 407 1019 528 1086; x_wconf 89' lang='lat' dir='ltr'><strong>diversi</strong></span> <span class='ocrx_word' id='word_1_41' title='bbox 560 1019 692 1098; x_wconf 86' lang='lat' dir='ltr'><strong>coloris,</strong></span> <span class='ocrx_word' id='word_1_42' title='bbox 724 1041 831 1103; x_wconf 90' lang='lat' dir='ltr'><strong>neque</strong></span> <span class='ocrx_word' id='word_1_43' title='bbox 862 1019 995 1085; x_wconf 87' lang='lat' dir='ltr'><strong>diversa</strong></span> <span class='ocrx_word' id='word_1_44' title='bbox 1026 1018 1098 1084; x_wconf 87' lang='lat' dir='ltr'><strong>soni</strong></span> <span class='ocrx_word' id='word_1_45' title='bbox 1130 1017 1215 1084; x_wconf 87' lang='lat' dir='ltr'><strong>ratio</strong></span> <span class='ocrx_word' id='word_1_46' title='bbox 1244 1017 1438 1083; x_wconf 73' lang='lat' dir='ltr'><strong>facultatem</strong></span> <span class='ocrx_word' id='word_1_47' title='bbox 1466 1015 1664 1101; x_wconf 82' lang='lat' dir='ltr'><strong>specificare</strong></span> 
     </span>
     <span class='ocr_line' id='line_1_6' title="bbox 406 1122 1663 1211; baseline -0.003 -20"><span class='ocrx_word' id='word_1_48' title='bbox 406 1129 527 1211; x_wconf 89' lang='lat' dir='ltr'><strong>potest.</strong></span> <span class='ocrx_word' id='word_1_49' title='bbox 574 1125 744 1193; x_wconf 89' lang='lat' dir='ltr'><strong>Obiectum</strong></span> <span class='ocrx_word' id='word_1_50' title='bbox 773 1124 944 1192; x_wconf 79' lang='lat' dir='ltr'><strong>facultatis</strong></span> <span class='ocrx_word' id='word_1_51' title='bbox 972 1123 1140 1209; x_wconf 88' lang='lat' dir='ltr'><strong>proprium</strong></span> <span class='ocrx_word' id='word_1_52' title='bbox 1171 1144 1309 1207; x_wconf 87' lang='lat' dir='ltr'><strong>eamque</strong></span> <span class='ocrx_word' id='word_1_53' title='bbox 1331 1122 1526 1207; x_wconf 88' lang='lat' dir='ltr'><strong>specificans</strong></span> <span class='ocrx_word' id='word_1_54' title='bbox 1552 1122 1663 1187; x_wconf 89' lang='lat' dir='ltr'><strong>obiec-</strong></span> 
     </span>
     <span class='ocr_line' id='line_1_7' title="bbox 406 1222 1665 1316; baseline -0.004 -17"><span class='ocrx_word' id='word_1_55' title='bbox 406 1237 477 1299; x_wconf 84' lang='lat' dir='ltr'><strong>turn</strong></span> <span class='ocrx_word' id='word_1_56' title='bbox 498 1231 587 1297; x_wconf 88' lang='lat' dir='ltr'><strong>illius</strong></span> <span class='ocrx_word' id='word_1_57' title='bbox 607 1233 746 1316; x_wconf 88' lang='lat' dir='ltr'><strong>formale</strong></span> <span class='ocrx_word' id='word_1_58' title='bbox 768 1231 897 1310; x_wconf 90' lang='lat' dir='ltr'><strong>dicitur,</strong></span> <span class='ocrx_word' id='word_1_59' title='bbox 928 1230 1015 1313; x_wconf 89' lang='lat' dir='ltr'><strong>quod</strong></span> <span class='ocrx_word' id='word_1_60' title='bbox 1039 1230 1081 1295; x_wconf 87' lang='lat' dir='ltr'><strong>ab</strong></span> <span class='ocrx_word' id='word_1_61' title='bbox 1105 1222 1251 1296; x_wconf 82' lang='lat' dir='ltr'><strong>cicadam</strong></span> <span class='ocrx_word' id='word_1_62' title='bbox 1274 1228 1411 1295; x_wconf 90' lang='lat' dir='ltr'><strong>obiectis</strong></span> <span class='ocrx_word' id='word_1_63' title='bbox 1433 1231 1665 1295; x_wconf 78' lang='lat' dir='ltr'><strong>materialibus</strong></span> 
     </span>
    </p>
   </div>
   <div class='ocr_carea' id='block_1_3' title="bbox 405 1334 1663 1633">
    <p class='ocr_par' dir='ltr' id='par_1_3' title="bbox 405 1334 1663 1633">
     <span class='ocr_line' id='line_1_8' title="bbox 406 1334 1662 1423; baseline -0.002 -20"><span class='ocrx_word' id='word_1_64' title='bbox 406 1359 471 1404; x_wconf 92' lang='lat' dir='ltr'><strong>non</strong></span> <span class='ocrx_word' id='word_1_65' title='bbox 494 1360 590 1404; x_wconf 86' lang='lat' dir='ltr'><strong>secus</strong></span> <span class='ocrx_word' id='word_1_66' title='bbox 612 1360 652 1405; x_wconf 90' lang='lat' dir='ltr'><strong>ac</strong></span> <span class='ocrx_word' id='word_1_67' title='bbox 674 1338 800 1423; x_wconf 89' lang='lat' dir='ltr'><strong>species</strong></span> <span class='ocrx_word' id='word_1_68' title='bbox 827 1338 869 1403; x_wconf 90' lang='lat' dir='ltr'><strong>ab</strong></span> <span class='ocrx_word' id='word_1_69' title='bbox 892 1336 1068 1404; x_wconf 86' lang='lat' dir='ltr'><strong>individuis</strong></span> <span class='ocrx_word' id='word_1_70' title='bbox 1098 1336 1158 1403; x_wconf 92' lang='lat' dir='ltr'><strong>sub</strong></span> <span class='ocrx_word' id='word_1_71' title='bbox 1181 1357 1222 1402; x_wconf 89' lang='lat' dir='ltr'><strong>ea</strong></span> <span class='ocrx_word' id='word_1_72' title='bbox 1244 1334 1409 1403; x_wconf 91' lang='lat' dir='ltr'><strong>contentis</strong></span> <span class='ocrx_word' id='word_1_73' title='bbox 1431 1334 1662 1417; x_wconf 81' lang='lat' dir='ltr'>distinguitur.</span> 
     </span>
     <span class='ocr_line' id='line_1_9' title="bbox 405 1440 1663 1525; baseline -0.004 -15"><span class='ocrx_word' id='word_1_74' title='bbox 405 1445 484 1510; x_wconf 86' lang='lat' dir='ltr'><strong>Ideo</strong></span> <span class='ocrx_word' id='word_1_75' title='bbox 513 1444 652 1511; x_wconf 85' lang='lat' dir='ltr'><strong>formale</strong></span> <span class='ocrx_word' id='word_1_76' title='bbox 682 1444 846 1511; x_wconf 90' lang='lat' dir='ltr'><strong>obiectum</strong></span> <span class='ocrx_word' id='word_1_77' title='bbox 875 1442 1128 1525; x_wconf 86' lang='lat' dir='ltr'><strong>uniuscuiusque</strong></span> <span class='ocrx_word' id='word_1_78' title='bbox 1156 1440 1328 1509; x_wconf 84' lang='lat' dir='ltr'><strong>facultatis</strong></span> <span class='ocrx_word' id='word_1_79' title='bbox 1357 1462 1422 1507; x_wconf 91' lang='lat' dir='ltr'><strong>nou</strong></span> <span class='ocrx_word' id='word_1_80' title='bbox 1452 1440 1516 1506; x_wconf 90' lang='lat' dir='ltr'><strong>nisi</strong></span> <span class='ocrx_word' id='word_1_81' title='bbox 1547 1464 1663 1523; x_wconf 85' lang='lat' dir='ltr'><strong>unum,</strong></span> 
     </span>
     <span class='ocr_line' id='line_1_10' title="bbox 407 1550 1207 1633; baseline -0.001 -18"><span class='ocrx_word' id='word_1_82' title='bbox 407 1550 591 1617; x_wconf 84' lang='lat' dir='ltr'><strong>materialia</strong></span> <span class='ocrx_word' id='word_1_83' title='bbox 613 1555 724 1617; x_wconf 89' lang='lat' dir='ltr'><strong>autem</strong></span> <span class='ocrx_word' id='word_1_84' title='bbox 746 1552 919 1617; x_wconf 85' lang='lat' dir='ltr'><strong>innumera</strong></span> <span class='ocrx_word' id='word_1_85' title='bbox 942 1570 1014 1615; x_wconf 88' lang='lat' dir='ltr'><strong>esse</strong></span> <span class='ocrx_word' id='word_1_86' title='bbox 1038 1551 1207 1633; x_wconf 71' lang='lat' dir='ltr'><strong>possuntl.</strong></span> 
     </span>
    </p>
   </div>
   <div class='ocr_carea' id='block_1_4' title="bbox 305 1684 1663 1774">
    <p class='ocr_par' dir='ltr' id='par_1_4' title="bbox 305 1684 1663 1774">
     <span class='ocr_line' id='line_1_11' title="bbox 305 1684 1663 1774; baseline -0.006 -15"><span class='ocrx_word' id='word_1_87' title='bbox 305 1722 310 1731; x_wconf 84' lang='lat'><strong>·</strong></span> <span class='ocrx_word' id='word_1_88' title='bbox 407 1688 451 1760; x_wconf 81' lang='lat' dir='ltr'><strong>lt.</strong></span> <span class='ocrx_word' id='word_1_89' title='bbox 542 1686 680 1758; x_wconf 75' lang='lat' dir='ltr'><strong>Axiumu</strong></span> <span class='ocrx_word' id='word_1_90' title='bbox 700 1684 783 1757; x_wconf 80' lang='lat' dir='ltr'><strong>VIIL</strong></span> <span class='ocrx_word' id='word_1_91' title='bbox 824 1689 869 1754; x_wconf 49' lang='lat' dir='ltr'><strong>*In</strong></span> <span class='ocrx_word' id='word_1_92' title='bbox 899 1690 1034 1754; x_wconf 83' lang='lat' dir='ltr'><strong>subiecto</strong></span> <span class='ocrx_word' id='word_1_93' title='bbox 1066 1694 1174 1774; x_wconf 76' lang='lat' dir='ltr'><strong>aperite</strong></span> <span class='ocrx_word' id='word_1_94' title='bbox 1203 1690 1322 1772; x_wconf 74' lang='lat' dir='ltr'><strong>duplex</strong></span> <span class='ocrx_word' id='word_1_95' title='bbox 1350 1689 1521 1753; x_wconf 74' lang='lat' dir='ltr'><strong>activitatis</strong></span> <span class='ocrx_word' id='word_1_96' title='bbox 1544 1688 1663 1752; x_wconf 86' lang='lat' dir='ltr'><strong>modus</strong></span> 
     </span>
    </p>
   </div>
   <div class='ocr_carea' id='block_1_5' title="bbox 404 1794 1663 4219">
    <p class='ocr_par' dir='ltr' id='par_1_5' title="bbox 407 1794 1663 1989">
     <span class='ocr_line' id='line_1_12' title="bbox 407 1794 1663 1881; baseline -0.002 -19"><span class='ocrx_word' id='word_1_97' title='bbox 407 1798 453 1862; x_wconf 90' lang='lat' dir='ltr'><strong>ad</strong></span> <span class='ocrx_word' id='word_1_98' title='bbox 468 1804 572 1862; x_wconf 91' lang='lat' dir='ltr'><strong>actum</strong></span> <span class='ocrx_word' id='word_1_99' title='bbox 588 1797 769 1860; x_wconf 76' lang='lat' dir='ltr'><strong>naturalem</strong></span> <span class='ocrx_word' id='word_1_100' title='bbox 785 1799 967 1881; x_wconf 85' lang='lat' dir='ltr'><strong>completum</strong></span> <span class='ocrx_word' id='word_1_101' title='bbox 985 1794 1186 1878; x_wconf 81' lang='lat' dir='ltr'><strong>efficiendum</strong></span> <span class='ocrx_word' id='word_1_102' title='bbox 1204 1796 1430 1879; x_wconf 79' lang='lat' dir='ltr'><strong>distinpuitur:</strong></span> <span class='ocrx_word' id='word_1_103' title='bbox 1446 1794 1663 1880; x_wconf 69' lang='lat' dir='ltr'><strong>apprehensio</strong></span> 
     </span>
     <span class='ocr_line' id='line_1_13' title="bbox 407 1901 1660 1989; baseline -0.001 -21"><span class='ocrx_word' id='word_1_104' title='bbox 407 1903 623 1988; x_wconf 70' lang='lat' dir='ltr'><strong>desponsio,</strong></span> <span class='ocrx_word' id='word_1_105' title='bbox 638 1903 687 1967; x_wconf 89' lang='lat' dir='ltr'><strong>illi</strong></span> <span class='ocrx_word' id='word_1_106' title='bbox 699 1901 869 1984; x_wconf 79' lang='lat' dir='ltr'><strong>facultates</strong></span> <span class='ocrx_word' id='word_1_107' title='bbox 885 1904 1143 1989; x_wconf 77' lang='lat' dir='ltr'><strong>apprehensione,</strong></span> <span class='ocrx_word' id='word_1_108' title='bbox 1160 1904 1236 1968; x_wconf 81' lang='lat' dir='ltr'><strong>duic</strong></span> <span class='ocrx_word' id='word_1_109' title='bbox 1251 1904 1442 1988; x_wconf 76' lang='lat' dir='ltr'><strong>expansione</strong></span> <span class='ocrx_word' id='word_1_110' title='bbox 1453 1903 1660 1988; x_wconf 81' lang='lat' dir='ltr'><strong>respondent.</strong></span> 
     </span>
    </p>

    <p class='ocr_par' dir='ltr' id='par_1_6' title="bbox 404 2006 1661 4219">
     <span class='ocr_line' id='line_1_14' title="bbox 495 2006 1661 2095; baseline 0 -22"><span class='ocrx_word' id='word_1_111' title='bbox 495 2006 616 2073; x_wconf 82' lang='lat' dir='ltr'><strong>Actum</strong></span> <span class='ocrx_word' id='word_1_112' title='bbox 646 2012 827 2074; x_wconf 84' lang='lat' dir='ltr'><strong>naturalem</strong></span> <span class='ocrx_word' id='word_1_113' title='bbox 852 2011 986 2095; x_wconf 86' lang='lat' dir='ltr'><strong>proprie</strong></span> <span class='ocrx_word' id='word_1_114' title='bbox 1016 2010 1061 2075; x_wconf 84' lang='lat' dir='ltr'><strong>act</strong></span> <span class='ocrx_word' id='word_1_115' title='bbox 1090 2010 1236 2093; x_wconf 87' lang='lat' dir='ltr'><strong>complete</strong></span> <span class='ocrx_word' id='word_1_116' title='bbox 1259 2028 1325 2073; x_wconf 92' lang='lat' dir='ltr'><strong>uon</strong></span> <span class='ocrx_word' id='word_1_117' title='bbox 1348 2007 1530 2090; x_wconf 81' lang='lat' dir='ltr'><strong>quamlibet</strong></span> <span class='ocrx_word' id='word_1_118' title='bbox 1553 2008 1661 2073; x_wconf 87' lang='lat' dir='ltr'><strong>modi·</strong></span> 
     </span>
     <span class='ocr_line' id='line_1_15' title="bbox 406 2112 1660 2199; baseline -0.002 -18"><span class='ocrx_word' id='word_1_119' title='bbox 406 2114 591 2182; x_wconf 76' lang='lat' dir='ltr'><strong>fimtionem</strong></span> <span class='ocrx_word' id='word_1_120' title='bbox 623 2114 846 2183; x_wconf 88' lang='lat' dir='ltr'><strong>incohativam</strong></span> <span class='ocrx_word' id='word_1_121' title='bbox 878 2115 1032 2194; x_wconf 88' lang='lat' dir='ltr'><strong>dicimus,</strong></span> <span class='ocrx_word' id='word_1_122' title='bbox 1065 2135 1150 2199; x_wconf 89' lang='lat' dir='ltr'><strong>quae</strong></span> <span class='ocrx_word' id='word_1_123' title='bbox 1181 2114 1214 2180; x_wconf 92' lang='lat' dir='ltr'><strong>in</strong></span> <span class='ocrx_word' id='word_1_124' title='bbox 1247 2119 1324 2181; x_wconf 87' lang='lat' dir='ltr'><strong>eut-e</strong></span> <span class='ocrx_word' id='word_1_125' title='bbox 1357 2117 1516 2199; x_wconf 89' lang='lat' dir='ltr'><strong>operante</strong></span> <span class='ocrx_word' id='word_1_126' title='bbox 1548 2112 1660 2179; x_wconf 90' lang='lat' dir='ltr'><strong>locum</strong></span> 
     </span>
     <span class='ocr_line' id='line_1_16' title="bbox 406 2221 1659 2305; baseline -0.001 -19"><span class='ocrx_word' id='word_1_127' title='bbox 406 2221 522 2300; x_wconf 86' lang='lat' dir='ltr'><strong>habet,</strong></span> <span class='ocrx_word' id='word_1_128' title='bbox 553 2222 612 2287; x_wconf 91' lang='lat' dir='ltr'><strong>sed</strong></span> <span class='ocrx_word' id='word_1_129' title='bbox 640 2221 730 2288; x_wconf 89' lang='lat' dir='ltr'><strong>illam</strong></span> <span class='ocrx_word' id='word_1_130' title='bbox 761 2224 877 2301; x_wconf 90' lang='lat' dir='ltr'><strong>solum,</strong></span> <span class='ocrx_word' id='word_1_131' title='bbox 908 2243 993 2305; x_wconf 88' lang='lat' dir='ltr'><strong>quae</strong></span> <span class='ocrx_word' id='word_1_132' title='bbox 1022 2222 1055 2287; x_wconf 94' lang='lat' dir='ltr'><strong>in</strong></span> <span class='ocrx_word' id='word_1_133' title='bbox 1086 2222 1228 2289; x_wconf 88' lang='lat' dir='ltr'><strong>naturali</strong></span> <span class='ocrx_word' id='word_1_134' title='bbox 1258 2222 1429 2288; x_wconf 76' lang='lat' dir='ltr'><strong>tendentia</strong></span> <span class='ocrx_word' id='word_1_135' title='bbox 1458 2221 1501 2287; x_wconf 91' lang='lat' dir='ltr'><strong>ad</strong></span> <span class='ocrx_word' id='word_1_136' title='bbox 1530 2226 1659 2288; x_wconf 89' lang='lat' dir='ltr'><strong>certum</strong></span> 
     </span>
     <span class='ocr_line' id='line_1_17' title="bbox 406 2328 1660 2414; baseline -0.004 -19"><span class='ocrx_word' id='word_1_137' title='bbox 406 2328 581 2396; x_wconf 87' lang='lat' dir='ltr'><strong>terminum</strong></span> <span class='ocrx_word' id='word_1_138' title='bbox 611 2330 663 2395; x_wconf 90' lang='lat' dir='ltr'><strong>vel</strong></span> <span class='ocrx_word' id='word_1_139' title='bbox 694 2331 792 2395; x_wconf 90' lang='lat' dir='ltr'><strong>finem</strong></span> <span class='ocrx_word' id='word_1_140' title='bbox 819 2329 968 2413; x_wconf 83' lang='lat' dir='ltr'><strong>proxime</strong></span> <span class='ocrx_word' id='word_1_141' title='bbox 993 2330 1218 2414; x_wconf 89' lang='lat' dir='ltr'><strong>complendum</strong></span> <span class='ocrx_word' id='word_1_142' title='bbox 1243 2329 1435 2397; x_wconf 88' lang='lat' dir='ltr'><strong>absolvitur.</strong></span> <span class='ocrx_word' id='word_1_143' title='bbox 1482 2328 1553 2392; x_wconf 89' lang='lat' dir='ltr'><strong>Iam</strong></span> <span class='ocrx_word' id='word_1_144' title='bbox 1578 2346 1660 2391; x_wconf 88' lang='lat' dir='ltr'><strong>vero</strong></span> 
     </span>
     <span class='ocr_line' id='line_1_18' title="bbox 406 2434 1660 2522; baseline -0.003 -21"><span class='ocrx_word' id='word_1_145' title='bbox 406 2441 444 2503; x_wconf 92' lang='lat' dir='ltr'><strong>ut</strong></span> <span class='ocrx_word' id='word_1_146' title='bbox 473 2435 632 2502; x_wconf 85' lang='lat' dir='ltr'><strong>eiusmodi</strong></span> <span class='ocrx_word' id='word_1_147' title='bbox 661 2436 802 2502; x_wconf 87' lang='lat' dir='ltr'><strong>actualis</strong></span> <span class='ocrx_word' id='word_1_148' title='bbox 828 2439 994 2503; x_wconf 82' lang='lat' dir='ltr'><strong>tendentia</strong></span> <span class='ocrx_word' id='word_1_149' title='bbox 1025 2435 1172 2515; x_wconf 85' lang='lat' dir='ltr'><strong>subiecti,</strong></span> <span class='ocrx_word' id='word_1_150' title='bbox 1204 2456 1288 2519; x_wconf 86' lang='lat' dir='ltr'><strong>quae</strong></span> <span class='ocrx_word' id='word_1_151' title='bbox 1311 2439 1343 2502; x_wconf 86' lang='lat' dir='ltr'><strong>ci</strong></span> <span class='ocrx_word' id='word_1_152' title='bbox 1366 2437 1468 2522; x_wconf 86' lang='lat' dir='ltr'><strong>ipsius</strong></span> <span class='ocrx_word' id='word_1_153' title='bbox 1489 2434 1660 2517; x_wconf 73' lang='lat' dir='ltr'><strong>facultatis</strong></span> 
     </span>
     <span class='ocr_line' id='line_1_19' title="bbox 408 2540 1659 2627; baseline -0.003 -20"><span class='ocrx_word' id='word_1_154' title='bbox 408 2542 536 2625; x_wconf 81' lang='lat' dir='ltr'><strong>agendi,</strong></span> <span class='ocrx_word' id='word_1_155' title='bbox 561 2563 627 2624; x_wconf 89' lang='lat' dir='ltr'><strong>qua</strong></span> <span class='ocrx_word' id='word_1_156' title='bbox 647 2542 830 2622; x_wconf 87' lang='lat' dir='ltr'><strong>instruitur,</strong></span> <span class='ocrx_word' id='word_1_157' title='bbox 854 2551 969 2610; x_wconf 86' lang='lat' dir='ltr'><strong>remote</strong></span> <span class='ocrx_word' id='word_1_158' title='bbox 986 2542 1116 2626; x_wconf 90' lang='lat' dir='ltr'><strong>quidem</strong></span> <span class='ocrx_word' id='word_1_159' title='bbox 1131 2542 1295 2627; x_wconf 86' lang='lat' dir='ltr'><strong>possibilis</strong></span> <span class='ocrx_word' id='word_1_160' title='bbox 1311 2547 1372 2620; x_wconf 87' lang='lat' dir='ltr'><strong>est,</strong></span> <span class='ocrx_word' id='word_1_161' title='bbox 1397 2540 1498 2609; x_wconf 87' lang='lat' dir='ltr'><strong>etiam</strong></span> <span class='ocrx_word' id='word_1_162' title='bbox 1512 2542 1659 2625; x_wconf 74' lang='lat' dir='ltr'><strong>proxime</strong></span> 
     </span>
     <span class='ocr_line' id='line_1_20' title="bbox 407 2645 1659 2736; baseline -0.002 -23"><span class='ocrx_word' id='word_1_163' title='bbox 407 2646 572 2732; x_wconf 89' lang='lat' dir='ltr'><strong>possibilis</strong></span> <span class='ocrx_word' id='word_1_164' title='bbox 593 2649 663 2726; x_wconf 86' lang='lat' dir='ltr'><strong>fiet,</strong></span> <span class='ocrx_word' id='word_1_165' title='bbox 688 2650 821 2734; x_wconf 79' lang='lat' dir='ltr'><strong>aliquod</strong></span> <span class='ocrx_word' id='word_1_166' title='bbox 843 2652 935 2715; x_wconf 89' lang='lat' dir='ltr'><strong>aliud</strong></span> <span class='ocrx_word' id='word_1_167' title='bbox 960 2651 1142 2715; x_wconf 80' lang='lat' dir='ltr'><strong>dernentum</strong></span> <span class='ocrx_word' id='word_1_168' title='bbox 1167 2671 1204 2714; x_wconf 83' lang='lat' dir='ltr'><strong>ea</strong></span> <span class='ocrx_word' id='word_1_169' title='bbox 1223 2657 1318 2736; x_wconf 87' lang='lat' dir='ltr'><strong>parte</strong></span> <span class='ocrx_word' id='word_1_170' title='bbox 1340 2649 1450 2713; x_wconf 82' lang='lat' dir='ltr'><strong>obiecti</strong></span> <span class='ocrx_word' id='word_1_171' title='bbox 1473 2646 1504 2712; x_wconf 90' lang='lat' dir='ltr'><strong>ei</strong></span> <span class='ocrx_word' id='word_1_172' title='bbox 1520 2645 1659 2713; x_wconf 86' lang='lat' dir='ltr'><strong>accedat</strong></span> 
     </span>
     <span class='ocr_line' id='line_1_21' title="bbox 407 2753 1657 2840; baseline -0.002 -21"><span class='ocrx_word' id='word_1_173' title='bbox 407 2772 543 2820; x_wconf 89' lang='lat' dir='ltr'><strong>necesse</strong></span> <span class='ocrx_word' id='word_1_174' title='bbox 566 2758 628 2832; x_wconf 89' lang='lat' dir='ltr'><strong>est,</strong></span> <span class='ocrx_word' id='word_1_175' title='bbox 654 2774 714 2838; x_wconf 91' lang='lat' dir='ltr'><strong>per</strong></span> <span class='ocrx_word' id='word_1_176' title='bbox 736 2755 822 2837; x_wconf 90' lang='lat' dir='ltr'><strong>quod</strong></span> <span class='ocrx_word' id='word_1_177' title='bbox 844 2754 988 2821; x_wconf 88' lang='lat' dir='ltr'><strong>facultas</strong></span> <span class='ocrx_word' id='word_1_178' title='bbox 1011 2754 1160 2840; x_wconf 86' lang='lat' dir='ltr'><strong>proxime</strong></span> <span class='ocrx_word' id='word_1_179' title='bbox 1182 2756 1215 2820; x_wconf 91' lang='lat' dir='ltr'><strong>in</strong></span> <span class='ocrx_word' id='word_1_180' title='bbox 1238 2776 1298 2821; x_wconf 89' lang='lat' dir='ltr'><strong>suo</strong></span> <span class='ocrx_word' id='word_1_181' title='bbox 1321 2774 1418 2839; x_wconf 91' lang='lat' dir='ltr'><strong>posse</strong></span> <span class='ocrx_word' id='word_1_182' title='bbox 1442 2753 1657 2837; x_wconf 86' lang='lat' dir='ltr'><strong>compleatur,</strong></span> 
     </span>
     <span class='ocr_line' id='line_1_22' title="bbox 407 2859 1658 2948; baseline -0.001 -24"><span class='ocrx_word' id='word_1_183' title='bbox 407 2881 466 2925; x_wconf 91' lang='lat' dir='ltr'><strong>seu</strong></span> <span class='ocrx_word' id='word_1_184' title='bbox 502 2880 561 2944; x_wconf 87' lang='lat' dir='ltr'><strong>per</strong></span> <span class='ocrx_word' id='word_1_185' title='bbox 595 2860 681 2941; x_wconf 88' lang='lat' dir='ltr'><strong>quod</strong></span> <span class='ocrx_word' id='word_1_186' title='bbox 716 2865 810 2927; x_wconf 89' lang='lat' dir='ltr'><strong>actus</strong></span> <span class='ocrx_word' id='word_1_187' title='bbox 839 2865 988 2947; x_wconf 81' lang='lat' dir='ltr'><strong>proxime</strong></span> <span class='ocrx_word' id='word_1_188' title='bbox 1022 2870 1050 2928; x_wconf 88' lang='lat' dir='ltr'><strong>et</strong></span> <span class='ocrx_word' id='word_1_189' title='bbox 1083 2864 1266 2948; x_wconf 85' lang='lat' dir='ltr'><strong>simpliciter</strong></span> <span class='ocrx_word' id='word_1_190' title='bbox 1300 2860 1464 2945; x_wconf 88' lang='lat' dir='ltr'><strong>possibilis</strong></span> <span class='ocrx_word' id='word_1_191' title='bbox 1499 2859 1658 2925; x_wconf 85' lang='lat' dir='ltr'><strong>reddatur</strong></span> 
     </span>
     <span class='ocr_line' id='line_1_23' title="bbox 408 2964 1657 3051; baseline -0.001 -21"><span class='ocrx_word' id='word_1_192' title='bbox 408 2964 564 3048; x_wconf 78' lang='lat' dir='ltr'><strong>(Axioma</strong></span> <span class='ocrx_word' id='word_1_193' title='bbox 585 2964 657 3047; x_wconf 88' lang='lat' dir='ltr'><strong>VI),</strong></span> <span class='ocrx_word' id='word_1_194' title='bbox 688 2966 817 3033; x_wconf 88' lang='lat' dir='ltr'><strong>etiamsi</strong></span> <span class='ocrx_word' id='word_1_195' title='bbox 846 2968 902 3033; x_wconf 92' lang='lat' dir='ltr'><strong>ille</strong></span> <span class='ocrx_word' id='word_1_196' title='bbox 925 2967 976 3051; x_wconf 86' lang='lat' dir='ltr'><strong>(ut</strong></span> <span class='ocrx_word' id='word_1_197' title='bbox 1005 2968 1043 3033; x_wconf 90' lang='lat' dir='ltr'><strong>fit</strong></span> <span class='ocrx_word' id='word_1_198' title='bbox 1066 2967 1099 3032; x_wconf 94' lang='lat' dir='ltr'><strong>in</strong></span> <span class='ocrx_word' id='word_1_199' title='bbox 1123 2967 1269 3035; x_wconf 86' lang='lat' dir='ltr'><strong>subiecto</strong></span> <span class='ocrx_word' id='word_1_200' title='bbox 1293 2964 1410 3051; x_wconf 91' lang='lat' dir='ltr'><strong>libero)</strong></span> <span class='ocrx_word' id='word_1_201' title='bbox 1433 2988 1497 3031; x_wconf 88' lang='lat' dir='ltr'><strong>uon</strong></span> <span class='ocrx_word' id='word_1_202' title='bbox 1523 2986 1563 3031; x_wconf 89' lang='lat' dir='ltr'><strong>eo</strong></span> <span class='ocrx_word' id='word_1_203' title='bbox 1586 2965 1657 3049; x_wconf 87' lang='lat' dir='ltr'><strong>ipso</strong></span> 
     </span>
     <span class='ocr_line' id='line_1_24' title="bbox 407 3071 1657 3156; baseline -0.001 -20"><span class='ocrx_word' id='word_1_204' title='bbox 407 3091 468 3137; x_wconf 89' lang='lat' dir='ltr'><strong>nec</strong></span> <span class='ocrx_word' id='word_1_205' title='bbox 497 3092 627 3156; x_wconf 89' lang='lat' dir='ltr'><strong>semper</strong></span> <span class='ocrx_word' id='word_1_206' title='bbox 656 3072 842 3138; x_wconf 88' lang='lat' dir='ltr'><strong>necessario</strong></span> <span class='ocrx_word' id='word_1_207' title='bbox 872 3077 1038 3155; x_wconf 84' lang='lat' dir='ltr'><strong>sequatur.</strong></span> <span class='ocrx_word' id='word_1_208' title='bbox 1087 3073 1252 3139; x_wconf 85' lang='lat' dir='ltr'><strong>Activitas</strong></span> <span class='ocrx_word' id='word_1_209' title='bbox 1283 3074 1365 3139; x_wconf 89' lang='lat' dir='ltr'><strong>heac</strong></span> <span class='ocrx_word' id='word_1_210' title='bbox 1394 3071 1540 3155; x_wconf 90' lang='lat' dir='ltr'><strong>praevia,</strong></span> <span class='ocrx_word' id='word_1_211' title='bbox 1572 3091 1657 3154; x_wconf 89' lang='lat' dir='ltr'><strong>quae</strong></span> 
     </span>
     <span class='ocr_line' id='line_1_25' title="bbox 406 3176 1656 3265; baseline -0.001 -22"><span class='ocrx_word' id='word_1_212' title='bbox 406 3176 555 3243; x_wconf 88' lang='lat' dir='ltr'><strong>subiecto</strong></span> <span class='ocrx_word' id='word_1_213' title='bbox 578 3177 765 3244; x_wconf 83' lang='lat' dir='ltr'><strong>necessaria</strong></span> <span class='ocrx_word' id='word_1_214' title='bbox 787 3181 840 3245; x_wconf 87' lang='lat' dir='ltr'><strong>est</strong></span> <span class='ocrx_word' id='word_1_215' title='bbox 863 3178 905 3244; x_wconf 93' lang='lat' dir='ltr'><strong>ad</strong></span> <span class='ocrx_word' id='word_1_216' title='bbox 921 3181 1107 3265; x_wconf 80' lang='lat' dir='ltr'><strong>requisitum</strong></span> <span class='ocrx_word' id='word_1_217' title='bbox 1123 3180 1206 3245; x_wconf 86' lang='lat' dir='ltr'><strong>illud</strong></span> <span class='ocrx_word' id='word_1_218' title='bbox 1218 3179 1386 3262; x_wconf 76' lang='lat' dir='ltr'><strong>scrutatis</strong></span> <span class='ocrx_word' id='word_1_219' title='bbox 1402 3182 1656 3264; x_wconf 86' lang='lat' dir='ltr'><strong>complementum</strong></span> 
     </span>
     <span class='ocr_line' id='line_1_26' title="bbox 407 3282 1656 3370; baseline -0.002 -20"><span class='ocrx_word' id='word_1_220' title='bbox 407 3284 625 3369; x_wconf 89' lang='lat' dir='ltr'><strong>recipiendum</strong></span> <span class='ocrx_word' id='word_1_221' title='bbox 640 3322 685 3331; x_wconf 90' lang='lat'><em>-</em></span> <span class='ocrx_word' id='word_1_222' title='bbox 703 3285 911 3370; x_wconf 73' lang='lat' dir='ltr'><strong>apprehensio</strong></span> <span class='ocrx_word' id='word_1_223' title='bbox 935 3283 981 3365; x_wconf 90' lang='lat' dir='ltr'><strong>(iu</strong></span> <span class='ocrx_word' id='word_1_224' title='bbox 1005 3284 1166 3351; x_wconf 88' lang='lat' dir='ltr'><strong>latissimo</strong></span> <span class='ocrx_word' id='word_1_225' title='bbox 1189 3306 1287 3351; x_wconf 87' lang='lat' dir='ltr'><strong>sensu</strong></span> <span class='ocrx_word' id='word_1_226' title='bbox 1310 3284 1405 3351; x_wconf 89' lang='lat' dir='ltr'><strong>huius</strong></span> <span class='ocrx_word' id='word_1_227' title='bbox 1429 3282 1543 3366; x_wconf 67' lang='lat' dir='ltr'><strong>voum),</strong></span> <span class='ocrx_word' id='word_1_228' title='bbox 1569 3283 1656 3347; x_wconf 87' lang='lat' dir='ltr'><strong>vires</strong></span> 
     </span>
     <span class='ocr_line' id='line_1_27' title="bbox 408 3390 1654 3475; baseline -0.002 -19"><span class='ocrx_word' id='word_1_229' title='bbox 408 3396 529 3469; x_wconf 87' lang='lat' dir='ltr'><strong>autem,</strong></span> <span class='ocrx_word' id='word_1_230' title='bbox 560 3410 645 3473; x_wconf 89' lang='lat' dir='ltr'><strong>quae</strong></span> <span class='ocrx_word' id='word_1_231' title='bbox 674 3390 708 3455; x_wconf 91' lang='lat' dir='ltr'><strong>in</strong></span> <span class='ocrx_word' id='word_1_232' title='bbox 738 3390 854 3472; x_wconf 87' lang='lat' dir='ltr'><strong>quovis</strong></span> <span class='ocrx_word' id='word_1_233' title='bbox 878 3396 954 3457; x_wconf 88' lang='lat' dir='ltr'><strong>ente</strong></span> <span class='ocrx_word' id='word_1_234' title='bbox 977 3390 1051 3457; x_wconf 90' lang='lat' dir='ltr'><strong>huic</strong></span> <span class='ocrx_word' id='word_1_235' title='bbox 1075 3390 1234 3459; x_wconf 88' lang='lat' dir='ltr'><strong>functioni</strong></span> <span class='ocrx_word' id='word_1_236' title='bbox 1258 3413 1278 3457; x_wconf 91' lang='lat' dir='ltr'><strong>a</strong></span> <span class='ocrx_word' id='word_1_237' title='bbox 1301 3395 1421 3457; x_wconf 87' lang='lat' dir='ltr'><strong>natura</strong></span> <span class='ocrx_word' id='word_1_238' title='bbox 1444 3390 1654 3475; x_wconf 87' lang='lat' dir='ltr'><strong>deputantur,</strong></span> 
     </span>
     <span class='ocr_line' id='line_1_28' title="bbox 406 3494 1655 3584; baseline 0 -25"><span class='ocrx_word' id='word_1_239' title='bbox 406 3494 496 3561; x_wconf 87' lang='lat' dir='ltr'><strong>vires</strong></span> <span class='ocrx_word' id='word_1_240' title='bbox 519 3516 577 3560; x_wconf 90' lang='lat' dir='ltr'><strong>seu</strong></span> <span class='ocrx_word' id='word_1_241' title='bbox 598 3496 768 3579; x_wconf 78' lang='lat' dir='ltr'><strong>facultates</strong></span> <span class='ocrx_word' id='word_1_242' title='bbox 783 3498 1032 3582; x_wconf 79' lang='lat' dir='ltr'><strong>apprehensiaac</strong></span> <span class='ocrx_word' id='word_1_243' title='bbox 1048 3496 1207 3565; x_wconf 87' lang='lat' dir='ltr'><strong>dicuntur.</strong></span> <span class='ocrx_word' id='word_1_244' title='bbox 1243 3499 1482 3584; x_wconf 80' lang='lat' dir='ltr'><strong>Eapansicnem</strong></span> <span class='ocrx_word' id='word_1_245' title='bbox 1499 3515 1655 3561; x_wconf 90' lang='lat' dir='ltr'><strong>vocamus</strong></span> 
     </span>
     <span class='ocr_line' id='line_1_29' title="bbox 407 3599 1654 3687; baseline 0.001 -21"><span class='ocrx_word' id='word_1_246' title='bbox 407 3599 511 3684; x_wconf 90' lang='lat' dir='ltr'><strong>ipsam</strong></span> <span class='ocrx_word' id='word_1_247' title='bbox 541 3604 734 3668; x_wconf 85' lang='lat' dir='ltr'><strong>tendentium</strong></span> <span class='ocrx_word' id='word_1_248' title='bbox 763 3603 958 3680; x_wconf 88' lang='lat' dir='ltr'><strong>naturalem,</strong></span> <span class='ocrx_word' id='word_1_249' title='bbox 990 3623 1074 3685; x_wconf 87' lang='lat' dir='ltr'><strong>quae</strong></span> <span class='ocrx_word' id='word_1_250' title='bbox 1102 3624 1122 3669; x_wconf 93' lang='lat' dir='ltr'><strong>a</strong></span> <span class='ocrx_word' id='word_1_251' title='bbox 1144 3602 1305 3671; x_wconf 88' lang='lat' dir='ltr'><strong>facultate</strong></span> <span class='ocrx_word' id='word_1_252' title='bbox 1327 3603 1477 3687; x_wconf 82' lang='lat' dir='ltr'><strong>proxime</strong></span> <span class='ocrx_word' id='word_1_253' title='bbox 1499 3600 1654 3686; x_wconf 86' lang='lat' dir='ltr'><strong>expedita</strong></span> 
     </span>
     <span class='ocr_line' id='line_1_30' title="bbox 407 3698 1653 3797; baseline 0.003 -26"><span class='ocrx_word' id='word_1_254' title='bbox 407 3707 441 3772; x_wconf 93' lang='lat' dir='ltr'><strong>in</strong></span> <span class='ocrx_word' id='word_1_255' title='bbox 470 3728 564 3772; x_wconf 90' lang='lat' dir='ltr'><strong>suum</strong></span> <span class='ocrx_word' id='word_1_256' title='bbox 593 3698 768 3797; x_wconf 76' lang='lat' dir='ltr'><strong>terminum</strong></span> <span class='ocrx_word' id='word_1_257' title='bbox 798 3708 962 3794; x_wconf 87' lang='lat' dir='ltr'><strong>procedit;</strong></span> <span class='ocrx_word' id='word_1_258' title='bbox 994 3710 1172 3776; x_wconf 85' lang='lat' dir='ltr'><strong>facultates</strong></span> <span class='ocrx_word' id='word_1_259' title='bbox 1199 3713 1309 3776; x_wconf 88' lang='lat' dir='ltr'><strong>autem</strong></span> <span class='ocrx_word' id='word_1_260' title='bbox 1338 3712 1539 3795; x_wconf 80' lang='lat' dir='ltr'><strong>erpansicas,</strong></span> <span class='ocrx_word' id='word_1_261' title='bbox 1571 3730 1653 3791; x_wconf 86' lang='lat' dir='ltr'><strong>quae</strong></span> 
     </span>
     <span class='ocr_line' id='line_1_31' title="bbox 406 3812 1651 3899; baseline 0.001 -21"><span class='ocrx_word' id='word_1_262' title='bbox 406 3812 482 3878; x_wconf 90' lang='lat' dir='ltr'><strong>huic</strong></span> <span class='ocrx_word' id='word_1_263' title='bbox 504 3814 691 3881; x_wconf 85' lang='lat' dir='ltr'><strong>immediate</strong></span> <span class='ocrx_word' id='word_1_264' title='bbox 715 3814 914 3885; x_wconf 84' lang='lat' dir='ltr'><strong>deserviunt.</strong></span> <span class='ocrx_word' id='word_1_265' title='bbox 950 3815 1023 3889; x_wconf 83' lang='lat' dir='ltr'><strong>Hae</strong></span> <span class='ocrx_word' id='word_1_266' title='bbox 1046 3815 1148 3899; x_wconf 84' lang='lat' dir='ltr'><strong>igitur</strong></span> <span class='ocrx_word' id='word_1_267' title='bbox 1163 3814 1205 3881; x_wconf 89' lang='lat' dir='ltr'><strong>ad</strong></span> <span class='ocrx_word' id='word_1_268' title='bbox 1221 3814 1327 3899; x_wconf 91' lang='lat' dir='ltr'><strong>ipsum</strong></span> <span class='ocrx_word' id='word_1_269' title='bbox 1344 3824 1447 3880; x_wconf 79' lang='lat' dir='ltr'><strong>udum</strong></span> <span class='ocrx_word' id='word_1_270' title='bbox 1463 3818 1651 3893; x_wconf 87' lang='lat' dir='ltr'><strong>naturalem,</strong></span> 
     </span>
     <span class='ocr_line' id='line_1_32' title="bbox 404 3920 1651 4010; baseline 0 -24"><span class='ocrx_word' id='word_1_271' title='bbox 404 3930 500 4008; x_wconf 87' lang='lat' dir='ltr'><strong>prout</strong></span> <span class='ocrx_word' id='word_1_272' title='bbox 524 3930 568 3987; x_wconf 83' lang='lat' dir='ltr'><strong>est</strong></span> <span class='ocrx_word' id='word_1_273' title='bbox 591 3930 691 3987; x_wconf 90' lang='lat' dir='ltr'><strong>motus</strong></span> <span class='ocrx_word' id='word_1_274' title='bbox 711 3923 831 4007; x_wconf 66' lang='lat' dir='ltr'><strong>finalia</strong></span> <span class='ocrx_word' id='word_1_275' title='bbox 859 3922 1102 4010; x_wconf 86' lang='lat' dir='ltr'><strong>producendum</strong></span> <span class='ocrx_word' id='word_1_276' title='bbox 1131 3922 1315 4007; x_wconf 83' lang='lat' dir='ltr'><strong>pertinent3</strong></span> <span class='ocrx_word' id='word_1_277' title='bbox 1346 3920 1474 4007; x_wconf 88' lang='lat' dir='ltr'><strong>priores</strong></span> <span class='ocrx_word' id='word_1_278' title='bbox 1503 3942 1583 3987; x_wconf 88' lang='lat' dir='ltr'><strong>vero</strong></span> <span class='ocrx_word' id='word_1_279' title='bbox 1612 3920 1651 3987; x_wconf 90' lang='lat' dir='ltr'><strong>ad</strong></span> 
     </span>
     <span class='ocr_line' id='line_1_33' title="bbox 407 4027 1649 4116; baseline 0.001 -24"><span class='ocrx_word' id='word_1_280' title='bbox 407 4027 546 4092; x_wconf 89' lang='lat' dir='ltr'><strong>eundem</strong></span> <span class='ocrx_word' id='word_1_281' title='bbox 575 4032 685 4095; x_wconf 89' lang='lat' dir='ltr'><strong>actum</strong></span> <span class='ocrx_word' id='word_1_282' title='bbox 715 4028 825 4113; x_wconf 90' lang='lat' dir='ltr'><strong>potius</strong></span> <span class='ocrx_word' id='word_1_283' title='bbox 852 4033 1121 4116; x_wconf 83' lang='lat' dir='ltr'><strong>praeparatoriae</strong></span> <span class='ocrx_word' id='word_1_284' title='bbox 1151 4036 1227 4097; x_wconf 85' lang='lat' dir='ltr'><strong>sunt</strong></span> <span class='ocrx_word' id='word_1_285' title='bbox 1254 4029 1388 4112; x_wconf 87' lang='lat' dir='ltr'><strong>eiusque</strong></span> <span class='ocrx_word' id='word_1_286' title='bbox 1415 4030 1649 4115; x_wconf 81' lang='lat' dir='ltr'><strong>possibilitatem</strong></span> 
     </span>
     <span class='ocr_line' id='line_1_34' title="bbox 406 4135 736 4219; baseline 0.015 -22"><span class='ocrx_word' id='word_1_287' title='bbox 406 4155 466 4217; x_wconf 89' lang='lat' dir='ltr'><strong>per</strong></span> <span class='ocrx_word' id='word_1_288' title='bbox 488 4156 525 4199; x_wconf 94' lang='lat' dir='ltr'><strong>se</strong></span> <span class='ocrx_word' id='word_1_289' title='bbox 547 4135 736 4219; x_wconf 87' lang='lat' dir='ltr'><strong>respiciunt.</strong></span> 
     </span>
    </p>
   </div>
   <div class='ocr_carea' id='block_1_6' title="bbox 405 4270 1648 4678">
    <p class='ocr_par' dir='ltr' id='par_1_7' title="bbox 407 4270 1648 4469">
     <span class='ocr_line' id='line_1_35' title="bbox 407 4270 1648 4364; baseline 0 -23"><span class='ocrx_word' id='word_1_290' title='bbox 407 4271 451 4343; x_wconf 82' lang='grc'><strong>16.</strong></span> <span class='ocrx_word' id='word_1_291' title='bbox 541 4270 677 4345; x_wconf 75' lang='lat' dir='ltr'><strong>Axiam</strong></span> <span class='ocrx_word' id='word_1_292' title='bbox 691 4272 746 4347; x_wconf 82' lang='lat' dir='ltr'><strong>lx.</strong></span> <span class='ocrx_word' id='word_1_293' title='bbox 772 4278 813 4343; x_wconf 91' lang='lat' dir='ltr'><strong>In</strong></span> <span class='ocrx_word' id='word_1_294' title='bbox 832 4278 941 4343; x_wconf 87' lang='lat' dir='ltr'><strong>eadem</strong></span> <span class='ocrx_word' id='word_1_295' title='bbox 957 4286 1077 4343; x_wconf 90' lang='lat' dir='ltr'><strong>natura</strong></span> <span class='ocrx_word' id='word_1_296' title='bbox 1091 4278 1261 4360; x_wconf 81' lang='lat' dir='ltr'><strong>facultates</strong></span> <span class='ocrx_word' id='word_1_297' title='bbox 1273 4280 1466 4364; x_wconf 72' lang='lat' dir='ltr'><strong>expansione</strong></span> <span class='ocrx_word' id='word_1_298' title='bbox 1478 4278 1648 4363; x_wconf 78' lang='lat' dir='ltr'><strong>apprehen·</strong></span> 
     </span>
     <span class='ocr_line' id='line_1_36' title="bbox 407 4384 870 4469; baseline 0.009 -24"><span class='ocrx_word' id='word_1_299' title='bbox 407 4384 483 4445; x_wconf 85' lang='lat' dir='ltr'><strong>siris</strong></span> <span class='ocrx_word' id='word_1_300' title='bbox 504 4386 764 4469; x_wconf 83' lang='lat' dir='ltr'><strong>proportionatae</strong></span> <span class='ocrx_word' id='word_1_301' title='bbox 786 4391 870 4449; x_wconf 86' lang='lat' dir='ltr'><strong>sunt.</strong></span> 
     </span>
    </p>

    <p class='ocr_par' dir='ltr' id='par_1_8' title="bbox 405 4486 1648 4678">
     <span class='ocr_line' id='line_1_37' title="bbox 495 4486 1648 4577; baseline 0.003 -26"><span class='ocrx_word' id='word_1_302' title='bbox 495 4486 533 4551; x_wconf 94' lang='lat' dir='ltr'><strong>In</strong></span> <span class='ocrx_word' id='word_1_303' title='bbox 556 4489 814 4572; x_wconf 86' lang='lat' dir='ltr'><strong>apprehensione</strong></span> <span class='ocrx_word' id='word_1_304' title='bbox 836 4490 922 4556; x_wconf 90' lang='lat' dir='ltr'><strong>enim</strong></span> <span class='ocrx_word' id='word_1_305' title='bbox 946 4490 1018 4573; x_wconf 91' lang='lat' dir='ltr'><strong>ipsa</strong></span> <span class='ocrx_word' id='word_1_306' title='bbox 1041 4489 1185 4555; x_wconf 90' lang='lat' dir='ltr'><strong>condicio</strong></span> <span class='ocrx_word' id='word_1_307' title='bbox 1210 4494 1244 4557; x_wconf 92' lang='lat' dir='ltr'><strong>et</strong></span> <span class='ocrx_word' id='word_1_308' title='bbox 1267 4510 1420 4555; x_wconf 88' lang='lat' dir='ltr'><strong>mensura</strong></span> <span class='ocrx_word' id='word_1_309' title='bbox 1433 4490 1648 4577; x_wconf 83' lang='lat' dir='ltr'><strong>possibilitatis</strong></span> 
     </span>
     <span class='ocr_line' id='line_1_38' title="bbox 405 4594 1646 4678; baseline 0.002 -21"><span class='ocrx_word' id='word_1_310' title='bbox 405 4614 466 4678; x_wconf 88' lang='lat' dir='ltr'><strong>pro</strong></span> <span class='ocrx_word' id='word_1_311' title='bbox 491 4594 699 4678; x_wconf 86' lang='lat' dir='ltr'><strong>expansione,</strong></span> <span class='ocrx_word' id='word_1_312' title='bbox 730 4615 814 4677; x_wconf 84' lang='lat' dir='ltr'><strong>quae</strong></span> <span class='ocrx_word' id='word_1_313' title='bbox 844 4594 933 4660; x_wconf 91' lang='lat' dir='ltr'><strong>illam</strong></span> <span class='ocrx_word' id='word_1_314' title='bbox 961 4599 1190 4677; x_wconf 84' lang='lat' dir='ltr'><strong>consequatur,</strong></span> <span class='ocrx_word' id='word_1_315' title='bbox 1222 4596 1418 4662; x_wconf 88' lang='lat' dir='ltr'><strong>continetur.</strong></span> <span class='ocrx_word' id='word_1_316' title='bbox 1465 4594 1587 4660; x_wconf 88' lang='lat' dir='ltr'><strong>Verum</strong></span> <span class='ocrx_word' id='word_1_317' title='bbox 1611 4614 1646 4659; x_wconf 85' lang='lat' dir='ltr'><strong>ex</strong></span> 
     </span>
    </p>
   </div>
   <div class='ocr_carea' id='block_1_7' title="bbox 413 4760 720 4768">
    <p class='ocr_par' dir='ltr' id='par_1_9' title="bbox 413 4760 720 4768">
     <span class='ocr_line' id='line_1_39' title="bbox 413 4760 720 4768; baseline 0 -1"><span class='ocrx_word' id='word_1_318' title='bbox 413 4760 720 4768; x_wconf 40' lang='grc' dir='ltr'><strong>*φο-’Ἄ-</strong></span> 
     </span>
    </p>
   </div>
   <div class='ocr_carea' id='block_1_8' title="bbox 497 4849 1126 4921">
    <p class='ocr_par' dir='ltr' id='par_1_10' title="bbox 497 4849 1126 4921">
     <span class='ocr_line' id='line_1_40' title="bbox 497 4849 1126 4921; baseline 0.002 -16"><span class='ocrx_word' id='word_1_319' title='bbox 497 4854 505 4885; x_wconf 87' lang='lat'><em>¹</em></span> <span class='ocrx_word' id='word_1_320' title='bbox 526 4851 566 4906; x_wconf 84' lang='lat' dir='ltr'><strong>cf.</strong></span> <span class='ocrx_word' id='word_1_321' title='bbox 587 4854 616 4908; x_wconf 85' lang='lat' dir='ltr'><strong>S.</strong></span> <span class='ocrx_word' id='word_1_322' title='bbox 640 4852 739 4921; x_wconf 68' lang='lat' dir='ltr'><strong>itan,</strong></span> <span class='ocrx_word' id='word_1_323' title='bbox 758 4851 785 4905; x_wconf 92' lang='lat' dir='ltr'><strong>S.</strong></span> <span class='ocrx_word' id='word_1_324' title='bbox 804 4849 886 4905; x_wconf 86' lang='lat' dir='ltr'><strong>theol.</strong></span> <span class='ocrx_word' id='word_1_325' title='bbox 907 4852 929 4916; x_wconf 87' lang='lat'><strong>1,</strong></span> <span class='ocrx_word' id='word_1_326' title='bbox 949 4868 975 4920; x_wconf 88' lang='lat' dir='ltr'><strong>q.</strong></span> <span class='ocrx_word' id='word_1_327' title='bbox 996 4852 1038 4916; x_wconf 79' lang='lat'><strong>77,</strong></span> <span class='ocrx_word' id='word_1_328' title='bbox 1057 4868 1081 4907; x_wconf 84' lang='lat' dir='ltr'><strong>a.</strong></span> <span class='ocrx_word' id='word_1_329' title='bbox 1101 4851 1126 4906; x_wconf 85' lang='lat'><strong>3.</strong></span> 
     </span>
    </p>
   </div>
   <div class='ocr_carea' id='block_1_9' title="bbox 0 0 1960 5842">
    <p class='ocr_par' dir='ltr' id='par_1_11' title="bbox 0 0 1960 5842">
     <span class='ocr_line' id='line_1_41' title="bbox 0 0 1960 5842; baseline 0 4"><span class='ocrx_word' id='word_1_330' title='bbox 0 0 1960 5842; x_wconf 95' lang='lat' dir='ltr'><strong> </strong></span> 
     </span>
    </p>
   </div>
  </div>
 </body>
</html>
