3909 5842
779 697 820 754 De
838 699 957 770 praemio
976 702 1006 753 et
1024 716 1117 770 poena.
1509 701 1571 766 189

414 881 444 946 2.
476 878 546 956 Qua
577 878 704 946 ratione
734 879 815 944 iuris
852 877 953 944 divini
992 876 1160 962 plenitudo
1190 883 1290 960 atque
1319 877 1572 960 independentia

324 1008 396 1054 cum
420 985 560 1052 hominis
582 985 700 1052 merito
724 984 916 1068 (secundum
940 984 1033 1068 quid)
1057 984 1257 1061 concilietur,
1286 984 1368 1049 duce
1391 984 1423 1050 S.
1447 983 1572 1050 Thomu

325 1113 425 1178 supra
447 1113 479 1159 n.
505 1092 569 1158 208
594 1094 761 1156 ostensum
785 1095 846 1157 est.

415 1203 445 1268 3.
462 1198 523 1275 Qui
537 1219 607 1263 rem
620 1197 763 1281 aliquam
776 1197 892 1263 stricto
905 1197 967 1262 Dei
979 1196 1136 1262 mandato
1148 1199 1359 1280 praeceptam
1372 1196 1572 1278 exsequitur,

325 1306 404 1372 nihil
436 1305 565 1388 quidem
590 1303 751 1370 obiective
775 1304 844 1369 Deo
868 1306 1030 1388 praestat,
1054 1303 1140 1385 quod
1163 1323 1228 1368 non
1252 1302 1436 1368 omnimode
1459 1322 1502 1368 ex
1524 1303 1574 1368 iu·

288 1398 291 1402 ⁵
325 1412 417 1478 stitia
433 1411 567 1488 debeat3
591 1431 678 1488 nam,
702 1409 731 1475 si
747 1409 924 1488 omitteret,
948 1409 1062 1493 procul
1078 1409 1175 1474 dubio
1191 1409 1336 1474 divinum
1351 1409 1403 1474 ius
1417 1409 1573 1476 laederet.

326 1517 546 1584 Nihilominus
569 1516 669 1582 etiam
693 1515 726 1580 in
749 1515 810 1581 tali
827 1515 957 1582 actione
972 1515 1126 1580 meritum
1142 1518 1279 1580 eatenus
1294 1515 1470 1593 iuvenitur,
1495 1535 1575 1597 qua·

326 1627 436 1690 tenus
454 1625 565 1688 divina
595 1623 798 1688 ordinatione
827 1621 907 1688 illud
937 1621 1044 1706 ipsum
1074 1621 1264 1688 mandatum
1291 1621 1352 1688 sub
1375 1623 1481 1688 meriti
1503 1643 1574 1687 corr·

326 1730 448 1796 dicione
468 1731 664 1814 propositam
690 1731 750 1804 est,
775 1727 796 1794 i.
817 1747 844 1793 e.
870 1748 943 1792 oum
967 1727 1112 1793 naturali
1126 1727 1341 1812 promissione
1357 1728 1574 1802 coniunctum,

327 1856 391 1917 qua
422 1835 491 1900 eius
521 1832 708 1899 observatio
739 1831 943 1914 intellegitur
974 1853 1047 1897 esse
1076 1832 1132 1898 via
1161 1833 1204 1898 ad
1233 1833 1469 1899 beatitudinem
1497 1853 1574 1900 con·

325 1940 533 2023 sequendam,
557 1939 605 2005 ita
628 1941 665 2005 ut
688 1938 769 2005 haec
787 1938 853 2004 iam
878 1959 943 2004 non
963 1943 1094 2004 tantum
1110 1939 1239 2006 debitus
1254 1944 1393 2006 naturae
1408 1939 1492 2018 finis,
1517 1939 1574 2006 sed

326 2047 422 2112 simul
450 2049 631 2133 praemium
660 2067 780 2132 qaoque
801 2048 929 2112 virtutis
953 2044 1109 2110 divinitus
1131 2046 1335 2130 propositum
1359 2046 1423 2112 dici
1446 2046 1573 2112 debeat.

416 2156 446 2219 4.
472 2152 622 2218 Ceterum
646 2151 722 2217 vide
746 2150 845 2218 etiarn
868 2171 1037 2234 responsa,
1061 2151 1178 2234 quibus
1195 2152 1225 2219 S.
1243 2152 1387 2218 Thomas
1404 2150 1439 2233 (l.
1457 2151 1499 2233 c.)
1524 2173 1573 2228 ea,

329 2277 411 2340 quae
433 2258 508 2324 huic
532 2257 699 2324 doctrinae
724 2257 843 2341 opponi
866 2257 1029 2335 videntur,
1053 2257 1200 2323 illustrat
1222 2261 1256 2323 et
1278 2257 1413 2324 refutat.

643 2423 715 2506 §4-
762 2425 819 2489 De
842 2422 1028 2507 praemio
1052 2427 1093 2490 et
1116 2445 1258 2508 poena.

328 2537 391 2609 213.
482 2539 561 2605 Cum
585 2543 745 2622 conceptu
769 2537 878 2602 meriti
902 2541 936 2602 et
960 2538 1110 2605 demeriti
1125 2542 1257 2606 moralia
1273 2538 1306 2618 (i.
1325 2561 1353 2605 e.
1370 2540 1454 2622 quod
1471 2540 1574 2605 actio·

327 2644 421 2710 nibus
445 2667 510 2732 qua
532 2647 697 2712 moraliter
721 2647 810 2711 tomis
835 2653 890 2711 aut
913 2648 1009 2712 malis
1032 2645 1118 2729 apud
1138 2646 1242 2710 Deum
1266 2645 1319 2710 vel
1342 2645 1574 2712 auctoritatem

327 2752 480 2818 socialem
512 2771 532 2817 a
555 2752 625 2816 Deo
653 2751 841 2834 delegatam
872 2750 1065 2834 aequiritur)
1089 2754 1265 2835 conceptus
1288 2772 1416 2834 quoque
1438 2757 1576 2839 praemii

328 2861 362 2923 et
383 2881 503 2943 paenae
525 2857 735 2924 intrinsecam
760 2857 1011 2924 correlationem
1034 2857 1142 2924 hahet.
1175 2858 1327 2941 Namque
1343 2859 1461 2924 bonum
1477 2860 1575 2926 retri-

327 2965 441 3030 butum
471 2965 523 3030 vel
553 2963 797 3030 retribuendum
828 2965 940 3047 agenti
970 2985 1029 3048 pro
1060 2965 1190 3030 actione
1219 2967 1383 3031 moraliter
1409 2969 1574 3033 meritoria

327 3071 518 3154 praemium,
549 3069 670 3135 malum
701 3090 780 3135 vero
804 3069 974 3154 physicum
997 3070 1155 3136 inflictum
1179 3071 1232 3136 vel
1255 3071 1467 3154 infligendum
1489 3076 1576 3139 tam-

329 3197 426 3259 quam
456 3177 627 3242 retributio
656 3197 715 3260 pro
746 3175 876 3242 actione
903 3180 1068 3244 moraliter
1092 3180 1296 3244 demeritorie
1318 3199 1425 3262 poena
1447 3180 1575 3247 dicitur.

329 3281 445 3365 Itaque
474 3283 654 3367 praemium
685 3287 719 3348 et
749 3303 855 3366 paena
878 3283 992 3350 eadem
1017 3284 1251 3351 contrarietate
1273 3285 1335 3350 sibi
1358 3291 1575 3370 opponuntur,

330 3389 426 3454 sicuti
453 3388 586 3455 moralis
610 3389 847 3473 imputabilitas
871 3390 1011 3456 actionis
1035 3390 1229 3456 adtendam
1253 3395 1287 3456 et
1309 3391 1352 3457 ad
1373 3394 1574 3476 vituperium.

329 3493 401 3560 Hac
432 3495 634 3579 proprietate
662 3495 842 3578 praemium
867 3495 1089 3580 (Belohnung)
1113 3518 1133 3561 a
1155 3498 1294 3563 mercede
1318 3495 1437 3579 (Lohn)
1461 3497 1576 3564 distin·

330 3599 456 3682 guitur,
488 3622 572 3684 quae
601 3603 786 3683 generatim
815 3603 1064 3668 retributionem
1096 3604 1232 3669 denotat
1261 3622 1320 3687 pro
1352 3605 1576 3687 praestatione

331 3727 522 3790 quacunque
545 3707 615 3774 sine
638 3713 790 3793 respectu
811 3709 946 3791 formali
968 3709 1008 3774 ad
1034 3709 1104 3775 eius
1126 3711 1284 3776 moralem
1304 3711 1575 3779 laudabilitatem.

331 3813 513 3878 Secundum
528 3813 613 3880 hanc
629 3817 844 3899 conceptuum
862 3815 1013 3899 analysin
1030 3819 1121 3881 recte
1137 3817 1310 3882 statuitur:
1333 3817 1438 3884 Omne
1453 3819 1577 3885 morale

331 3919 482 3985 meritum
512 3923 563 3987 ias
593 3921 711 3986 saltem
740 3925 901 3986 remotum
925 3925 959 3987 et
982 3923 1050 3988 late
1074 3922 1195 3988 dictum
1219 3921 1393 4006 (Anrecht)
1417 3927 1463 3991 ad
1481 3949 1577 4012 pree·

330 4029 440 4110 mima,
464 4047 560 4092 omne
583 4025 777 4092 demeritum
801 4029 939 4092 debitam
963 4050 1082 4114 paenae
1105 4029 1244 4096 involvit
1254 4033 1275 4096 ¹.

332 4137 396 4210 214.
485 4141 675 4207 Atheismus
691 4141 832 4220 socialis,
858 4141 912 4225 qui
928 4147 1042 4209 nostra
1058 4148 1169 4210 aetate
1185 4145 1218 4210 in
1234 4145 1304 4211 dies
1319 4146 1426 4230 magis
1442 4152 1578 4214 cunctas

331 4248 470 4313 sociales
493 4248 716 4314 institutiones
739 4248 915 4332 profanare
939 4269 1008 4327 seu,
1032 4254 1069 4316 ut
1091 4252 1277 4334 loquuntur,
1305 4274 1345 4330 ,a
1360 4253 1451 4319 coelo
1467 4273 1578 4320 eman·

332 4353 459 4437 oipatas
481 4357 592 4419 terrae
614 4353 768 4420 reddere“
795 4355 972 4434 contendit,
996 4357 1077 4422 nihil
1093 4357 1258 4442 antiquius
1273 4359 1396 4436 habuit,
1421 4381 1518 4443 quam
1542 4365 1578 4428 ut

332 4461 459 4525 socialia
483 4483 602 4547 qaoqrre
625 4463 767 4526 iustitiae
790 4463 897 4528 ideam
920 4462 989 4528 suis
1011 4463 1130 4530 finibus
1152 4464 1373 4548 philosophice
1396 4487 1578 4534 accomma-

334 4565 436 4633 daret.
483 4567 544 4631 His
574 4571 685 4634 autem
716 4589 896 4651 congruere
926 4591 1132 4652 nequaquam
1161 4575 1293 4655 poterat
1320 4573 1498 4640 communis
1520 4574 1578 4640 illa

333 4671 421 4738 orbis
451 4673 629 4753 christiani,
660 4673 758 4740 immo
790 4678 824 4740 et
853 4675 987 4757 gentilis
1009 4676 1189 4759 persuasio,
1220 4678 1400 4761 apostolico
1424 4679 1578 4762 dogmate

333 4779 473 4856 firmata,
492 4800 557 4860 qua
574 4783 705 4846 constat
722 4779 853 4846 socialis
869 4781 1016 4847 iustitiae
1031 4803 1148 4848 munus
1160 4821 1204 4830 —
1216 4805 1255 4850 ac
1272 4785 1464 4850 nominatim
1477 4787 1578 4869 gladii

425 5041 493 5097 ¹cr.
517 5043 663 5111 reparer,
683 5041 782 5096 nram
801 5047 856 5096 nat.
877 5043 897 5107 1,
917 5043 933 5110 g
955 5044 1109 5106 reo-raa
1130 5047 1180 5100 641
1195 5062 1235 5114 sq.
