3909 5842
451 652 494 717 50
682 650 771 705 Sectio
789 652 810 705 I.
847 651 928 705 Liber
946 651 967 706 Ι.
1004 650 1094 721 Caput
1112 652 1147 706 ll.
1183 652 1324 707 Articulns
1343 652 1368 707 3.
1406 652 1467 720 52.

451 828 624 896 activitate
653 829 751 896 sitam
781 850 864 908 esse,
894 849 954 912 per
984 849 1081 911 quarn
1110 849 1152 894 cx
1176 829 1303 895 obiecto
1326 828 1453 895 infinite
1476 829 1567 896 bono
1589 828 1686 895 ultima

450 942 591 1004 naturae
613 938 776 1005 humanae
798 937 957 1023 perfectio
981 941 1016 1003 et
1038 936 1181 1004 felicitas
1202 937 1348 1005 accedat.
1381 937 1552 1004 Remanet
1567 940 1688 1008 tanam,

450 1047 489 1110 ut
511 1045 698 1112 accuratius
717 1045 900 1124 definiatur,
925 1065 1009 1127 quae
1025 1048 1060 1110 ct
1075 1044 1182 1127 qualis
1205 1043 1272 1111 ista
1293 1044 1460 1123 activitas,
1484 1042 1689 1109 subiectiran

451 1148 687 1217 beatitudinem
710 1151 893 1219 formaliter
916 1150 1129 1229 constituens,
1155 1150 1282 1217 censeri
1304 1150 1433 1217 debeat.

590 1304 747 1388 'Phasis
775 1306 872 1389 vll.
912 1330 1093 1394 uestitum
1125 1331 1316 1397 subreptive
1344 1330 1543 1393 formaliter
1571 1328 1609 1389 in
1633 1345 1693 1404 qn·

451 1426 659 1505 lectissima,
688 1445 788 1505 quam
816 1446 876 1505 pro
905 1445 968 1490 sua
997 1428 1140 1506 quisquc
1168 1434 1313 1491 naturae
1342 1420 1537 1505 capacitate
1572 1425 1692 1501 assequi

451 1524 572 1603 possit,
586 1524 646 1586 lici
661 1525 857 1604 cognitione
872 1530 906 1588 at
921 1543 1035 1589 amore
1046 1525 1206 1588 similitor
1220 1526 1371 1603 perlecto
1382 1524 1562 1587 consistit.
1583 1522 1694 1585 Verum

453 1622 616 1697 completo
638 1622 699 1682 illa
719 1621 788 1683 nisi
809 1622 845 1683 in
866 1622 939 1687 rita
960 1623 1143 1685 immortali
1166 1622 1314 1685 obtineri
1334 1622 1464 1699 nequit.

542 1756 876 1824 Praenotanda:
907 1761 936 1825 1.
960 1759 1143 1843 Respectus
1166 1759 1209 1824 ad
1235 1767 1394 1841 ,natureae
1417 1756 1649 1844 capacitatear“
1671 1756 1696 1820 in

452 1884 550 1929 sensu
581 1863 713 1929 theseos
743 1862 904 1947 duplicem
936 1863 1073 1955 limitem
1105 1864 1317 1948 perfectionis
1346 1864 1380 1929 in
1410 1864 1644 1946 cognoscendo
1670 1873 1698 1927 ct

453 1970 593 2035 amando
613 1971 683 2035 Deo
706 1970 879 2054 importat:
904 1970 1044 2037 alterum
1068 1975 1258 2059 cepaticum,
1283 1992 1346 2054 quo
1363 1970 1492 2038 dicatur
1513 1971 1613 2037 illam
1635 1990 1696 2054 per-

453 2074 627 2141 fectionem
650 2097 715 2141 non
739 2076 897 2142 excedere
913 2098 987 2142 eum
1010 2077 1152 2156 modum,
1177 2077 1232 2160 qui
1256 2078 1300 2145 sit
1321 2077 1484 2143 humanae
1506 2077 1698 2159 intellegen-

453 2182 521 2248 tiae
544 2186 579 2247 et
601 2182 764 2248 voluntati
787 2206 845 2268 per
868 2186 1034 2249 essentiam
1059 2183 1227 2268 proprius3
1258 2184 1398 2252 alterum
1427 2186 1615 2269 positivum,
1645 2202 1697 2264 quo

454 2288 622 2371 exigatur,
646 2293 684 2354 ut
706 2287 793 2354 intra
816 2288 907 2353 illam
931 2309 1132 2355 communem
1157 2293 1297 2355 naturae
1319 2310 1505 2355 mensuram
1529 2290 1562 2357 is
1587 2289 1698 2373 gradus

453 2393 665 2477 perfectionis
694 2394 836 2478 positive
859 2395 1073 2479 compleatur,
1106 2396 1159 2478 qui
1184 2396 1437 2479 uniuscuiusque
1461 2396 1644 2481 capacitati
1672 2399 1696 2458 ia

454 2501 620 2567 indiuiduo
643 2501 869 2568 consideratae
892 2502 1099 2585 respondeat.

544 2615 636 2692 Quod
659 2617 701 2681 ad
724 2620 902 2700 cepaticum
926 2616 1063 2683 limitem
1085 2617 1215 2697 attinet,
1240 2621 1365 2683 certum
1386 2622 1437 2685 est
1459 2618 1569 2683 Deum
1593 2636 1698 2682 secun-

456 2722 532 2787 dum
556 2722 627 2786 eius
650 2725 826 2789 essentiam
851 2722 963 2788 videre
984 2743 1040 2788 seu
1058 2724 1163 2789 Deum
1186 2726 1330 2790 lateritiae
1346 2745 1546 2807 cognoscere
1572 2727 1697 2789 natura·

457 2828 521 2893 lem
551 2827 714 2894 humanae
736 2828 856 2894 mentis
885 2828 1078 2895 facultatem
1104 2850 1164 2914 per
1187 2851 1222 2895 se
1247 2830 1376 2895 omnino
1400 2830 1573 2908 excedere,
1606 2846 1700 2909 neque

456 2935 488 2999 id
520 2934 619 3000 aliter
650 2933 681 2998 ei
713 2934 888 3000 convenire
919 2955 1016 3019 posse
1046 2935 1108 3001 nisi
1139 2935 1194 3001 via
1226 2935 1477 3020 supernaturali.
1529 2936 1697 3003 Rationem

456 3041 563 3107 reddit
586 3040 618 3106 S.
644 3040 802 3107 Thomas:
833 3040 916 3117 Quia
944 3042 1123 3118 ,naturalis
1146 3045 1260 3107 nostra
1284 3042 1426 3125 cognitio
1450 3063 1471 3107 a
1494 3063 1597 3108 sensu
1620 3040 1699 3125 prin-

456 3147 572 3233 cipium
606 3148 723 3226 sumit;
758 3149 844 3213 undo
875 3151 1005 3215 tautum
1038 3170 1074 3213 se
1106 3148 1285 3215 extendere
1316 3153 1443 3233 potest,
1478 3147 1512 3213 in
1545 3152 1698 3231 quantum

455 3255 629 3321 manuduci
658 3261 769 3339 potest
797 3277 857 3341 per
887 3255 1070 3333 sensibilia3
1102 3276 1144 3321 ex
1167 3254 1373 3321 sensibilibus
1402 3260 1513 3321 autem
1537 3254 1574 3333 (i.
1600 3275 1628 3319 e.
1653 3251 1699 3315 ria

455 3361 688 3444 abstractionis
704 3362 775 3427 sibi
800 3360 995 3443 conaturali)
1019 3383 1083 3427 non
1108 3365 1219 3445 potest
1243 3381 1345 3443 usque
1368 3361 1409 3427 ad
1432 3361 1494 3425 hoc
1516 3360 1698 3427 intellectus

456 3474 568 3535 noster
597 3469 796 3552 pertingere,
826 3474 864 3535 ut
893 3469 1037 3535 divinam
1066 3468 1242 3535 essentiam
1272 3467 1400 3545 videat,
1432 3466 1509 3550 quia
1532 3470 1699 3532 creaturae

456 3574 626 3641 sensibiles
648 3578 726 3641 sunt
749 3575 886 3640 effectus
901 3574 972 3651 Dei,
996 3574 1154 3641 virtutem
1178 3594 1296 3638 causae
1313 3595 1376 3640 non
1400 3573 1639 3656 adaequantes.
1653 3622 1660 3635 .
1674 3620 1697 3633 ..

457 3682 520 3747 Sed
541 3682 617 3765 quia
633 3685 710 3748 sunt
725 3680 795 3746 eius
811 3681 983 3748 effectuae
1000 3700 1100 3745 causa
1116 3680 1347 3763 dependentes
1372 3700 1414 3744 ex
1430 3682 1478 3744 eis
1494 3680 1536 3745 ad
1552 3680 1617 3744 hoc
1631 3696 1698 3761 per·

456 3787 530 3853 duci
544 3808 727 3871 possumus,
751 3791 789 3855 ut
805 3808 1040 3869 cognoscamus
1057 3787 1096 3852 de
1113 3787 1192 3865 Deo,
1218 3808 1260 3853 an
1277 3791 1337 3865 est,
1362 3790 1396 3852 et
1416 3788 1453 3851 ut
1468 3802 1699 3868 cognoscamus

457 3894 497 3959 de
525 3893 596 3977 ipso
627 3914 682 3971 ea,
715 3914 799 3975 quae
829 3912 963 3959 necesse
991 3896 1042 3957 est
1071 3892 1100 3957 ei
1127 3892 1310 3969 convenire,
1342 3891 1519 3958 secuudum
1543 3890 1631 3975 quod
1653 3892 1698 3953 est

456 3999 562 4083 prima
591 3999 733 4064 omnium
765 4001 881 4063 causa“
896 4000 918 4065 1.
964 3996 1081 4079 Itaque
1111 3997 1287 4062 secundum
1317 3996 1403 4061 hunc
1432 3996 1570 4062 limitem
1601 3998 1697 4062 Deum

456 4105 603 4189 perfecte
627 4126 823 4187 cognoscere
846 4108 898 4169 est
919 4104 1024 4169 Deum
1054 4108 1090 4169 ut
1113 4104 1250 4186 primam
1274 4122 1383 4167 rerum
1407 4102 1548 4168 omnium
1572 4120 1695 4168 causam

456 4234 498 4279 ex
515 4212 684 4278 effectibus
700 4211 821 4278 creatis
844 4212 991 4295 perfecte
1008 4230 1216 4293 cognoscere,
1241 4210 1365 4283 scilicet
1388 4230 1447 4293 per
1469 4208 1697 4294 phantasmata

457 4319 499 4384 ab
522 4318 602 4403 ipsis
625 4318 795 4384 effectibus
818 4319 954 4394 hausta,
986 4337 1070 4399 quae
1101 4316 1244 4399 cognitio
1268 4315 1345 4393 Dei,
1377 4319 1414 4381 ut
1445 4316 1486 4381 ab
1512 4317 1692 4398 „intortius”

457 4426 688 4507 distinguatur,
715 4424 949 4507 ,abstractiva
975 4423 1087 4489 vocari
1111 4423 1205 4490 solet.
1241 4423 1350 4505 Atque
1373 4422 1421 4489 ita
1445 4422 1596 4505 cognitus
1615 4421 1695 4486 Deus

457 4531 554 4597 simili
585 4532 679 4596 modo
709 4518 905 4597 naturaliter
934 4552 954 4596 a
982 4530 1154 4595 voluntate
1184 4534 1297 4595 nostra
1327 4534 1364 4595 ut
1394 4549 1556 4594 summurn
1584 4528 1693 4617 bonurn

457 4642 564 4703 amari
587 4659 685 4721 super
708 4637 817 4703 omnia
840 4642 961 4721 potest.

550 4904 606 4955 ιε.
630 4901 739 4967 aaa,
768 4900 794 4953 s
814 4899 896 4952 tneor.
918 4900 947 4963 1,
974 4916 1000 4966 q.
1021 4898 1069 4963 12,
1096 4914 1119 4950 a.
1142 4897 1182 4949 12.
1220 4896 1261 4949 cf.
1287 4896 1323 4949 a.
1349 4912 1375 4965 q.
1397 4896 1445 4960 re,
1472 4912 1497 4949 a.
1516 4896 1534 4949 4
1554 4896 1587 4949 aa
1606 4897 1636 4958 4;
1658 4890 1690 4943 ue
1759 4860 1760 4877 ¹

457 4993 537 5046 verit.
556 5009 582 5060 q.
604 4990 645 5055 10,
664 5008 690 5044 a.
709 4990 725 5042 6
745 4990 779 5042 ad
798 4989 824 5042 2.
