3909 5842
400 615 464 679 208
616 609 705 665 Sectio
724 611 744 664 1.
782 610 863 664 Liber
881 610 928 666 111.
966 611 1056 680 Caput
1073 611 1107 665 11.
1145 610 1285 666 1116166166
1305 611 1328 665 1.
1366 611 1427 679 52.

399 791 523 874 pellens
554 793 588 855 et
618 809 638 854 a
668 788 787 854 delicto
817 809 971 864 avocans,
1003 808 1088 870 quae
1111 793 1270 854 nontam
1293 788 1432 870 denique
1455 787 1571 873 incipit
1594 789 1651 854 lex

398 917 479 975 6666,
505 917 578 961 6661
597 894 723 979 scripta
738 898 800 972 est,
824 894 966 958 sedtum
985 915 1057 958 cum
1074 879 1157 959 ort(
1164 898 1225 960 est.
1258 893 1341 959 Orta
1357 897 1408 959 est
1424 897 1535 959 autem
1551 895 1650 959 simul

399 1023 471 1068 cum
499 1008 609 1068 mente
633 1001 753 1068 divina.
800 999 1018 1078 Quamobrem
1045 1003 1193 1066 1666616
1217 1008 1310 1088 61666
1331 1003 1480 1086 priaceps
1503 1004 1583 1084 apta
1605 1001 1650 1065 ad

399 1108 573 1174 iubendum
597 1111 632 1172 et
655 1107 697 1174 ad
721 1106 898 1172 vetandum
923 1106 1010 1172 ratio
1033 1111 1086 1172 est
1107 1108 1201 1172 recta
1223 1107 1339 1171 summi
1363 1106 1507 1172 lovis.“1

399 1245 464 1320 241.
551 1244 715 1317 Scholium
738 1247 763 1316 l.
805 1257 887 1326 Quae
918 1277 935 1314 a
966 1255 1033 1315 Chr.
1066 1257 1219 1315 Thomoaio
1247 1257 1492 1328 (1655-1728J²
1522 1256 1649 1332 aliisque

399 1353 645 1412 scholasticorum
660 1353 922 1413 calumniatoribus
938 1359 1043 1412 contra
1058 1373 1159 1412 eorum
1173 1353 1336 1412 dochinam
1355 1354 1408 1424 ,de
1422 1354 1489 1429 lege
1504 1357 1644 1413 aeterua‘

399 1449 516 1509 obiecta
543 1451 679 1520 fuerunt,
710 1456 740 1510 66
768 1452 873 1527 661666
902 1470 968 1510 6661
996 1453 1138 1527 figmento
1165 1452 1308 1511 materiae
1329 1451 1532 1529 improductae
1553 1452 1648 1511 ethni·

400 1565 498 1606 corum
521 1555 747 1624 compararunt,
777 1551 887 1608 serium
907 1569 1083 1627 responsum
1105 1569 1164 1610 non
1185 1555 1351 1623 merentur,
1379 1570 1444 1610 cum
1464 1551 1514 1610 rel
1540 1569 1577 1609 ex
1604 1551 1647 1608 iu-

399 1644 486 1704 imico
515 1646 701 1706 obtrectandi
732 1647 830 1706 studio
852 1648 901 1707 vel
922 1667 960 1706 ex
981 1648 1148 1707 incredibili
1168 1647 1200 1707 in
1221 1651 1311 1707 16666
1332 1649 1546 1725 metaphysicis
1566 1649 1648 1724 iguo·

399 1743 498 1802 166616
520 1743 664 1820 originem
686 1745 804 1806 ducant.
834 1778 871 1786 -
902 1746 1002 1821 Magis
1029 1745 1210 1817 mirandum,
1237 1746 1314 1822 quod
1342 1746 1431 1804 etiam
1453 1747 1488 1806 F.
1509 1747 1534 1806 I.
1555 1747 1649 1820 aasz,

399 1840 448 1916 661
477 1842 646 1918 ceteroquin
675 1843 788 1918 pariter
816 1861 930 1902 omnem
959 1842 1176 1920 philosophiam
1197 1844 1339 1902 moralem
1360 1846 1397 1903 ab
1419 1844 1570 1920 agnitione
1590 1843 1647 1901 Dei

399 1958 469 1998 vere
490 1940 674 2016 personalis,
704 1941 847 2000 creatoris
869 1947 899 2000 ct
921 1941 1100 2001 ordinatoris
1123 1941 1224 2000 mundi
1245 1941 1398 2001 exordium
1420 1961 1536 2002 sumere
1556 1941 1645 2008 iubet,

399 2037 553 2096 admodum
575 2036 748 2113 imperfecte
776 2042 905 2097 mentem
926 2038 1087 2114 Aquinatis
1115 2040 1151 2098 de
1171 2039 1238 2114 lege
1259 2044 1383 2098 aeterua
1404 2038 1579 2098 disserentis
1600 2057 1647 2096 as-

399 2141 519 2195 secutus
548 2155 615 2194 6666
636 2134 769 2204 videtur,
798 2135 926 2196 relativo
955 2156 1010 2195 suo
1038 2137 1198 2195 consensui
1226 2137 1447 2196 accusationem
1469 2135 1645 2206 admiscens,

398 2233 475 2310 quod
497 2232 623 2292 traditus
651 2233 731 2292 illius
759 2232 834 2308 legis
856 2233 1065 2310 concipiendae
1093 2235 1197 2293 modus
1218 2253 1323 2293 ausam
1343 2237 1487 2312 praebeat
1511 2233 1647 2305 ,restriu-

399 2331 514 2406 gendae
541 2330 690 2389 libertatis
717 2329 883 2390 divinorum
912 2331 1102 2390 consiliorum
1131 2331 1192 2402 (die
1220 2333 1323 2391 innere
1344 2331 1477 2390 Freiheit
1498 2330 1550 2389 des
1571 2335 1645 2405 gott·

398 2429 495 2488 lichen
524 2427 737 2486 Ratschlusses
770 2448 807 2487 zu
835 2428 1032 2499 schmalern)“
1045 2432 1064 2488 ⁸.
1097 2461 1135 2469 -
1169 2429 1245 2488 Num
1273 2449 1379 2488 censor
1406 2429 1463 2488 iste
1489 2427 1645 2503 aliquando

397 2525 505 2600 legerit
532 2526 630 2585 locum
658 2525 785 2600 angelici
806 2525 945 2585 Doctoris
973 2545 1065 2602 supra
1085 2526 1144 2585 lam
1166 2533 1438 2586 commemoratum:
1470 2525 1537 2598 ,Sic
1556 2525 1647 2601 igitur

401 2628 540 2681 aeternus
563 2622 682 2682 divinae
703 2622 779 2697 legis
801 2627 962 2699 conceptus
983 2623 1076 2682 66666
1095 2623 1241 2682 rationem
1262 2625 1338 2700 legis
1359 2629 1516 2694 aeternae,
1545 2641 1646 2681 sccun-

402 2719 470 2778 dum
499 2719 575 2794 quod
596 2741 614 2779 α
635 2721 696 2779 1166
716 2722 871 2778 ordinatur
896 2723 936 2782 od
961 2722 1196 2797 paternationem
1223 2740 1324 2780 666661
1346 2722 1381 2781 66
1401 2724 1464 2798 spec
1483 2724 1648 2798 praecepci-

401 2814 552 2891 torum“⁴,
579 2818 597 2875 1.
620 2837 644 2878 e.
674 2836 788 2888 rerum,
818 2837 892 2892 6666
914 2837 932 2876 a
952 2818 1017 2878 Deo
1045 2817 1206 2877 secuudum
1233 2820 1354 2878 liberum
1382 2837 1468 2877 suum
1496 2818 1646 2877 decretum

401 2913 560 2973 creationis
581 2920 730 2990 tamquam
752 2914 783 2973 iu
804 2919 936 2992 tempore
958 2915 1124 2974 exstiturae
1146 2917 1182 2974 ab
1197 2921 1319 2976 aeterno
1333 2919 1647 2992 praecognoscuntur?

401 3010 469 3082 Ubi,
492 3030 611 3086 quaeso,
633 3011 681 3070 hic
703 3011 857 3072 diminutio
879 3012 997 3072 divinae
1018 3013 1165 3072 libertatis
1186 3013 1218 3071 in
1239 3012 1302 3072 suis
1323 3013 1439 3071 actibus
1461 3013 1498 3070 ad
1521 3017 1647 3071 611616ἱΗ

492 3265 498 3294 ¹
521 3263 620 3332 Cicero,
639 3262 679 3316 116
698 3263 805 3330 legibus
823 3262 848 3326 2,
867 3263 891 3315 4.

490 3351 500 3382 ²
519 3350 703 3404 Christianum
717 3350 899 3414 Thomasium,
920 3351 966 3420 661
985 3350 1012 3404 16
1032 3351 1167 3420 Lipsiensi
1186 3351 1309 3421 primam,
1329 3351 1390 3403 dein
1404 3351 1431 3403 in
1445 3350 1567 3404 Helleusi
1587 3368 1646 3404 aca-

400 3439 488 3492 demia
506 3437 573 3492 iuris
592 3437 724 3492 naturalis
744 3437 900 3492 cathedram
920 3439 1015 3504 tenuit,
1035 3445 1144 3493 nostrae
1162 3439 1262 3493 aetatis
1280 3438 1463 3492 liberalismus
1482 3440 1554 3493 inter
1572 3457 1645 3510 prae·

399 3527 493 3596 cipuos
518 3543 582 3580 suos
608 3525 635 3578 in
655 3523 801 3579 Germania
826 3525 1020 3593 antesignanos
1046 3525 1183 3580 celebrare
1208 3543 1259 3579 nec
1284 3543 1337 3578 non
1362 3525 1493 3579 scientiae
1517 3527 1645 3581 reforma·

398 3615 466 3669 toris
485 3615 592 3667 nomine
611 3614 740 3668 decorare
759 3615 908 3668 consuevit.
943 3615 1176 3682 (01.111661661111,
1197 3613 1470 3678 Staatswtrterbuch,
1490 3618 1541 3669 art.
1563 3615 1645 3681 ,Tho-

399 3703 540 3770 masius¹⁴.)
568 3703 603 3756 llt
621 3719 687 3756 sane
705 3702 777 3756 hunc
796 3703 931 3767 honorem,
950 3703 994 3756 sin
1013 3704 1103 3757 miuus
1122 3703 1259 3756 doctrinae
1272 3702 1418 3767 soliditate,
1438 3702 1536 3757 saltem
1550 3705 1645 3758 audaci

400 3791 564 3847 reformandi
583 3791 689 3861 pruritu
708 3791 881 3861 aliquatenus
900 3793 1014 3857 meruit,
1041 3809 1101 3860 quo,
1128 3798 1190 3861 post
1207 3791 1409 3845 Palcndorlium
1429 3792 1527 3846 ducem
1545 3798 1573 3845 et
1591 3809 1645 3846 ma-

400 3881 515 3950 gistrum
535 3897 629 3944 suum,
655 3879 714 3933 sive
733 3879 913 3934 scholasticae
932 3879 1120 3950 philosophiae
1139 3880 1301 3933 documenta
1319 3881 1379 3933 sive
1397 3880 1484 3950 ipsius
1503 3880 1644 3934 orthodoxi

399 3968 614 4040 protestantismi
633 3969 749 4022 usitatas
768 3969 929 4023 traditiones
947 3969 1056 4040 publice
1074 3986 1203 4038 spernere
1221 3987 1274 4022 uon
1288 3968 1438 4022 dubitabat.
1464 3969 1527 4039 Ipse
1539 3984 1645 4038 666666

400 4058 518 4130 primus,
545 4061 638 4110 666616
665 4074 765 4111 morem
791 4061 856 4112 6666
876 4057 1031 4125 vigentem,
1059 4059 1086 4109 in
1106 4057 1276 4111 academicae
1295 4056 1440 4110 cathedras
1458 4057 1568 4127 linguae
1587 4075 1643 4125 ger·

399 4149 522 4202 manicae
547 4163 626 4200 66616
652 4146 775 4208 induxit,
800 4145 1004 4200 internetionali
1030 4145 1206 4199 scientiarum
1229 4146 1425 4210 communioni,
1451 4163 1534 4215 quam
1552 4145 1643 4212 lingua

399 4237 485 4290 latina
503 4239 643 4305 tamquam
663 4253 802 4289 commune
821 4236 920 4290 idioma
949 4236 1088 4288 doctorum
1108 4234 1249 4298 nectebat,
1274 4233 1392 4288 indolem
1409 4234 1542 4288 scientiae
1560 4234 1644 4287 natio·

400 4325 488 4380 nalem
508 4325 685 4379 substituens.
723 4324 761 4378 Εο
787 4327 878 4378 661616
898 4323 1069 4394 potissimum
1095 4323 1129 4375 de
1158 4322 1352 4388 „liberalismo¹
1374 4323 1442 4376 bene
1460 4323 1577 4387 meritus
1595 4328 1643 4386 est,

400 4415 469 4484 qnod
495 4413 669 4478 nouaclum,
696 4413 790 4467 laxata
816 4413 923 4466 interna
949 4415 1054 4466 unitate
1079 4411 1151 4465 iuter
1175 4412 1357 4466 moralitatem
1384 4414 1412 4465 et
1430 4411 1498 4465 iuris
1516 4413 1645 4467 ordinem.

399 4503 586 4573 philosophiae
605 4501 672 4555 iuris
698 4501 845 4555 kantianae
864 4501 1035 4570 proluderet,
1062 4517 1155 4554 verum
1175 4501 1257 4553 etiam
1278 4500 1386 4570 plenam
1404 4502 1538 4568 opinandi
1555 4503 1587 4553 de
1605 4519 1644 4552 re·

399 4595 497 4658 11616116
515 4593 661 4645 libertatem
687 4595 825 4659 tamquam
851 4589 1014 4659 principium
1033 4589 1173 4658 politicum
1192 4588 1380 4659 proclamaret.
1418 4587 1569 4658 Praecipua
1587 4589 1644 4642 eius

400 4695 482 4748 opera
508 4683 586 4734 sunt:
613 4679 802 4734 Institutiones
829 4679 1057 4748 iurisprudentiae
1076 4678 1184 4732 divinae
1205 4677 1299 4744 (1685)
1327 4681 1355 4730 et
1374 4675 1560 4731 Fundamenta
1578 4677 1646 4730 16116

399 4774 513 4824 naturae
533 4773 560 4824 et
578 4769 700 4838 gentium
723 4769 826 4834 (1705).
863 4766 1255 4836 Delegsaeternacf.1nst.
1275 4765 1384 4834 iurispr.
1404 4765 1458 4818 div.
1478 4764 1491 4817 I
1512 4766 1540 4825 1,
1566 4765 1582 4831 ξ
1602 4765 1646 4818 31.

490 4859 500 4890 ³
520 4858 683 4912 Geschichte
703 4857 751 4911 der
770 4855 1068 4927 Rechtsphilosophie⁸,
1087 4854 1253 4921 Heidelberg
1274 4855 1351 4917 1866,
1370 4853 1412 4907 51.

489 4951 499 4982 ⁴
519 4947 545 5000 S.
565 4947 647 5001 theol.
669 4949 691 5008 1,
711 4947 735 5010 2,
755 4964 781 5014 6.
802 4947 844 5010 91,
864 4964 888 4999 6.
910 4947 933 4999 1.
1043 4943 1114 4997 5(11.
1129 4945 1241 5011 Sacrae,
1261 4943 1301 4996 116
1320 4942 1427 5011 legibus
1446 4942 1463 4996 1.
1478 4943 1503 5007 2,
1522 4961 1545 4996 6.
1567 4943 1644 4996 1-3.
