3909 5842
424 657 486 723 120
648 648 737 705 Sentio
756 649 777 703 1.
814 647 895 703 Liber
913 648 947 703 11.
986 647 1075 719 Caput
1093 649 1114 703 1.
1153 646 1291 703 Articulua
1310 650 1334 701 1.
1372 645 1434 713 ἐξ.

422 827 489 899 ltu.
576 824 737 897 Probatur
758 823 810 896 11⁰.
854 828 888 893 Ε
914 830 1072 893 commoni
1099 836 1128 893 el
1151 825 1328 892 invincibili
1351 826 1513 892 laninam
1535 848 1675 912 perseo-

421 938 519 1001 aione.
551 932 737 1015 Utcumque
758 932 924 999 hominum
948 932 1055 999 iudica
1079 934 1120 998 de
1143 932 1304 1015 qualitate
1328 932 1445 997 morali
1461 931 1598 997 alicuius
1615 952 1675 997 ao·

422 1040 522 1107 tionis
536 1038 570 1105 in
586 1041 738 1105 concreto
754 1042 905 1123 sumptae
920 1038 1008 1104 inter
1023 1060 1059 1105 ee
1075 1038 1207 1105 differre
1223 1042 1267 1115 et,
1291 1037 1363 1103 sive
1379 1058 1421 1103 ex
1437 1038 1675 1103 insufficientia

421 1145 592 1213 facultatis
621 1149 756 1211 nestrae
782 1144 1006 1211 intellectivae
1030 1144 1100 1210 sive
1123 1165 1184 1229 per
1205 1143 1364 1209 influxum
1389 1144 1573 1210 voluntatis
1595 1165 1675 1228 pas·

423 1252 568 1319 sionibus
591 1251 731 1327 deditae,
762 1250 864 1317 variis
888 1251 1054 1317 erroribus
1077 1250 1220 1316 obnoxia
1243 1270 1316 1315 esse
1339 1254 1472 1333 queant,
1503 1250 1536 1315 id
1559 1254 1674 1317 tamen

423 1362 543 1426 cannis
565 1358 746 1425 hominihus
768 1360 905 1423 rationis
928 1380 990 1424 nan
1011 1360 1172 1445 praeditis
1196 1380 1357 1423 commone
1377 1366 1429 1441 cet,
1454 1357 1539 1422 utin
1555 1356 1675 1422 intima

424 1464 624 1531 conscientia
653 1464 799 1531 sentiant
822 1464 983 1547 simulque
1006 1464 1150 1531 iudicent
1179 1466 1357 1531 invincibili
1377 1467 1588 1549 persuasione
1616 1484 1674 1528 ac-

422 1572 531 1639 tiones
560 1571 720 1637 humanas
749 1592 955 1654 nequaquam
988 1592 1102 1637 omnes
1135 1570 1304 1637 moraliter
1334 1570 1559 1637 indifferentes
1589 1590 1673 1647 esse,

424 1678 481 1745 sed
506 1679 666 1743 exsistere
688 1676 820 1760 aliquod
844 1677 1018 1743 discrimen
1042 1676 1270 1755 certissimum,
1296 1697 1358 1759 quo
1375 1676 1461 1743 aliae
1476 1679 1675 1741 censeantur

424 1788 459 1851 et
482 1785 549 1849 sint
570 1784 740 1862 honestae,
765 1784 850 1850 aliae
873 1787 984 1850 autem
1007 1782 1209 1849 inhonestae.
1257 1783 1379 1849 Eadem
1405 1786 1580 1867 praeterea
1602 1804 1674 1849 oer-

423 1890 564 1957 titudine
586 1912 777 1974 persuasum
801 1890 924 1955 habent
946 1888 1027 1955 illud
1052 1888 1235 1965 discrimen,
1265 1888 1485 1955 conscientiae
1509 1888 1581 1955 sive
1602 1910 1673 1955 rno-

425 1996 534 2062 nentis
557 1997 628 2062 sive
651 1997 883 2081 exprobrantis
906 2017 988 2061 voce
1012 1995 1133 2079 iugiter
1155 1998 1394 2071 confirmatum,
1425 1996 1456 2059 in
1482 1996 1594 2061 multis
1617 2017 1673 2061 ac-

425 2102 569 2168 tionibus
585 2103 742 2168 eiusmodi
754 2123 837 2181 esse,
854 2103 939 2187 qnod
951 2102 1050 2167 nullis
1065 2122 1218 2185 umquam
1231 2101 1403 2179 adiunctis
1419 2100 1509 2167 nullo
1522 2106 1673 2186 respectu

426 2209 586 2275 commodi
610 2210 665 2274 vel
686 2209 893 2288 incommodi,
917 2209 1009 2275 nulla
1031 2208 1199 2293 temporis,
1224 2208 1369 2273 locorum
1386 2211 1444 2273 aut
1459 2230 1671 2293 personarum

427 2316 622 2395 variatione,
647 2316 745 2383 immo
770 2338 811 2381 ne
834 2338 893 2401 per
908 2316 1014 2381 Deum
1038 2314 1166 2399 quidem
1191 2314 1311 2381 mutari
1335 2314 1448 2399 possit.
1481 2312 1598 2396 Neque
1612 2314 1671 2379 im-

427 2422 527 2507 pedit,
551 2423 637 2505 qnod
653 2422 802 2489 homines
818 2422 918 2505 aliqui
934 2422 1012 2499 sint,
1030 2420 1082 2505 qui
1100 2430 1226 2487 interne
1243 2420 1441 2487 eontrarium
1459 2421 1671 2505 profitentur;

427 2551 500 2595 oum
523 2529 557 2595 id
579 2550 643 2594 non
661 2528 780 2595 indicio
796 2550 875 2595 vere
891 2528 1116 2607 intellectuali,
1141 2528 1198 2593 sed
1215 2528 1396 2593 voluntatis
1411 2527 1522 2611 potius
1538 2527 1671 2593 arbitrio

428 2639 463 2702 et
486 2634 580 2719 quasi
603 2636 767 2702 violenter
789 2634 923 2713 iaciant,
948 2634 1009 2700 sibi
1029 2634 1108 2719 ipsis
1125 2632 1279 2698 videlicet
1294 2632 1326 2698 id
1342 2632 1542 2718 persuasuri,
1566 2633 1595 2699 si
1610 2654 1671 2715 quo

427 2743 523 2808 modo
554 2746 698 2827 possent.
754 2742 904 2807 Ceterum
937 2740 1093 2825 quidquid
1123 2740 1176 2805 isti
1208 2740 1388 2805 subiective
1418 2738 1580 2817 sentiant,
1617 2738 1670 2805 de-

430 2848 562 2915 trahere
586 2848 630 2913 nil
655 2852 792 2932 possunt
814 2847 947 2914 humani
971 2848 1101 2929 generis
1121 2846 1333 2930 persuasioni,
1359 2866 1456 2928 quam
1473 2864 1670 2911 communem

428 2954 530 3021 fuisse
554 2958 588 3021 et
604 2976 676 3021 esse
692 2954 834 3021 omnium
850 2953 1043 3038 populorum
1061 2974 1099 3019 ac
1114 2954 1299 3037 temporum
1323 2972 1387 3017 non
1404 2951 1512 3015 minus
1528 2950 1670 3026 historia,

430 3080 528 3143 quam
557 3060 770 3144 psychologia
798 3063 952 3139 testatur,
984 3062 1019 3124 et
1042 3078 1140 3141 quam
1163 3058 1296 3141 gentilis
1320 3078 1447 3141 quoque
1470 3056 1670 3143 philosophia

428 3166 551 3253 passim
575 3166 738 3251 supponit.
786 3166 901 3249 Neque
925 3166 1010 3231 enim
1034 3166 1228 3245 Aristoteles,
1253 3164 1405 3247 egregius
1428 3184 1539 3229 rerum
1561 3164 1669 3227 huma·

430 3294 546 3339 narum
576 3274 781 3351 observator,
812 3293 905 3338 suam
928 3274 1058 3337 tantum
1082 3270 1293 3349 sententiam,
1324 3271 1380 3335 sed
1406 3270 1491 3353 quod
1516 3292 1670 3337 commune

430 3380 595 3445 hominum
618 3379 771 3445 iudicium
792 3400 865 3445 esse
881 3378 1025 3455 videbat,
1050 3378 1175 3443 referre
1191 3376 1372 3443 censendus
1388 3380 1450 3453 est,
1474 3376 1530 3441 ubi
1546 3374 1667 3441 scribit:

433 3486 574 3564 ,Verum
599 3507 662 3551 non
687 3485 791 3551 omnis
814 3485 901 3550 actio
925 3506 987 3550 neo
1010 3484 1115 3549 omnis
1139 3484 1275 3549 affectus
1292 3482 1504 3549 medietatem
1520 3480 1667 3549 admittit.

429 3592 589 3658 Nonnulli
612 3592 698 3657 enim
722 3594 800 3657 sunt
822 3592 971 3669 affectus,
996 3611 1132 3673 quorum
1158 3590 1210 3655 vel
1233 3590 1305 3675 ipsa
1329 3589 1461 3654 nomina
1476 3588 1666 3673 pravitatem

430 3698 493 3765 sibi
521 3698 722 3783 implicatam
752 3696 884 3777 habent,
915 3700 953 3762 ut
975 3696 1209 3761 malevolentia
1231 3695 1361 3761 laetans
1384 3694 1424 3761 de
1447 3694 1555 3761 alieno
1579 3692 1666 3764 malo,

430 3804 642 3889 impudentia,
659 3803 857 3879 invidentia;
875 3806 910 3870 et
925 3802 1075 3868 similiter
1092 3803 1248 3880 actiones,
1265 3806 1302 3867 ut
1317 3803 1451 3878 furtum,
1470 3800 1665 3873 adulterium,

430 3911 649 3978 homicidium.
695 3910 788 3975 Haec
819 3908 905 3974 enim
936 3908 1044 3975 omnia
1075 3911 1108 3973 et
1138 3928 1222 3989 quae
1252 3909 1329 3973 sunt
1352 3906 1446 3971 huius
1470 3906 1599 3989 generis
1619 3923 1665 3969 re-

430 4016 686 4102 prehenduntur,
717 4037 782 4081 non
812 4015 898 4098 quod
928 4036 1039 4081 eorum
1070 4014 1357 4080 immoderationes
1380 4016 1438 4079 aut
1462 4010 1663 4085 deficientias,

431 4126 489 4191 aed
513 4124 599 4207 quod
622 4128 695 4209 ipso
718 4122 806 4189 mala
829 4123 912 4189 sint:
936 4126 974 4187 ut
997 4122 1086 4187 nullo
1110 4122 1204 4187 modo
1228 4121 1333 4205 possit
1357 4120 1517 4205 quispiam
1541 4118 1572 4183 in
1593 4114 1663 4200 ipsis

430 4236 521 4298 recte
548 4252 658 4314 agere,
689 4230 747 4296 sed
770 4250 907 4313 peccare
931 4249 1062 4312 semper
1084 4248 1217 4293 necesse
1241 4228 1339 4295 sit.“¹
1386 4228 1486 4311 Atqui
1509 4218 1661 4309 persuasio

430 4344 500 4407 tam
528 4336 733 4414 universalis,
763 4339 833 4402 tam
857 4340 1012 4401 constans
1036 4338 1071 4401 et
1093 4333 1218 4399 invicta
1240 4354 1305 4399 non
1329 4336 1439 4417 potest
1461 4352 1527 4397 non
1549 4330 1580 4396 in
1601 4330 1664 4412 ipsa

431 4449 552 4512 natura
575 4442 729 4510 rationali
752 4464 824 4509 esee
848 4442 1002 4517 fundata;
1027 4440 1226 4526 proindeque
1249 4438 1430 4505 infallibilis
1453 4438 1574 4505 criterii
1589 4433 1662 4499 ren-

431 4553 513 4619 tatis
536 4552 692 4634 suffragio
715 4550 866 4635 praedita
890 4552 950 4615 est.
975 4584 1019 4593 —
1043 4549 1129 4635 Erpo
1153 4552 1215 4613 eto.

432 4746 502 4793 nem,
522 4727 628 4781 scilicet
645 4726 793 4781 secundnm
813 4726 884 4795 quod
897 4725 1032 4780 obiectum
1045 4728 1088 4780 est
1104 4726 1128 4779 ei
1142 4726 1306 4779 conveniens
1319 4722 1364 4777 vel
1376 4742 1430 4777 non
1443 4722 1609 4777 conveniens
1621 4758 1627 4771 .
1639 4754 1661 4769 ··

433 4816 512 4872 Unda
530 4816 705 4870 manifestum
725 4819 782 4880 est,
808 4814 878 4884 qnod
898 4814 997 4869 bonnm
1017 4820 1045 4868 et
1062 4814 1163 4869 malum
1183 4814 1370 4868 diversificant
1387 4812 1507 4883 speciem
1525 4811 1552 4865 in
1570 4806 1662 4863 actibus

433 4904 603 4960 moralibua.“

525 4995 534 5027 ¹
554 4992 641 5046 Ethic.
660 4992 765 5046 Nicom.
783 4991 801 5045 l.
821 4991 847 5057 2,
865 5010 889 5046 c.
908 4994 933 5055 6,
953 4991 1031 5057 1107,
1051 5009 1075 5044 a.
1095 4992 1120 5044 8.
