3909 5842
729 1494 1138 1609 Prooemium.

290 1810 335 1891 Ι.
357 1808 492 1891 Notio
511 1808 629 1891 luris
646 1810 869 1892 naturalis
891 1810 985 1892 lule
1006 1810 1117 1892 dletl
1140 1830 1218 1892 seu
1241 1810 1556 1915 philosophiae

700 1940 888 2022 moralis
915 1940 1168 2022 uniuersae.

402 2089 553 2186 ,Omnia
569 2128 654 2190 quae
669 2130 690 2174 a
705 2110 834 2174 ratione
849 2108 1027 2193 suscipitur
1043 2110 1084 2175 de
1099 2109 1210 2193 aliqua
1222 2130 1259 2175 re
1270 2109 1445 2187 institutio,
1460 2109 1557 2175 debet

295 2236 318 2279 a
345 2214 541 2282 definitione
562 2215 735 2299 proficisci,
760 2219 797 2282 ut
818 2216 1043 2299 intellegatur,
1068 2216 1144 2299 quid
1168 2216 1212 2283 sit
1234 2216 1276 2294 id,
1302 2216 1342 2281 de
1365 2238 1429 2299 quo
1445 2216 1556 2299 dispu-

294 2323 454 2387 tetur.“1
491 2320 554 2386 Est
576 2323 688 2387 autem
707 2323 910 2406 philosophia
932 2326 1075 2407 moratis,
1100 2344 1185 2405 quae
1208 2327 1242 2389 et
1265 2325 1409 2409 practica
1425 2322 1555 2401 dicitur,

296 2431 338 2493 et
364 2428 418 2492 cui
441 2449 506 2494 non
536 2428 643 2493 minus
671 2449 789 2493 nomen
820 2431 905 2493 iuris
926 2432 1091 2495 naturalis
1113 2428 1274 2495 latissime
1297 2432 1490 2512 usurpatum
1514 2448 1557 2493 ex

298 2553 414 2616 aequo
442 2534 611 2615 congruit,
644 2537 854 2619 curriculis,
881 2558 963 2621 pnoc
994 2558 1032 2601 erc
1059 2538 1231 2621 principiis
1260 2532 1397 2601 rationis
1427 2557 1558 2601 normas

299 2642 513 2706 rectitudinis
537 2642 624 2707 docet
646 2644 815 2707 uniuersae
838 2645 994 2707 octioitoti
1016 2643 1178 2707 hnmanae
1199 2642 1320 2709 liberae
1343 2648 1377 2707 nt
1398 2643 1457 2707 tali
1479 2660 1556 2724 pro-

298 2747 416 2831 prias,
440 2747 647 2814 rectitudinis
670 2748 803 2830 inquam
826 2752 897 2814 tum
921 2750 1105 2815 obiectivae
1128 2753 1198 2815 tum
1222 2748 1441 2826 subiecimus,
1473 2767 1557 2829 quae

300 2854 475 2920 humanae
497 2854 663 2920 activitsti
688 2859 850 2936 quatenus
874 2877 894 2921 a
917 2856 1073 2922 libertate
1095 2856 1261 2940 procedit,
1286 2854 1464 2921 secundum
1488 2854 1558 2918 eius

301 2960 489 3026 relationes
512 2961 583 3027 sive
605 2960 823 3029 individuales
839 2962 910 3026 sive
926 2961 1066 3027 sociales
1081 2962 1232 3027 absolute
1248 2960 1432 3027 conveniat.
1465 2960 1558 3025 Haec

302 3067 421 3133 omnia
442 3089 522 3133 vero
546 3066 706 3152 implicita
729 3068 976 3152 comprehendit
998 3068 1194 3133 brevissima
1216 3067 1372 3145 formula,
1403 3086 1468 3149 qua
1491 3088 1556 3131 non

302 3180 416 3245 minus
439 3183 517 3265 apte
540 3181 597 3247 illa
620 3181 748 3247 deliniri
771 3187 899 3266 potest:
923 3185 1064 3249 Scicntr'a
1087 3186 1164 3249 recti
1186 3186 1318 3249 moralis
1334 3204 1372 3248 err
1383 3184 1557 3268 principiis

303 3290 457 3354 rationis.

398 3392 489 3469 Quae
512 3394 642 3476 quidem
665 3394 812 3461 delinitio
835 3398 919 3461 dnos
940 3399 1100 3482 imprimis
1122 3406 1215 3463 nolas
1237 3400 1373 3463 continet
1390 3398 1555 3481 proprios,

306 3498 427 3579 quibus
449 3498 532 3564 haec
555 3499 729 3583 disciplina
750 3502 793 3566 ab
816 3501 904 3566 omni
927 3502 993 3568 alia
1016 3502 1253 3584 distinguatur,
1277 3502 1415 3569 alteram
1440 3522 1483 3566 ex
1506 3502 1556 3565 ot·

304 3606 396 3687 iecto,
420 3605 560 3670 alteram
582 3626 625 3671 ex
646 3607 734 3690 fonte
756 3608 906 3691 petitam.

402 3713 431 3777 1.
456 3710 628 3778 Obieotum
651 3714 721 3779 eius
743 3716 911 3798 proprium
934 3719 985 3781 esl
1009 3724 1127 3783 rectum
1151 3718 1279 3782 morale.
1326 3714 1466 3779 Rectum
1490 3712 1556 3793 (re-

307 3814 403 3899 gere)
425 3838 494 3882 vox
517 3823 569 3885 ost
591 3820 756 3886 translata
778 3842 799 3886 a
821 3826 913 3887 motu
936 3821 1072 3905 physico
1096 3822 1137 3887 ad
1154 3824 1262 3887 motus
1278 3820 1441 3903 quoslibet
1456 3820 1557 3887 etiam

309 3924 500 4006 spirituales
524 3930 559 3993 et
580 3946 640 4010 per
661 3948 698 3993 se
713 3928 757 4005 id,
782 3928 868 4010 quod
884 3928 918 3993 in
933 3930 1115 4013 praefixum
1132 3927 1274 4010 aliquem
1290 3947 1423 4011 scopum
1440 3928 1556 4003 tendit,

310 4030 389 4111 quin
412 4030 488 4097 hinc
511 4036 570 4097 aut
591 4032 667 4098 inde
690 4034 855 4114 deflectat,
881 4036 1040 4102 denotare
1057 4036 1196 4101 videtur.
1228 4034 1324 4099 Unde
1347 4033 1451 4098 omnis
1468 4037 1557 4099 recti·

310 4138 389 4201 todo
410 4141 597 4221 respectum
620 4138 760 4207 involvit
789 4142 830 4207 ad
855 4143 997 4224 aliquem
1027 4162 1161 4225 scopum
1186 4140 1375 4205 directionis
1398 4160 1458 4205 ceu
1482 4160 1558 4204 nor·

312 4264 410 4321 mam,
434 4244 611 4310 secuudum
635 4267 733 4329 quam
756 4270 811 4313 res
835 4247 945 4331 aliqua
968 4248 1096 4331 disponi
1120 4252 1178 4313 aut
1200 4246 1271 4311 fieri
1287 4246 1416 4312 debeat.
1448 4246 1558 4327 Atque

312 4348 360 4415 ita
383 4349 512 4432 quidem
536 4354 589 4417 tot
611 4353 693 4417 recti
715 4354 841 4436 species
864 4353 1004 4435 cogitari
1026 4356 1180 4435 possunt,
1206 4355 1286 4433 quot
1309 4351 1459 4416 diversae
1482 4370 1559 4413 nor·

314 4476 402 4534 mae,
426 4457 544 4539 quibus
566 4457 689 4540 aliquid
713 4460 927 4537 conformari,
952 4481 1011 4525 seu
1035 4464 1115 4541 quot
1138 4458 1258 4524 diversi
1282 4461 1380 4536 fines,
1412 4458 1452 4522 ad
1477 4477 1558 4538 quos

315 4582 373 4643 pro
395 4585 457 4629 sua
478 4568 600 4630 natura
621 4586 691 4630 rem
715 4566 895 4647 quamlibet
917 4566 1013 4649 dirigi
1038 4565 1201 4631 convenit.
1234 4563 1288 4629 Sic
1310 4584 1418 4629 sermo
1441 4563 1557 4644 logice,

317 4670 529 4749 grammatice
550 4674 662 4737 rectus
686 4672 793 4749 audit,
823 4677 923 4755 prout
945 4672 1068 4755 regulis
1094 4672 1222 4755 logicae
1244 4672 1298 4737 vel
1322 4670 1558 4753 grammaticae

317 4775 495 4855 satisfacit;
518 4776 566 4841 sic
590 4778 694 4843 omnis
709 4799 775 4857 ars,
798 4777 846 4843 sie
862 4778 941 4844 ordo
957 4780 1028 4863 ipse
1043 4778 1198 4862 physicus
1221 4798 1313 4843 suam
1330 4775 1558 4843 rectitudinem

406 5004 414 5037 ¹
435 5004 537 5070 Cicero,
555 5001 596 5055 De
614 5002 711 5057 officiis
729 5002 742 5055 1
761 5003 785 5056 2.
