3909 5842
645 675 686 730 De
705 674 865 730 extensione
883 674 1059 742 obligationis
1078 675 1222 746 positivae.
1494 680 1556 744 271

305 851 371 918 sed
394 852 528 936 insuper
554 852 658 931 „tales
680 853 772 935 leges
794 855 883 918 natio
905 853 996 918 modo
1020 855 1089 920 ticet
1112 852 1287 936 observare,
1312 853 1388 936 quia
1411 854 1496 919 sicut
1512 853 1561 918 di·

306 958 399 1024 citur
420 962 487 1026 Act
509 960 540 1036 4,
565 959 718 1025 oboedire
741 962 873 1043 oportet
896 959 967 1025 Deo
990 957 1097 1041 magia
1120 979 1218 1042 quam
1242 959 1456 1026 hominibus¹‘.

402 1064 437 1148 b)
460 1064 515 1130 vel
533 1087 611 1150 „per
631 1068 887 1131 contrarietatem
910 1066 956 1130 ad
979 1066 1094 1132 donam
1118 1065 1326 1150 hamanam“‚
1350 1066 1420 1132 sive
1436 1067 1470 1134 id
1486 1087 1562 1132 con·

307 1171 424 1253 tingat
445 1191 504 1248 „ex
518 1171 590 1255 fine,
616 1170 701 1236 sicut
717 1193 790 1236 cum
806 1170 924 1254 aliquis
940 1171 1132 1256 praesidens
1147 1172 1238 1255 leges
1254 1173 1392 1257 imponit
1408 1193 1563 1240 onerosas

307 1276 454 1342 subditis
476 1297 542 1343 nan
564 1275 769 1361 pertinentes
792 1278 835 1342 ad
858 1277 1036 1345 utilitatem
1062 1299 1276 1360 communem,
1307 1280 1366 1346 sod
1391 1279 1498 1362 magis
1521 1280 1564 1345 ad

308 1383 481 1466 propriam
503 1383 716 1467 cupiditatem
740 1386 800 1450 aut
821 1383 978 1466 gloriam3
1003 1385 1057 1450 vel
1081 1405 1123 1452 ex
1146 1393 1282 1470 anctore,
1306 1386 1392 1453 sicut
1414 1408 1486 1452 cum
1502 1386 1563 1452 ali-

309 1488 388 1571 quis
418 1489 527 1572 legem
553 1489 621 1556 fert
642 1490 733 1556 ultra
755 1489 817 1555 sibi
841 1490 1047 1556 commissam
1071 1495 1289 1575 potestatem3
1321 1494 1375 1560 vel
1398 1493 1498 1560 etiarn
1521 1513 1565 1560 ex

307 1595 433 1679 forma,
445 1599 527 1680 puta
538 1617 611 1662 cum
623 1597 842 1679 inaequaliter
853 1618 954 1664 onera
965 1598 1166 1666 multitudini
1179 1599 1418 1685 dispensantur,
1435 1599 1563 1666 etiamsi

312 1701 508 1769 ordinentur
539 1703 582 1770 ad
615 1703 735 1768 bonum
767 1706 970 1770 commuue“.
1018 1705 1092 1772 Huc
1123 1705 1225 1789 igitur
1256 1707 1423 1791 pertinent
1452 1727 1565 1774 ornnes

311 1810 408 1892 leges
430 1812 570 1876 iniustae
592 1818 735 1896 respecta
751 1810 963 1895 subditorum,
987 1831 1026 1878 eo
1042 1812 1128 1894 quod
1144 1812 1209 1878 illis
1224 1835 1405 1896 gravamen
1420 1813 1566 1880 inferunt

312 1916 483 1994 iniustum,
508 1917 639 1982 etiamsi
662 1917 703 1983 ab
726 1916 767 1982 iis
790 1917 861 1983 sine
883 1921 1021 2002 peccato
1045 1919 1174 1986 servari
1196 1919 1333 2004 possint.
1380 1920 1425 1986 Et
1448 1921 1488 1986 de
1514 1920 1565 1986 his

314 2042 446 2105 quoque
470 2023 502 2088 S.
526 2023 651 2089 Doctor
674 2043 823 2089 asserere
846 2043 911 2088 non
935 2023 1082 2090 dubitat:
1116 2025 1328 2102 „Huiusmodi
1356 2029 1434 2092 sunt
1460 2026 1565 2109 magis

315 2128 495 2195 violentiae
519 2149 618 2210 quam
639 2129 743 2212 leges.
775 2129 872 2196 Unde
893 2131 973 2196 totas
997 2132 1077 2216 tepea
1100 2153 1164 2196 non
1187 2131 1327 2219 obliquat
1349 2135 1386 2199 in
1407 2133 1479 2216 faro
1495 2155 1565 2198 con·

316 2239 478 2319 scientiae,
502 2234 566 2302 nisi
587 2235 674 2302 forte
696 2239 832 2320 propter
855 2236 1027 2302 vitandum
1050 2237 1240 2304 scandalum
1256 2239 1310 2304 vel
1326 2239 1564 2314 turbationem

316 2343 454 2425 propter
481 2341 568 2424 quod
591 2341 691 2408 etiam
714 2341 811 2408 homo
833 2341 897 2408 iuri
920 2363 979 2408 suo
1004 2341 1101 2410 debet
1133 2343 1281 2423 oedere“,
1312 2344 1335 2412 i.
1354 2366 1382 2412 e.
1407 2348 1566 2412 occasione

320 2470 431 2514 aarum
453 2447 618 2514 interdum
641 2448 720 2514 oriri
742 2448 871 2531 quidem
891 2452 1002 2533 potest
1018 2448 1175 2532 obligatio
1192 2450 1385 2518 admittendi
1401 2450 1455 2516 vel
1471 2471 1567 2534 prae·

319 2555 430 2620 standi
461 2553 505 2633 id,
538 2553 626 2637 quod
654 2553 871 2640 praecipiunt,
905 2555 962 2620 sed
993 2575 1054 2640 ρετ
1083 2555 1244 2636 accidens,
1276 2577 1336 2622 nec
1367 2579 1409 2624 ex
1438 2555 1511 2641 ipsa
1533 2555 1567 2620 vi

318 2661 439 2742 legum,
470 2661 529 2726 sed
558 2661 664 2726 solnm
694 2682 736 2727 ex
766 2661 1029 2728 consideratione
1058 2662 1158 2747 officii
1187 2666 1350 2730 naturalis
1377 2683 1568 2747 perrarum

319 2768 475 2834 adiuncta
497 2766 585 2832 forte
608 2767 739 2833 aliunde
762 2768 978 2834 advenientis.

410 2872 569 2938 Attamen
593 2874 725 2950 suarez,
753 2873 839 2940 bunc
862 2874 968 2940 locum
993 2875 1025 2942 S.
1051 2873 1196 2942 Thomas
1219 2897 1261 2942 ex
1285 2875 1354 2942 eius
1377 2880 1487 2943 mente
1510 2895 1569 2941 ex·

319 2978 456 3063 plicans,
480 2979 599 3044 merito
623 2980 875 3047 animadvertit:
899 2983 937 3046 ut
959 2981 1015 3046 lex
1039 2979 1150 3064 aliqua
1161 3005 1224 3068 per
1238 3005 1271 3050 se
1287 2982 1329 3048 ad
1345 2981 1464 3047 bonum
1481 3000 1569 3046 com·

320 3105 419 3151 mune
439 3084 529 3151 utilis
550 3091 686 3170 propter
707 3086 871 3153 defectum
891 3086 1038 3154 iustitiae
1059 3090 1184 3154 ratione
1203 3091 1291 3154 modi
1312 3086 1437 3154 censeri
1463 3086 1569 3170 possit

320 3196 473 3276 respectu
490 3192 631 3258 omnium
648 3193 803 3273 invalida,
828 3215 893 3260 non
909 3193 1062 3260 sufficere
1078 3195 1346 3278 qualemcumque
1362 3193 1569 3276 iniquitatem

321 3319 380 3364 seu
404 3299 699 3384 disproportionem
721 3300 756 3366 in
779 3299 1012 3366 distribuendis
1036 3301 1188 3366 oneribus
1211 3301 1358 3385 publicis,
1390 3299 1484 3384 quasi
1510 3319 1570 3384 ρετ

322 3405 550 3490 exceptionem
574 3406 640 3490 legi
655 3408 890 3488 inhaerentem,
915 3408 973 3473 sed
989 3409 1090 3474 talem
1107 3407 1361 3491 intellegendam
1377 3427 1461 3485 esse,
1486 3425 1570 3488 quae

327 3511 506 3589 ‚redundet
528 3512 561 3577 in
586 3513 817 3581 detrimentum
842 3535 1013 3582 commune
1036 3517 1070 3581 et
1093 3513 1127 3580 in
1142 3535 1246 3597 grave
1262 3535 1300 3580 ac
1316 3513 1473 3579 iniustum
1489 3532 1571 3577 onus

323 3617 464 3701 plurium
496 3619 715 3685 membrorum
749 3620 835 3686 eius“
850 3623 871 3686 ¹.
897 3658 940 3668 —
967 3619 1146 3685 Praeterea
1176 3619 1260 3702 legis
1289 3619 1416 3686 iustitia
1446 3621 1571 3683 ratione

323 3725 411 3788 modi
439 3725 732 3792 commensuranda
762 3731 813 3794 est
842 3726 938 3792 unice
967 3747 1010 3792 ex
1039 3726 1135 3792 modo
1160 3729 1273 3812 operis,
1304 3747 1370 3792 non
1394 3729 1504 3791 autem
1529 3744 1571 3788 ex

324 3829 420 3895 niodo
443 3834 604 3916 operantis
633 3853 692 3897 seu
715 3854 758 3898 ex
781 3833 966 3900 subiectiva
988 3831 1104 3898 morali
1128 3831 1340 3918 dispositione
1364 3838 1423 3899 aut
1447 3830 1571 3897 motivo

324 3937 432 4019 legem
455 3935 626 4004 ferentis2.

555 4115 628 4196 §4-
674 4115 733 4180 De
764 4116 1017 4182 extensione
1048 4115 1341 4198 obligationis

327 4235 398 4310 299.
489 4236 707 4320 Obligationis
732 4238 881 4304 extensio
905 4238 1103 4305 considerari
1128 4243 1239 4323 potest
1262 4241 1307 4304 cet
1330 4235 1507 4303 secundum
1524 4235 1573 4300 in·

327 4349 456 4409 ternam
480 4346 697 4430 quantitatem
722 4364 788 4425 qua
811 4344 945 4426 gravior
968 4348 1027 4410 aut
1049 4345 1155 4410 levior
1178 4366 1250 4410 esse
1275 4348 1436 4422 censetur,
1460 4345 1506 4408 cet
1522 4362 1573 4406 se·

327 4448 466 4516 cundum
483 4451 786 4538 comprehensionem
796 4472 1023 4535 personarum,
1049 4470 1134 4533 quae
1149 4472 1208 4534 per
1224 4470 1296 4516 eam
1314 4450 1573 4531 obstringuntur.

328 4555 422 4623 Circa
445 4563 620 4638 utrumque
645 4577 682 4620 ee
704 4563 826 4620 actara
850 4564 878 4620 et
900 4559 1022 4640 criptae
1044 4555 1128 4640 legis
1148 4555 1310 4640 positivae
1326 4557 1408 4622 haec
1424 4553 1574 4620 similiter

327 4661 476 4745 legitima
499 4663 673 4728 corollaria
695 4664 956 4744 consequuntur:

421 4926 430 4958 ¹
448 4924 489 4977 De
507 4924 560 4992 leg.
579 4923 597 4977 1.
619 4924 642 4989 1,
660 4941 684 4978 c.
703 4923 728 4988 9,
748 4923 765 4991 ἐ
785 4924 833 4987 16;
852 4924 887 4978 cf.
906 4924 924 4980 1.
943 4924 969 4988 3,
988 4942 1011 4979 c.
1033 4925 1074 4990 19,
1093 4924 1109 4992 ἓ
1131 4925 1171 4980 11.

420 5013 556 5065 'Suarez
573 5011 591 5065 1.
611 5031 634 5066 c.
653 5008 671 5065 l.
693 5012 715 5076 1,
735 5028 758 5065 c.
778 5013 802 5075 9,
822 5011 839 5078 5
859 5012 900 5065 12.
