3909 5842
431 699 472 754 De
490 697 643 769 praecipuis
661 695 731 764 legis
749 695 883 751 naturalis
901 695 1122 768 proprietatibus.
1141 724 1176 734 -
1195 695 1405 752 Universslitas.
1474 701 1538 764 243

295 879 465 962 appareat.
513 874 616 940 lmmo
639 873 717 939 talis
741 873 984 954 defectibilitas,
1009 873 1141 940 tametsi
1164 873 1198 938 in
1221 873 1396 940 individuis
1412 873 1541 941 casibus

294 980 516 1058 accidentalis,
547 979 725 1046 universim
753 986 866 1048 tamon
889 1002 910 1047 s
932 985 1071 1048 naturae
1093 979 1256 1045 humanae
1280 979 1468 1046 condicione
1490 981 1539 1046 in-

296 1086 488 1173 separabilis
511 1107 584 1152 esse
606 1085 704 1152 facile
727 1085 944 1168 cognoscitur.
976 1087 1212 1168 Praeterquam
1235 1085 1320 1150 euim
1344 1087 1429 1169 quod
1451 1087 1557 1171 prim·

295 1194 414 1279 cipium
437 1192 627 1275 ceteroquin
649 1191 830 1259 theoretice
852 1191 1080 1270 clarissimum,
1110 1191 1347 1275 quamprimum
1372 1193 1413 1258 ad
1436 1193 1541 1278 purti-

296 1301 420 1366 cularia
433 1305 468 1366 et
483 1302 638 1366 concreta
654 1298 833 1382 operabilia
847 1298 1044 1384 applicetur,
1068 1319 1127 1383 per
1142 1299 1338 1383 multiplices
1353 1301 1539 1384 passionum

296 1394 465 1474 suasiones
488 1426 528 1471 ac
550 1408 745 1490 praetextus
768 1406 915 1489 practice
938 1405 1105 1472 obscurari
1129 1410 1163 1472 et
1186 1405 1261 1470 hinc
1284 1405 1475 1489 ingratiam
1492 1407 1541 1472 in·

295 1513 454 1580 ieriorum
476 1510 682 1596 appetituum
706 1531 727 1576 a
748 1531 808 1576 suo
831 1511 940 1594 rigore
962 1510 1085 1578 inflecti
1109 1509 1290 1593 contingat,
1320 1510 1386 1577 alic
1408 1511 1541 1597 insuper

296 1619 452 1702 frequens
481 1617 612 1683 errandi
642 1616 769 1682 occasio
795 1617 838 1683 ab
865 1617 939 1701 ipsa
960 1617 1105 1684 naturali
1127 1617 1322 1684 limitatione
1345 1621 1380 1684 et
1401 1618 1542 1685 relativa

297 1723 530 1791 insufficientia
551 1723 714 1789 humanae
736 1723 985 1805 intellegentiae
1008 1723 1134 1790 oriatur
1156 1743 1291 1788 necesse
1310 1727 1370 1790 est.
1403 1724 1439 1789 ld
1456 1725 1540 1790 enim

297 1831 331 1896 iu
352 1830 582 1897 remotioribus
604 1829 688 1912 legis
705 1829 964 1895 conclusionibus
981 1829 1102 1908 evenit,
1126 1849 1230 1912 eoque
1246 1829 1361 1912 magis,
1386 1851 1449 1914 quo
1465 1831 1541 1897 sub·

298 1936 388 2002 tilius
410 1937 494 2020 legis
516 1935 694 2020 applicatio
716 1935 758 2001 ad
783 1936 997 2020 particularia
1019 1935 1187 2003 descendit
1209 1941 1243 2002 et
1260 1957 1322 2018 quo
1337 1937 1432 2020 plura
1447 1937 1544 2003 simul

298 2065 406 2110 rerum
437 2043 592 2111 adiuncta
618 2049 653 2110 et
675 2043 847 2108 moralium
870 2047 1077 2127 respectuum
1102 2043 1278 2110 diversitas
1300 2047 1358 2109 aut
1381 2063 1543 2127 apparens

300 2150 424 2216 collisio
447 2149 663 2216 ratiocinandi
686 2149 859 2215 materiam
882 2150 1089 2233 complexam
1112 2149 1262 2218 reddunt.
1300 2149 1418 2216 Mirum
1441 2149 1543 2232 igitur

301 2278 365 2324 non
388 2261 449 2334 est,
472 2257 506 2322 in
529 2257 581 2322 his
603 2276 806 2322 communem
829 2259 864 2322 et
886 2275 998 2339 parem
1016 2253 1158 2322 omnium
1176 2256 1326 2322 notitiam
1343 2255 1463 2338 attingi
1479 2277 1544 2321 non

300 2385 406 2448 posse.
430 2402 475 2412 -—
496 2363 717 2430 Nihilominus
745 2362 821 2427 huic
850 2361 951 2428 etiam
977 2361 1122 2428 naturali
1145 2362 1348 2428 incommodo
1372 2363 1460 2428 Deus
1484 2361 1543 2428 ali-

301 2474 463 2553 quetenus
492 2472 642 2536 naturale
671 2468 850 2534 remedium
872 2467 1027 2552 providit,
1058 2489 1096 2534 eo
1120 2468 1206 2552 quod
1229 2469 1377 2535 internae
1400 2469 1544 2552 promul·

300 2576 443 2659 gationis
465 2576 640 2643 relativam
662 2575 927 2642 insufficientiam
951 2575 1189 2658 quodammodo
1213 2597 1272 2660 per
1287 2579 1384 2641 vitam
1399 2577 1544 2641 sodalem

301 2683 497 2749 naturaliter
518 2683 705 2749 institutam
728 2686 865 2749 externe
888 2681 1044 2766 compleri
1067 2680 1180 2748 voluit.
1224 2681 1311 2747 Nam
1335 2685 1373 2746 ut
1395 2681 1544 2766 apposite

302 2789 333 2854 S.
358 2788 483 2855 Doctor
505 2789 676 2855 observat:
711 2787 896 2866 „Quaedam
926 2793 1013 2866 sunt,
1045 2807 1129 2870 quae
1159 2787 1272 2853 statim
1303 2809 1363 2870 per
1391 2809 1427 2854 se
1458 2789 1543 2855 ratio

302 2895 463 2960 naturalis
493 2894 665 2960 cuiuslibet
694 2893 833 2960 hominis
862 2893 1019 2961 diiudicat
1048 2915 1121 2959 esse
1150 2893 1301 2960 iacienda
1331 2893 1383 2959 vel
1406 2915 1471 2959 non
1493 2894 1545 2960 ia·

302 3001 434 3076 cienda3
467 3001 569 3066 sicut:
601 2999 739 3065 Honora
769 3003 897 3083 patrem
929 3004 1023 3065 tuum
1054 3004 1088 3065 et
1117 3003 1273 3070 matrem:
1304 3003 1355 3064 et:
1385 2997 1460 3064 Non
1491 3019 1545 3065 cc-

302 3105 401 3172 cides.
426 3158 433 3170 .
459 3157 500 3171 ..
546 3104 714 3182 Quaedam
746 3125 825 3170 vero
857 3109 947 3180 sunt,
984 3125 1068 3188 quae
1102 3106 1263 3170 subtiliori
1296 3104 1546 3170 consideratione

302 3215 439 3279 rationis
462 3235 483 3278 a
505 3214 703 3298 sapientibus
725 3215 915 3278 iudicantur
937 3233 1004 3278 esec
1026 3211 1246 3294 obseruanda;
1268 3215 1303 3278 et
1325 3211 1391 3277 ista
1406 3210 1453 3275 sic
1469 3217 1546 3278 sunt

302 3322 343 3386 de
372 3321 445 3403 lege
474 3324 622 3394 naturae,
656 3323 695 3384 ut
725 3323 837 3385 mmcn
869 3322 1034 3405 indipcont
1064 3321 1247 3404 disciplina,
1278 3339 1342 3404 qua
1364 3320 1502 3383 minores
1526 3341 1546 3382 c

302 3429 499 3512 cupientibus
521 3430 756 3492 instruuntur.“
772 3429 782 3469 ¹

600 3611 749 3686 Nolanis
770 3611 811 3684 st
833 3611 1007 3687 solvendas
1030 3611 1253 3685 difficultates.

303 3737 370 3808 273.
464 3744 492 3806 1.
516 3739 677 3822 Exempla
699 3738 856 3804 historica
878 3741 913 3803 et
936 3735 1205 3820 ethuographica
1234 3756 1317 3819 quae
1341 3735 1446 3801 obiter
1469 3755 1546 3800 con·

301 3843 447 3911 siderate
462 3845 588 3928 primae
603 3844 689 3928 parti
705 3844 836 3911 theseos
852 3846 911 3908 aut
926 3844 1044 3910 saltem
1061 3842 1156 3908 alteri
1169 3841 1238 3908 eius
1254 3841 1397 3906 membro
1414 3847 1545 3908 contra-

303 3950 411 4016 dicere
440 3950 593 4018 videntur
617 3955 651 4016 et
677 3949 750 4016 ideo
775 3950 817 4016 ad
842 3948 1044 4034 probandam
1072 3945 1291 4012 invincibilem
1325 3947 1545 4030 ignorantiam

303 4056 404 4123 etiam
435 4055 665 4140 principiorum
695 4055 779 4138 legis
806 4056 848 4121 ab
872 4053 1071 4120 adversariis
1093 4053 1238 4118 invocari
1261 4053 1378 4131 solent,
1409 4074 1444 4118 re
1473 4053 1547 4136 ipsa

302 4170 425 4239 tamen,
448 4161 591 4246 penitius
614 4162 812 4236 examinata,
838 4160 994 4226 eiusmodi
1011 4181 1084 4225 esse
1099 4158 1196 4224 facile
1212 4158 1437 4238 ostenduntur,
1462 4179 1546 4241 quae

303 4269 412 4336 thesin
435 4268 544 4352 potius
567 4269 768 4333 confirment.
802 4266 990 4333 Generatim
1016 4265 1102 4331 enim
1126 4263 1362 4354 demonstrant,
1387 4265 1459 4349 ipsa
1475 4267 1545 4347 qui-

303 4376 377 4440 dem
400 4373 485 4457 legis
507 4373 676 4458 principia,
700 4373 798 4440 etiam
822 4371 1026 4450 secundaria,
1048 4395 1109 4458 per
1130 4393 1163 4438 ee
1185 4377 1322 4456 spectata
1345 4369 1467 4454 passim
1491 4392 1546 4436 co·

303 4481 407 4565 gnita,
438 4480 496 4546 sed
522 4482 555 4545 iu
579 4481 742 4547 concretis
764 4501 873 4546 rerum
898 4478 1061 4545 adiunctis
1080 4499 1228 4564 perverse
1250 4480 1410 4563 applicato
1431 4478 1543 4562 fuisse.

302 4591 420 4670 ltaque
443 4609 572 4654 errores
594 4588 670 4653 inde
693 4586 850 4672 paulatim
875 4585 1108 4652 consuetudine
1123 4585 1365 4651 invalescentes
1387 4606 1450 4650 non
1476 4591 1543 4651 tam
1653 4627 1657 4638 ·

303 4697 347 4762 ad
377 4695 514 4780 primam
543 4715 641 4776 quam
664 4694 705 4759 ad
730 4695 869 4759 alteram
891 4691 996 4762 thesis
1019 4697 1147 4776 partem
1170 4692 1360 4775 plerumque
1383 4690 1544 4756 referendi

301 4808 391 4870 sunt.
438 4801 471 4868 Si
494 4805 603 4866 autem
621 4800 750 4882 aliquod
766 4801 853 4865 forte
869 4820 911 4864 ex
926 4799 1007 4900 ipsis
1019 4801 1191 4884 principiis
1206 4797 1355 4864 secundis
1371 4797 1544 4881 aliquando

395 5049 403 5080 ¹
424 5050 451 5102 S.
475 5049 574 5114 luem„
593 5044 620 5098 S.
639 5043 720 5098 theol.
741 5047 765 5108 l,
784 5045 810 5109 2,
828 5061 854 5113 q.
876 5044 934 5108 100,
953 5061 979 5097 a.
1000 5045 1023 5096 1.

1285 5131 1336 5183 16*
