3909 5842
259 672 338 727 Finis
347 673 461 727 hominis
472 673 585 729 ultimus
593 674 622 729 in
631 674 791 741 particulari
801 674 1007 729 determinatur.
1021 706 1050 717 -
1063 674 1103 729 De
1113 675 1281 730 beatitudins
1291 676 1434 731 obieotiva.
1466 680 1509 743 43

258 851 481 917 necessarium
506 872 579 917 esse
602 852 770 933 cognoscit
793 852 856 935 (id,
885 853 971 935 quod
1001 853 1088 919 infra
1115 873 1174 919 suo
1197 852 1269 919 loeo
1294 853 1510 935 ostendetur).

260 958 324 1023 Hic
350 958 428 1024 ordo
451 959 627 1043 praecipua
649 958 683 1025 iu
706 959 795 1025 iusta
822 959 959 1043 praemii
984 980 1022 1025 ao
1045 980 1171 1043 poenae
1194 960 1410 1027 retributione
1434 980 1510 1025 oon·

260 1065 365 1141 sistit‚
395 1065 416 1130 i.
442 1085 469 1129 e.
502 1064 704 1148 singulorum
735 1064 862 1131 meritis
892 1086 932 1131 ao
962 1064 1133 1131 demeritis
1162 1065 1341 1131 moralibus
1364 1065 1511 1148 generali

260 1171 404 1251 quadam
428 1171 590 1237 naturalis
612 1171 843 1255 providentiae
866 1172 941 1254 lege
963 1172 1223 1256 proportionata.
1263 1170 1510 1254 Promulgatanr

261 1276 419 1341 eiusmodi
443 1277 552 1359 legem
574 1276 608 1343 in
631 1276 705 1360 ipsa
727 1298 837 1343 rerum
862 1282 983 1343 natura
999 1277 1053 1343 vel
1076 1277 1152 1343 inde
1169 1276 1401 1361 intellegimus,
1426 1277 1511 1360 quod

262 1385 293 1447 iu
322 1382 413 1447 omni
442 1382 586 1449 naturali
610 1382 781 1449 tendentia
803 1383 967 1449 rationem
991 1382 1336 1464 eudaemonologieam
1361 1404 1434 1448 oum
1458 1404 1511 1447 ra-

261 1488 352 1555 tione
375 1488 606 1570 deontologioa
628 1486 790 1555 obieetive
812 1488 1020 1555 coniunctam
1045 1510 1118 1553 esse
1146 1493 1278 1555 creator
1300 1488 1405 1555 voluit
1428 1488 1510 1571 (31).

261 1594 331 1661 Iam
356 1616 437 1661 vero
459 1596 494 1661 in
518 1595 577 1661 illa
599 1594 776 1678 hypothesi
799 1594 957 1661 eiusmodi
981 1594 1186 1679 proportioni
1209 1595 1393 1661 servandae
1416 1616 1512 1661 omne

262 1700 512 1767 fundamentum
543 1700 757 1769 subtrahitur.
804 1699 896 1777 Quae
925 1700 1013 1766 enirn
1043 1702 1077 1767 iu
1107 1702 1312 1783 assequendo
1343 1702 1428 1767 bono
1452 1722 1511 1785 pro

262 1806 447 1873 hominibus
470 1806 593 1873 diversi
622 1806 731 1875 meriti
754 1806 921 1874 obiectiva
949 1807 1088 1891 praemii
1112 1806 1304 1886 diversitas,
1335 1808 1390 1874 ubi
1413 1829 1511 1873 unum

263 1913 363 1979 datur
386 1917 421 1980 et
440 1934 611 1980 commuue
634 1913 777 1979 omniurn
793 1934 853 1997 per
867 1913 1073 1979 successivos
1088 1913 1164 1978 boni
1180 1913 1303 1996 gradus
1318 1918 1511 1998 perpetuum

264 2023 297 2085 et
318 2020 482 2086 infinitum
506 2018 725 2085 curriculum?
749 2057 793 2069 -
816 2018 1050 2085 retardationis
1077 2018 1165 2085 forte
1187 2018 1240 2083 vel
1264 2018 1513 2085 accelerationis

263 2125 398 2191 maioris
421 2131 480 2193 aut
501 2125 660 2192 minoris?
681 2164 726 2173 -
750 2129 787 2192 at
809 2124 986 2208 veroquid
1010 2126 1168 2210 temporis
1191 2126 1411 2204 intervallum,
1436 2125 1521 2208 quid.

265 2231 360 2297 citius
384 2236 420 2298 et
442 2234 547 2299 serius
569 2232 603 2297 in
626 2232 858 2316 progressione
880 2236 1041 2297 aeterna?

352 2342 384 2405 4.
409 2338 569 2421 Quidquid
585 2342 760 2422 praeterea
776 2344 892 2405 eontra
907 2338 1158 2423 possibilitatem
1176 2342 1285 2405 status
1300 2336 1513 2403 beatitudinis

265 2448 461 2531 quiescentia,
491 2446 562 2511 sive
584 2467 626 2511 ex
650 2445 778 2511 obiecto
801 2444 931 2511 formali
959 2444 1127 2529 appetitus
1156 2444 1327 2511 rationalis
1356 2444 1443 2509 male
1466 2443 1512 2509 in-

265 2552 398 2618 tellecto
421 2550 662 2633 (confundendo
689 2553 827 2631 „bonum
852 2551 1046 2619 universim¹¹
1076 2573 1148 2617 oum
1173 2555 1333 2635 conseptu
1361 2550 1512 2633 generice

267 2658 423 2723 bonorum
454 2662 583 2724 tantum
614 2656 811 2739 finitorum),
841 2658 912 2723 sive
942 2678 985 2723 ex
1008 2662 1148 2723 naturae
1171 2658 1334 2723 humanae
1357 2657 1513 2741 perferti-

266 2763 395 2831 bilitate
425 2786 485 2850 per
515 2765 679 2849 quandam
707 2764 936 2849 apparentiam
967 2764 1051 2831 obici
1081 2766 1169 2831 forte
1199 2764 1321 2849 possit,
1355 2784 1397 2829 ex
1427 2763 1514 2830 infra

267 2870 411 2937 hoendm
433 2892 494 2937 sua
517 2876 634 2956 sponte
650 2872 816 2937 solvetur.

737 3071 980 3141 lrtloulus
1005 3072 1038 3141 3.

417 3209 512 3273 Finis
535 3209 674 3272 borninia
696 3208 828 3271 ultimus
851 3208 887 3269 irr
907 3208 1104 3289 particulari
1127 3208 1368 3273 determinatur.

530 3372 548 3456 ἕ
575 3377 603 3440 1.
650 3374 709 3439 De
732 3370 1001 3438 beatitudine
1025 3370 1254 3437 obiectiva.

271 3524 317 3595 59.
408 3513 564 3596 'Phesls
593 3512 666 3593 VI·
708 3536 751 3597 ln
771 3536 975 3598 nullobono
996 3534 1111 3613 finito,
1133 3534 1250 3597 sedin
1272 3535 1345 3595 solo
1366 3532 1434 3595 lieo
1455 3550 1514 3593 na·

271 3642 346 3699 tura
364 3637 515 3698 humana
535 3634 686 3711 perlaeta
707 3634 869 3711 oornplori
890 3650 951 3695 seu
972 3632 1139 3698 obieotire
1160 3632 1255 3695 beari
1277 3636 1399 3709 potest.

356 3769 705 3837 Praenotandum.
753 3768 881 3834 Dicitur
909 3768 1073 3852 „perfecte
1102 3766 1275 3851 oomplmi‘
1303 3790 1362 3831 -2
1395 3764 1516 3831 etenim

274 3880 352 3943 bona
375 3877 477 3944 etiam
506 3876 600 3942 finita
630 3896 669 3941 ao
692 3875 898 3958 temporalia,
923 3874 1097 3939 dummodo
1121 3873 1163 3939 ad
1187 3874 1306 3939 bonum
1330 3894 1516 3955 supremum

273 3990 358 4050 recte
373 3984 526 4050 ordinata
541 3982 617 4061 siut,
635 3982 676 4047 ad
693 3986 846 4047 naturam
862 3982 969 4064 magis
985 3982 1155 4063 magisque
1171 3978 1401 4063 perficiendam
1418 3984 1517 4061 atque

274 4090 319 4156 ita
340 4092 382 4157 ad
403 4092 586 4157 naturalem
610 4088 835 4155 beatitudinem
864 4088 1003 4153 hominis
1028 4087 1232 4153 efficiendam
1256 4084 1417 4150 obiective
1441 4105 1517 4148 con·

276 4202 415 4264 eumont.
452 4197 522 4262 Hoc
541 4216 639 4261 seusu
663 4214 743 4261 sane
759 4194 805 4259 nil
828 4193 974 4278 impedit,
1000 4194 1171 4275 quominus
1194 4192 1228 4257 iu
1244 4189 1417 4275 complexu
1433 4188 1518 4255 eius-

277 4305 356 4369 modi
386 4306 544 4369 bonorum
576 4300 745 4367 beatitudo
776 4299 1014 4383 quodammodo
1045 4298 1233 4364 incohative
1263 4297 1329 4363 iam
1359 4294 1519 4361 contineri

278 4411 409 4477 dicatur.

280 4548 324 4617 tt.
411 4546 571 4619 Probatur
582 4571 664 4635 pars
679 4569 800 4635 organa
816 4549 1022 4613 serenioris:
1038 4547 1076 4611 ln
1094 4546 1181 4609 nullo
1198 4545 1277 4609 borio
1291 4543 1381 4627 finito
1393 4593 1400 4608 .
1414 4592 1420 4607 .
1434 4592 1441 4606 .
1455 4544 1518 4605 eto.

360 4658 407 4725 Ut
430 4655 561 4739 aliquod
585 4655 704 4721 bonum
728 4675 789 4738 par
811 4653 856 4721 sit
870 4652 1019 4737 perferte
1036 4650 1218 4735 complendi
1235 4656 1389 4716 naturam
1405 4646 1520 4711 huma·

280 4782 359 4840 nam,
383 4766 497 4849 procul
522 4765 618 4831 dubio
641 4786 777 4830 neeesse
800 4769 868 4830 est:

363 4884 391 4947 1.
416 4886 454 4947 ut
476 4880 520 4947 eit
539 4904 599 4966 per
622 4902 655 4946 se
676 4882 808 4958 bonurn,
832 4878 853 4945 i.
871 4899 899 4945 e.
918 4882 1038 4961 suapte
1056 4880 1177 4943 natura
1192 4872 1371 4958 appetibile
1390 4878 1523 4956 propter

283 5003 320 5065 er,
342 5008 404 5051 non
426 4992 563 5071 propter
585 4986 691 5061 aliud3
