3909 5842
561 632 601 687 De
620 632 800 688 facultatibus
818 638 850 687 ut
866 636 932 687 sunt
949 632 1132 687 instrumenta
1150 637 1272 687 naturae.
1499 639 1537 701 11

274 826 342 885 ea,
368 827 452 888 quae
474 806 562 874 inter
582 806 874 892 apprehensionem
890 810 925 873 et
943 806 1175 889 expansionem
1193 805 1379 891 possibilem
1396 806 1538 886 exsistit,

275 913 441 995 perfecta
464 913 676 997 aequalitatis
699 912 920 997 proportione,
943 934 1010 995 qua
1033 913 1120 979 ultra
1135 913 1256 981 limites
1272 913 1540 998 apprehensionis

279 1019 451 1103 expansio
482 1040 659 1087 excurrere
687 1020 817 1103 nequit,
850 1018 982 1085 minime
1009 1042 1072 1105 per
1099 1042 1133 1085 se
1162 1024 1196 1086 et
1220 1042 1283 1105 pro
1313 1022 1400 1087 omni
1426 1042 1540 1105 penore

278 1125 457 1192 actionum
487 1126 686 1193 naturalium
715 1126 807 1193 valet
836 1125 956 1203 illatio,
985 1124 1090 1209 ipsam
1120 1128 1274 1192 actualem
1305 1125 1539 1211 expensionem

279 1238 417 1298 tantam
431 1254 554 1319 semper
570 1255 643 1316 esse,
667 1240 790 1319 quanta
805 1232 907 1315 fuerit
922 1233 1142 1319 apprehensio,
1166 1252 1226 1298 nec
1242 1232 1416 1314 aliquando
1432 1231 1539 1297 omitti

280 1338 345 1403 vel
357 1339 514 1422 suspendi
524 1340 580 1405 vel
592 1338 835 1423 angustioribus
845 1339 1067 1421 circumscribi
1079 1339 1236 1407 limitibus
1248 1360 1401 1423 umquem
1411 1341 1538 1423 pessel.

279 1483 335 1554 17.
427 1484 562 1559 &nieme
579 1485 619 1558 X.
656 1491 763 1555 Causa
786 1493 887 1578 ipitur
907 1498 999 1557 auus
1017 1492 1183 1557 nmsrrclis
1203 1494 1426 1577 cuiuscumque
1441 1513 1539 1576 neque

282 1616 329 1658 ex
354 1602 452 1679 parte
478 1594 613 1661 satiati
638 1599 799 1663 tendentis
828 1619 927 1684 neque
951 1606 1105 1683 exparte
1128 1598 1239 1664 chiems'
1262 1598 1453 1683 apprehensi
1475 1605 1539 1663 totu

280 1702 463 1784 inuenitur,
487 1703 544 1767 sed
567 1705 709 1788 quadam
728 1708 934 1790 proportione
957 1706 1115 1789 utrimque
1136 1704 1305 1789 repetenda
1330 1712 1383 1769 est.
1549 1698 1554 1707 ’

282 1879 289 1885 ,
380 1806 433 1871 nd
463 1808 660 1875 elementum
691 1808 788 1888 illud,
820 1810 906 1893 quod
937 1810 1025 1876 actui
1057 1830 1099 1875 ex
1129 1814 1224 1895 perte
1254 1810 1372 1875 obiecti
1402 1809 1539 1888 aceedit,

282 1912 528 1997 designandum
551 1914 695 1982 refertur
717 1920 830 1983 notum
852 1915 933 1981 illud
955 1916 1201 2000 metaphysicae
1225 1920 1260 1983 et
1280 1916 1414 1982 moralis
1434 1915 1539 1982 scien-

283 2019 360 2085 tiae
388 2019 600 2104 principium:
636 2022 826 2100 ,Obiectum
857 2021 1026 2105 specificat
1058 2024 1198 2091 aatum.“
1247 2022 1395 2089 Eatenus
1427 2027 1538 2088 autem

285 2124 455 2192 obiectum
484 2127 570 2194 huuc
592 2127 800 2212 specificandi
829 2128 990 2195 inflexum
1012 2128 1045 2193 in
1069 2133 1178 2195 actum
1202 2128 1333 2213 proprie
1356 2128 1538 2195 naturalem

285 2253 448 2299 exercere
462 2239 582 2319 potest,
599 2239 761 2318 quatenus
776 2235 913 2320 praevia
929 2235 1189 2320 apprehensione
1204 2234 1329 2302 factum
1345 2238 1398 2300 est
1413 2235 1538 2318 formo·

285 2340 365 2402 liter
386 2339 546 2406 terminus
569 2340 768 2419 tententiae,
791 2362 857 2407 non
880 2346 991 2409 autern
1015 2341 1192 2407 seeundum
1216 2340 1421 2407 materialem
1445 2362 1539 2407 suam

287 2444 517 2511 extensionem
542 2446 692 2515 entitetis
714 2450 750 2514 in
773 2471 816 2515 ee.

285 2590 336 2662 18.
427 2592 563 2667 Axium
578 2594 632 2667 xl.
667 2600 741 2665 Non
758 2600 867 2665 eadem
879 2601 1135 2685 proportionata
1153 2600 1273 2664 cunctis
1289 2600 1418 2665 naturis
1429 2600 1537 2664 actiui·

284 2708 343 2765 tae
365 2704 526 2768 naturalis
549 2704 589 2769 ab
611 2706 740 2791 influxu
764 2708 957 2772 extrinsecus
975 2728 1037 2790 per
1056 2706 1335 2791 apprehensionem
1360 2706 1538 2791 recipiendo

287 2808 456 2892 dependet,
480 2810 537 2874 sed
552 2810 649 2875 huius
665 2812 955 2897 dependentiaeprcl
970 2812 1235 2897 independentiae
1251 2817 1400 2895 quattuor
1414 2812 1539 2897 prodas

285 2913 323 2977 in
358 2912 409 2978 his
440 2914 540 2981 terris
570 2916 826 2999 distinguuntur,
856 2918 911 3000 qui
942 2922 1099 3000 quattuor
1131 2917 1335 2983 substantiae
1364 2916 1538 2999 generibus

285 3020 509 3103 respondent:
544 3025 572 3089 1.
605 3023 812 3089 substantiae
844 3023 1078 3107 auorganicae,
1113 3026 1143 3089 2.
1174 3022 1350 3105 organicae
1382 3024 1537 3107 vegetsli,

287 3128 321 3190 3.
348 3126 528 3193 sensitivae
551 3150 608 3193 seu
632 3129 782 3208 animali,
807 3134 839 3196 4.
863 3128 997 3195 animali
1019 3129 1183 3197 rationali.
1230 3128 1299 3206 Quo
1323 3128 1430 3211 magis
1453 3129 1537 3195 enim

286 3231 324 3296 in
354 3231 417 3297 hac
445 3234 569 3300 entium
600 3239 791 3301 creatorum
815 3236 900 3301 serie
930 3236 972 3301 ab
995 3236 1106 3302 infimo
1130 3236 1171 3302 ad
1202 3236 1386 3321 superiores
1416 3236 1539 3318 gradus

287 3337 513 3417 ascendimuS,
542 3360 581 3405 eo
604 3340 761 3406 maiorem
786 3346 926 3407 naturae
948 3344 985 3408 in
1008 3344 1170 3429 operando
1193 3344 1474 3427 independentiam
1497 3343 1538 3408 ab

286 3443 416 3509 influxu
439 3443 646 3510 extrinsecus
669 3466 730 3530 ope
753 3446 1021 3530 apprehensionis
1042 3446 1281 3515 determinante
1305 3448 1539 3515 animadverti·

286 3569 374 3627 mus,
404 3570 443 3615 eo
466 3550 573 3633 magis
596 3552 826 3619 causalitatem
853 3557 948 3634 sotus
971 3574 1013 3619 ex
1037 3557 1132 3637 parte
1155 3555 1286 3620 subiecti
1309 3574 1465 3633 crescere,
1497 3576 1539 3619 ex

286 3659 386 3739 parte
409 3657 519 3723 obiecti
541 3656 731 3724 decrescere
754 3659 912 3738 videmus,
936 3681 975 3725 eo
999 3660 1104 3743 magis
1124 3660 1229 3745 ipsam
1249 3660 1539 3744 apprehensionem

287 3762 383 3828 varie
406 3784 465 3846 pro
489 3770 640 3849 respectu
670 3765 760 3831 finali
790 3766 969 3832 modificari
994 3770 1029 3833 ot
1051 3766 1181 3832 interno
1204 3766 1340 3851 imperio
1364 3767 1468 3847 subdi,
1500 3788 1539 3833 eo

287 3866 398 3950 magis
420 3869 583 3935 actionem
605 3870 690 3936 entis
706 3872 747 3937 ab
763 3876 907 3954 augusta
923 3875 1184 3939 determinatione
1200 3874 1243 3939 ad
1259 3896 1359 3939 unum
1375 3873 1537 3953 recedere,

289 3972 448 4039 accedere
471 3979 581 4041 autem
605 3977 647 4042 ad
670 3977 903 4062 amplissimam
933 3982 1034 4061 atque
1056 3978 1259 4045 indefinitam
1283 3978 1538 4046 determinabili-

288 4084 407 4157 tatem·
426 4080 639 4161 obiectivam,
670 4084 761 4149 cuius
792 4106 952 4150 summam
985 4086 1146 4167 quandam
1178 4085 1210 4151 in
1243 4086 1368 4151 electiva
1397 4087 1540 4152 libertate

289 4185 474 4252 voluntatis
496 4188 669 4254 rationalis
692 4189 899 4272 agnoscimus
907 4192 930 4257 ².

384 4430 454 4485 ¹Ci.
474 4434 503 4486 S.
526 4434 627 4503 thom,
645 4430 673 4487 S.
691 4432 774 4487 theol.
795 4434 818 4499 1,
837 4450 863 4501 q.
882 4433 925 4496 80,
944 4450 968 4486 a.
990 4433 1014 4487 l.

382 4518 463 4574 ¹His
482 4520 562 4590 plane
581 4524 735 4589 congruunt
752 4520 822 4575 vsrii
840 4522 944 4589 medus
961 4520 1152 4591 perfectiouis,
1178 4536 1245 4589 quos
1264 4519 1291 4574 S.
1310 4520 1429 4577 Thomas
1447 4522 1475 4576 in
1494 4538 1540 4576 sx-

290 4610 424 4681 pensione
442 4625 491 4663 seu
509 4608 634 4679 appetitu
651 4610 770 4663 naturali
789 4610 892 4663 entium
911 4609 1070 4677 distinguit:
1093 4609 1158 4676 ,Est
1177 4612 1267 4663 sutem
1287 4610 1540 4679 impatientissimus

291 4698 462 4769 appetituum
486 4699 624 4751 naturalis
649 4700 783 4767 appetitae
807 4699 905 4766 absque
930 4700 1093 4765 capnitione,
1119 4696 1190 4765 quod
1215 4696 1283 4749 nihil
1309 4696 1382 4751 alind
1410 4698 1541 4769 importat

291 4804 373 4855 qnam
391 4785 596 4840 inclinationem
613 4786 775 4840 naturalem.
801 4785 889 4855 Supra
901 4786 973 4840 huuc
992 4790 1084 4839 autem
1103 4790 1147 4839 est
1165 4789 1298 4854 appetitus
1315 4787 1457 4855 sensifflis,
1476 4785 1540 4855 quia

291 4876 417 4944 sequitur
435 4874 631 4942 cognitionem,
650 4875 699 4929 sed
717 4879 761 4929 est
779 4874 881 4944 absque
900 4874 986 4929 libera
1005 4874 1145 4929 electione.
1183 4874 1330 4945 Supremas
1348 4878 1440 4929 summ
1459 4892 1540 4945 appe·

293 4966 360 5018 titus
378 4966 431 5027 est,
450 4964 497 5031 qui
515 4965 558 5017 est
571 4980 632 5017 cum
645 4963 799 5031 cognitione
811 4967 840 5016 et
851 4963 937 5017 libere
950 4963 1096 5017 electione:
1115 4962 1160 5017 hie
1177 4962 1247 5017 enim
1261 4962 1399 5033 appetitus
1413 4962 1539 5031 quodam·
