3909 5842
389 590 452 654 152
614 584 703 640 Sectio
721 585 743 640 1.
779 585 860 640 Liber
878 585 912 640 ll.
950 583 1040 656 Oaput
1058 585 1079 639 l.
1117 583 1257 638 Atticulae
1277 586 1301 639 1.
1338 583 1399 652 53.

386 766 472 848 qaod
495 765 549 830 vel
572 764 614 830 ad
637 764 769 832 scholae
791 763 945 850 propriae
960 785 1080 830 nomeu
1096 784 1135 829 ac
1154 763 1350 846 dignitatem
1366 784 1545 845 numquam
1561 784 1651 847 per-

386 878 550 941 venerunt
578 874 632 938 vel
663 872 800 939 alteriue
830 872 962 938 scholae
992 893 1120 938 ramum
1148 893 1168 937 a
1191 871 1294 956 stirpe
1324 890 1439 954 parum
1467 868 1649 934 diversum

386 981 553 1058 exhibent,
577 979 632 1045 vel
655 979 795 1056 demum,
826 978 889 1045 etsi
917 978 951 1043 in
973 977 1113 1045 historia
1135 976 1360 1060 philosophiae
1383 977 1560 1042 universae
1584 996 1650 1041 ce-

385 1086 540 1153 lebritate
570 1107 635 1152 non
663 1089 787 1161 carent,
818 1087 903 1152 hanc
933 1091 1047 1152 tamen
1076 1084 1183 1150 minas
1213 1105 1257 1149 ex
1278 1082 1481 1168 proprietate
1503 1081 1649 1148 ethicae

386 1191 556 1258 doctrinae
580 1212 677 1274 quam
700 1190 774 1256 aliis
798 1212 816 1257 e
840 1190 1002 1275 capitibus
1018 1191 1183 1268 hauriunt,
1209 1191 1306 1274 quale
1322 1193 1374 1254 est
1390 1210 1420 1255 u.
1438 1210 1469 1270 g.
1485 1193 1649 1271 systema

386 1297 535 1377 Oarlesii,
553 1320 573 1364 a
589 1321 652 1382 quo
668 1299 739 1364 fere
752 1298 857 1364 omnis
875 1298 1067 1376 ,moderna“
1083 1297 1289 1382 philosophia
1304 1295 1477 1380 impulsum
1493 1296 1648 1380 accepit.

386 1419 451 1492 176.
493 1408 499 1420 ’
543 1423 663 1501 Quodsi
687 1428 861 1507 praeterea
884 1426 1074 1505 quaeratur,
1104 1441 1277 1504 quemnam
1299 1420 1406 1485 locum
1429 1418 1463 1484 iu
1486 1418 1647 1502 generali

386 1527 448 1593 hac
478 1528 707 1596 distributione
737 1531 869 1594 moralis
888 1531 1090 1616 philosophia
1114 1531 1255 1614 specifice
1277 1528 1457 1592 christiana
1478 1525 1646 1591 historice

387 1639 534 1718 occupet,
565 1636 736 1703 notissima
759 1641 859 1716 atque
883 1633 1063 1701 communie
1085 1633 1173 1699 illias
1195 1633 1321 1698 indoles
1344 1631 1475 1697 obvium
1498 1653 1645 1716 respon·

386 1759 458 1804 sum
482 1742 680 1825 suppeditat.
726 1741 902 1826 Multiplex
925 1740 1054 1824 quidem
1078 1739 1177 1806 etiam
1202 1739 1288 1822 apud
1313 1738 1509 1804 christianos
1527 1738 1643 1821 philo-

387 1847 507 1929 sophos
531 1847 722 1914 enuntiandi
745 1846 895 1932 principii
920 1846 1063 1912 formula
1085 1845 1266 1930 reperitur;
1297 1845 1355 1910 sed
1382 1845 1463 1910 haec
1483 1845 1644 1926 formalia

388 1951 564 2020 diversitas
587 1975 653 2021 nou
675 1954 821 2038 impedit,
846 1954 1018 2037 quominus
1038 1956 1250 2019 materialiter
1275 1957 1310 2017 et
1336 1952 1511 2017 secundam
1538 1954 1644 2018 anto·

387 2059 526 2142 logicam
545 2059 740 2126 discriminis
755 2061 890 2127 moralis
906 2059 1066 2126 rationem
1091 2058 1247 2124 universa
1270 2057 1448 2123 christiana
1466 2057 1581 2122 schola
1603 2058 1641 2122 in

389 2188 488 2232 anam
519 2167 617 2250 plane
650 2169 860 2234 asserendum
893 2168 1092 2233 moralitatis
1125 2165 1317 2250 principium
1350 2163 1544 2230 consentiat.
1592 2165 1644 2231 lat

387 2271 449 2337 hoc
465 2273 595 2355 quidem
611 2273 769 2340 eiusmodi
785 2279 846 2352 est,
871 2272 957 2357 quod
979 2293 1039 2357 per
1061 2293 1097 2337 se
1117 2271 1259 2337 indolem
1283 2290 1388 2353 neque
1413 2272 1567 2336 adarim
1583 2273 1642 2336 de·

388 2382 764 2465 amolmico-rationalem
778 2401 882 2462 neque
899 2378 1092 2463 simpliciter
1109 2379 1417 2457 eudaemoaisticam,
1441 2377 1500 2442 sed
1512 2385 1641 2442 atram·

387 2505 446 2570 qae
470 2493 542 2570 apte
565 2489 763 2552 coniunctam
796 2507 876 2570 prae
909 2507 944 2551 se
976 2485 1073 2560 ferat,
1107 2484 1196 2548 illam
1229 2483 1381 2548 nimirum
1407 2485 1568 2568 primario
1599 2506 1642 2548 ac

385 2591 583 2672 formaliter,
619 2591 759 2657 alteram
789 2612 868 2656 vero
898 2592 1107 2674 secundario,
1138 2595 1306 2671 tamquam
1341 2591 1552 2655 materialiter
1585 2588 1640 2653 in-

388 2696 603 2780 separabilem
621 2700 655 2762 et
670 2696 771 2780 priori
786 2697 819 2761 iu
836 2697 963 2762 ratione
986 2697 1060 2762 finis
1082 2696 1225 2780 positive
1248 2695 1506 2761 subordinatam.
1542 2695 1640 2760 Gam-

389 2823 486 2868 mune
510 2802 629 2886 quippe
652 2802 826 2868 aniversae
851 2803 978 2868 ethicae
1003 2803 1202 2868 christianae
1224 2801 1473 2868 fundamentum
1499 2807 1551 2867 est
1566 2823 1640 2866 cer-

389 2908 517 2974 tissima
548 2908 708 2990 cognitio:
742 2912 770 2976 l.
795 2912 830 2974 ia
853 2933 920 2975 aaa
944 2911 1089 2994 beatifica
1113 2911 1175 2974 Dei
1202 2911 1399 2994 possessione
1421 2947 1466 2955 -
1488 2911 1559 2972 turn
1582 2929 1639 2972 ra-

388 3015 512 3080 tionale
536 3014 680 3080 debitum
705 3015 827 3081 liberae
843 3016 1026 3082 voluntatis
1042 3014 1153 3097 (finem
1171 3010 1638 3097 deontologico-rationalem),

388 3126 459 3187 tum
482 3125 622 3188 naturae
645 3121 808 3187 humanae
831 3123 995 3188 internam
1019 3121 1255 3206 perfectionem
1279 3121 1390 3204 (finem
1418 3121 1639 3185 eudaemona·

388 3227 542 3309 logicum)
567 3228 737 3311 compleri;
770 3229 910 3294 ahane
941 3229 1047 3313 ipsum
1077 3229 1175 3292 finem
1198 3225 1542 3308 eudaemonologicum
1572 3247 1636 3291 nau

389 3334 493 3400 solum
517 3337 555 3400 at
578 3334 700 3416 aliquid
724 3335 885 3400 obiective
909 3355 1121 3416 consequens,
1153 3334 1211 3398 sed
1234 3337 1271 3398 ut
1293 3353 1409 3397 veram
1430 3332 1536 3414 finem
1566 3333 1637 3397 Deo

389 3445 522 3506 auctore
552 3445 691 3506 naturae
722 3441 903 3516 ordinante,
934 3440 1097 3505 humanae
1128 3438 1293 3505 nativitati
1315 3438 1470 3522 proponi;
1502 3440 1532 3504 3.
1557 3458 1636 3503 ean·

389 3547 462 3612 dem
487 3567 575 3622 vero,
606 3549 720 3630 utpote
750 3547 807 3612 fini
831 3546 1059 3629 deontologico
1082 3545 1304 3612 essentialiter
1326 3544 1585 3621 subordinatum,
1617 3567 1639 3610 a

388 3653 542 3720 rationali
565 3654 735 3720 voluntate
758 3653 993 3720 intendendam
1017 3674 1082 3718 non
1112 3673 1185 3718 esse
1215 3654 1400 3737 simpliciter
1429 3659 1457 3716 et
1484 3653 1638 3717 maasiae

389 3763 514 3825 ratione
545 3761 597 3824 sai
631 3780 689 3824 sea
724 3759 866 3842 positive
902 3759 1105 3825 excludendo
1139 3762 1327 3843 respectum
1361 3756 1636 3840 deantologicum‚

390 3887 486 3949 quern
517 3865 573 3930 ille
605 3864 793 3947 ceteroquin
826 3866 989 3931 obiective
1019 3872 1054 3931 et
1084 3869 1202 3948 suapte
1234 3868 1353 3930 natura
1376 3863 1529 3929 involvit.
1576 3863 1636 3940 Qui

389 3975 500 4039 autem
522 3971 607 4036 hanc
631 3971 671 4036 de
693 3973 759 4036 fine
778 3971 917 4036 hominis
933 3970 1213 4036 fundamentalem
1230 3970 1412 4035 doctrinam
1430 3971 1636 4053 profitentur.

388 4080 421 4144 in
445 4079 507 4144 hac
531 4079 656 4163 pariter
679 4077 894 4153 conclusione,
920 4082 1079 4160 quantum
1103 4077 1145 4142 ad
1167 4075 1217 4142 rei
1240 4075 1470 4152 substantiam,
1502 4096 1636 4141 consen-

388 4186 474 4254 tiant
497 4205 633 4251 necesse
657 4187 724 4248 est:
749 4185 908 4249 honestam
927 4205 991 4250 esse
1007 4185 1161 4249 actionem
1176 4190 1234 4248 aat
1248 4183 1445 4248 inhonestam
1462 4183 1635 4247 secandam

389 4294 472 4379 qaod
502 4294 656 4358 homiaem
687 4289 764 4372 Dea,
796 4311 916 4354 samma
947 4290 1034 4372 bono,
1066 4311 1173 4356 ancora
1202 4289 1428 4375 cataplectendo
1458 4287 1637 4370 conformat

390 4407 446 4464 aut
469 4398 508 4463 ab
533 4419 567 4463 eo
592 4397 798 4479 difformitate
821 4398 934 4460 avertit
957 4395 1013 4479 (cf.
1037 4417 1070 4463 n.
1091 4395 1249 4477 59-80).
1273 4394 1449 4476 —Atque
1472 4395 1506 4459 id
1529 4395 1634 4479 ipsam

389 4523 506 4570 revera
536 4505 642 4588 quoad
671 4523 738 4566 rem
769 4521 938 4568 commune
969 4501 1098 4568 ethicae
1128 4501 1329 4568 christianae
1355 4501 1551 4585 principium
1575 4505 1635 4572 est.

389 4629 448 4692 pro
471 4609 531 4673 sua
553 4607 717 4672 obiectiva
732 4607 876 4674 veritate
891 4607 1037 4692 practice
1053 4608 1183 4674 omnino
1200 4607 1375 4673 sufficiens.
1406 4606 1637 4690 Quaecumque

389 4715 475 4781 enim
505 4717 680 4798 praeterea
709 4714 887 4798 disputatio
912 4715 951 4780 de
975 4715 1120 4781 eiusdem
1143 4714 1293 4798 principii
1318 4712 1545 4780 enuntiatione
1565 4712 1635 4796 for·

391 4823 516 4887 inoliter
539 4819 710 4904 aptissima
732 4820 861 4886 institui
884 4820 999 4904 possit,
1031 4842 1072 4886 ea
1101 4841 1165 4886 nou
1196 4825 1265 4886 tarn
1292 4819 1461 4904 practicae
1484 4819 1636 4886 veritatis

389 4949 488 5012 qaam
511 4925 734 5011 speculativae
758 4927 914 4994 scientiae
937 4927 1087 4993 interest.
1126 4927 1171 4992 Et
1185 4946 1265 4993 sane
1289 4927 1330 4992 ad
1346 4926 1529 5010 practicam
1546 4926 1633 5010 pria·
