3909 5842
443 674 506 739 112
668 668 758 723 Sectis
776 668 797 723 1.
833 666 916 723 Liber
933 668 969 723 11.
1007 667 1096 738 Caput
1114 667 1135 723 1.
1173 666 1313 723 articulus
1334 668 1358 722 1.
1398 666 1460 733 §2

441 851 577 913 eatenus
600 868 665 913 non
689 846 884 925 naturalem,
907 846 966 912 sed
991 846 1165 930 positivam
1191 866 1263 913 esee
1285 844 1468 930 perhibent.
1500 844 1588 909 Istos
1609 864 1685 926 qno·

441 974 503 1035 que
526 953 760 1019 materialismo
784 952 903 1018 saltem
926 952 1086 1019 indirecte
1109 952 1283 1038 proludere
1306 950 1518 1017 manifestum
1533 952 1596 1017 est.
1628 949 1685 1015 Sed

441 1059 483 1124 ab
512 1059 642 1125 homine
673 1059 784 1143 aliqua
814 1058 979 1124 institutio
1010 1057 1169 1141 originem
1199 1058 1253 1121 vel
1285 1056 1538 1141 dependentiam
1570 1054 1686 1121 habere

441 1166 659 1232 diversimode
688 1169 809 1250 potest,
840 1165 993 1231 nimirum
1021 1169 1080 1230 aut
1103 1166 1233 1231 00001110
1258 1172 1284 1229 01
1307 1165 1468 1229 humanae
1492 1166 1687 1228 uudorilnth

443 1273 632 1356 definitione,
662 1276 721 1338 aut
741 1279 872 1357 praeter
895 1274 1073 1349 consilinm,
1104 1272 1206 1336 variis
1229 1271 1469 1356 cooperantibus
1491 1274 1601 1335 ceasia
1622 1270 1687 1334 sive

441 1377 682 1462 psychologicis
705 1378 776 1443 aive
798 1377 986 1451 socialibus,
1012 1376 1129 1458 quibus
1152 1377 1313 1460 paulatim
1338 1379 1430 1441 certa
1452 1374 1620 1441 hominurn
1643 1374 1688 1441 iu·

442 1484 527 1550 dicia
543 1485 582 1549 de
597 1484 742 1549 moribus
756 1483 896 1566 indeque
910 1504 1037 1548 morum
1054 1487 1233 1567 praecepta
1248 1482 1321 1567 plus
1334 1481 1485 1547 minusve
1508 1480 1687 1547 communia

441 1590 651 1667 invaluerint,
676 1612 715 1655 ac
739 1591 867 1655 demum
890 1590 944 1654 vel
960 1590 1111 1673 opinione
1127 1590 1319 1673 populorum
1336 1588 1389 1654 vel
1406 1588 1603 1655 educatione
1618 1610 1688 1653 san-

441 1696 508 1762 cita
530 1697 607 1764 sint.
641 1697 687 1763 Et
708 1717 827 1763 revera
849 1696 893 1762 ad
916 1696 1113 1763 alterutrum
1136 1716 1179 1761 ex
1202 1694 1252 1761 his
1276 1695 1463 1780 explicandi
1486 1693 1594 1760 modia
1617 1712 1688 1758 0011-

441 1802 566 1884 fugisse
589 1802 747 1878 videmus,
771 1806 933 1885 quotquot
956 1802 1131 1868 absurdam
1155 1801 1245 1867 illam
1269 1802 1467 1885 hypothesin
1482 1799 1623 1865 suadere
1639 1820 1688 1863 co-

442 1908 514 1975 nati
525 1911 611 1975 sunt.
635 1908 689 1974 Ita
700 1910 856 1975 moralem
870 1908 1063 1991 qualitatem
1077 1907 1292 1973 humanarum
1305 1908 1471 1973 actionum
1485 1907 1687 1973 derivarunt:

442 2044 509 2116 144.
605 2052 631 2114 1.
645 2047 746 2131 aliqui
759 2070 778 2113 a
791 2048 911 2133 lapibus
922 2050 1077 2115 civilibus.
1103 2048 1198 2113 Hanc
1211 2048 1391 2113 doctrinam
1408 2046 1569 2130 imprimis
1586 2050 1688 2129 syste-

443 2153 563 2219 matice
586 2153 697 2219 docuit
721 2154 857 2219 thomos
873 2154 998 2219 Hobbes
1015 2153 1265 2236 (1588-1679)
1289 2174 1360 2218 curn
1382 2156 1456 2218 tota
1479 2152 1549 2217 eius
1564 2152 1688 2217 theoria

444 2260 484 2326 de
508 2260 676 2327 societatis
703 2260 829 2342 origine
859 2264 951 2325 arcte
979 2280 1147 2326 conexam.
1195 2260 1286 2325 Inter
1309 2258 1374 2325 alia
1398 2259 1480 2323 haee
1502 2260 1687 2341 profitetur:

448 2366 612 2450 „Regulos
641 2366 718 2431 boni
741 2370 776 2432 et
798 2366 886 2444 mali,
917 2366 995 2431 iusti
1019 2370 1053 2432 et
1075 2366 1197 2444 iniusti,
1222 2366 1352 2431 honesti
1375 2368 1409 2429 et
1432 2364 1599 2430 inhonesti
1621 2384 1688 2428 esse

443 2474 535 2556 leges
564 2472 687 2548 civiles,
718 2472 865 2554 ideoque,
897 2473 984 2554 quod
1012 2472 1184 2555 legislator
1206 2470 1423 2556 praeceperit,
1456 2470 1490 2535 id
1514 2492 1573 2553 pro
1599 2470 1687 2543 bono,

444 2580 530 2661 quod
560 2580 713 2657 vetuerit,
746 2578 779 2644 id
809 2598 868 2663 pro
898 2580 985 2644 malo
1008 2578 1192 2645 habendum
1217 2600 1299 2645 esse.
1325 2632 1331 2645 .
1358 2630 1364 2643 .
1390 2628 1397 2642 .
1443 2576 1533 2642 Ante
1555 2576 1688 2659 imperia

444 2686 565 2750 iustum
595 2688 630 2752 et
658 2685 813 2751 iniustum
837 2706 901 2750 non
926 2684 1162 2750 exstitere...
1188 2684 1339 2765 actioque
1362 2682 1467 2749 omnis
1490 2704 1552 2748 sua
1573 2686 1688 2747 natura

444 2790 624 2874 adiaphora
648 2796 716 2870 est3
745 2792 830 2873 qnod
854 2792 941 2855 iusta
965 2792 1018 2856 vel
1041 2790 1164 2857 iniusta
1186 2788 1240 2865 sit,
1265 2811 1286 2856 a
1308 2789 1378 2855 iure
1400 2788 1594 2873 imperantis
1617 2808 1687 2871 pro·

445 2898 545 2963 venit.
585 2898 694 2981 Reges
723 2898 825 2979 igitur
852 2898 991 2981 legitimi
1018 2918 1102 2980 quae
1125 2898 1298 2981 imperant,
1329 2896 1418 2962 iusta
1440 2895 1568 2961 faciunt
1590 2896 1687 2979 impe-

444 3004 565 3079 rando;
590 3024 674 3085 quae
697 3008 823 3080 vetant,
852 3004 995 3069 vetando
1019 3002 1375 3070 iniusta.“1—Idem
1400 3000 1529 3084 quidem
1554 3002 1687 3085 scriptor

445 3109 484 3174 de
514 3109 598 3191 legis
628 3130 756 3192 qnoque
780 3110 910 3175 divinae
934 3114 969 3175 ot
993 3110 1154 3176 naturalis
1177 3106 1437 3193 praeeminentia
1459 3128 1559 3191 super
1581 3128 1686 3173 omnes

443 3215 535 3298 leges
565 3216 738 3291 humanas,
771 3218 811 3281 de
842 3216 1039 3282 naturaliter
1068 3216 1190 3281 illicitis
1221 3216 1255 3281 et
1284 3212 1481 3281 naturaliter
1508 3212 1685 3297 praeceptis

444 3321 620 3387 identidem
652 3322 831 3387 theoretice
862 3320 993 3387 disserit
1001 3322 1024 3394 ²,
1060 3321 1156 3385 simul
1184 3324 1294 3386 autem
1323 3340 1457 3384 monens
1491 3320 1613 3402 „legem
1643 3316 1684 3382 ci-

443 3428 544 3493 vilem
574 3428 712 3505 nullam,
743 3448 828 3509 quae
857 3448 922 3493 non
952 3427 997 3493 sit
1027 3428 1096 3493 lata
1120 3425 1272 3509 (directe)
1295 3426 1329 3493 in
1359 3424 1589 3491 contumeliam
1617 3424 1681 3492 Dei.

445 3538 561 3601 contra
589 3536 698 3615 legem
728 3536 913 3601 naturalem
936 3555 1010 3599 esse
1033 3538 1161 3618 posse“‚
1193 3534 1312 3619 quippe
1336 3554 1420 3615 quae
1448 3552 1578 3611 „omnes
1598 3529 1681 3609 leges

444 3640 558 3707 civiles
586 3640 678 3707 iubet
701 3641 888 3707 observari*
901 3643 923 3707 ³.
948 3676 992 3686 -
1016 3640 1107 3717 Quod
1130 3642 1264 3707 Hobbes
1287 3660 1347 3706 sua
1370 3642 1483 3706 aetate
1506 3636 1628 3720 quidem
1650 3634 1678 3697 in

444 3748 592 3813 favorem
624 3748 828 3814 absolutismi
856 3752 954 3832 reci-i,
991 3747 1077 3813 idem
1106 3747 1177 3813 fere
1208 3750 1283 3831 post
1312 3746 1408 3811 unius
1438 3744 1560 3811 saeculi
1587 3743 1677 3808 inter-

445 3854 568 3919 vallum
591 3855 624 3919 J.
649 3854 682 3920 J.
707 3855 873 3920 Roussecc
896 3854 930 3917 in
952 3853 1099 3918 favorem
1125 3852 1330 3919 absolutismi
1352 3852 1529 3917 potionatis
1544 3871 1561 3915 e
1576 3845 1675 3914 simili·

445 3960 506 4024 bns
538 3959 706 4044 principiis
738 3959 907 4025 conclusit.
962 3958 1143 4041 Utriusque
1177 3960 1305 4024 demum
1338 3958 1470 4040 dignam
1504 3952 1672 4041 progeniem

445 4088 587 4148 agnosce
610 4066 643 4132 in
668 4066 823 4131 moderna
847 4066 1036 4132 statolatria
1060 4086 1118 4149 per
1142 4064 1358 4149 Hegelianam
1382 4062 1611 4149 philosophiam
1632 4056 1672 4121 in·

445 4175 552 4250 vecta,
566 4194 650 4256 quae
660 4172 785 4256 pariter
795 4176 971 4239 absolutam
982 4172 1109 4255 legibus
1122 4171 1271 4238 civilibus
1283 4170 1522 4237 oboedientiam
1534 4161 1671 4250 deposcit.

534 4279 691 4345 Hobbesii
714 4280 923 4355 sententiam,
948 4300 1022 4345 eam
1046 4298 1125 4345 vere
1149 4278 1304 4343 moderno
1328 4276 1483 4343 realismo
1506 4272 1605 4355 magis
1624 4288 1671 4333 ae-

445 4385 701 4461 commodatam‚
733 4385 941 4467 aliquatenus
971 4384 1170 4450 resuscitare
1200 4382 1383 4449 recentiore
1413 4386 1524 4449 aetate
1551 4380 1671 4445 conatus

446 4493 497 4555 est
520 4490 553 4556 J.
570 4492 613 4556 H.
638 4512 665 4556 o.
690 4492 895 4557 Kircbmccc
903 4493 926 4575 ⁴,
952 4491 1062 4573 quiin
1085 4492 1183 4556 rebus
1206 4490 1356 4555 humanis
1380 4490 1575 4573 apparenter
1596 4480 1671 4567 pu'n·

446 4595 565 4680 cipium
595 4596 802 4663 auctoritatis
833 4596 966 4679 eiusque
998 4597 1181 4663 absolutam
1211 4596 1431 4663 reverentiam
1460 4595 1609 4661 adversus
1629 4586 1672 4650 in·

538 4822 965 4892 111161061101111110101111100116
985 4821 1051 4876 Cive
1070 4840 1093 4878 0.
1115 4822 1155 4884 12,
1175 4820 1191 4888 b
1212 4822 1235 4875 l.

536 4911 547 4943 ¹
566 4910 596 4965 L.
615 4928 638 4965 o.
659 4912 701 4971 11,
719 4913 751 4975 5;
771 4909 956 4975 14,3;11111)1.
1065 4910 1123 4965 111.
1143 4928 1166 4966 0.
1187 4910 1228 4974 14,
1250 4910 1290 4967 10.

536 5001 547 5031 ⁴
566 4998 615 5051 llio
634 4998 842 5066 Grundbegriffe
861 4998 910 5051 des
927 4996 1030 5051 Rechts
1048 4997 1103 5051 und
1122 4998 1171 5051 der
1188 4996 1285 5060 Moral,
1304 4994 1396 5050 Berlin
1417 4996 1494 5051 1869.
