3909 5842
546 713 587 768 De
606 714 685 768 modo
703 714 835 768 indirecto
854 713 1004 784 deponendi
1024 713 1134 767 dubium
1153 713 1311 784 practicam.
1490 713 1554 778 293

309 896 432 970 tamen,
457 890 534 973 quia
555 891 636 956 haec
658 911 719 975 per
739 910 776 956 se
792 889 960 973 generalia
983 893 1069 968 sunt,
1093 889 1128 953 in
1151 907 1261 953 eorum
1285 907 1346 952 usu
1363 885 1555 971 particulari

310 998 444 1080 insuper
472 995 626 1079 prudenti
656 995 886 1062 aestimatione
915 1015 998 1079 opus
1028 999 1080 1062 est
1109 996 1179 1059 tum
1210 992 1386 1072 materiae,
1418 993 1458 1058 de
1490 1011 1555 1073 qua

310 1104 488 1182 dubitatur,
512 1107 583 1168 tum
606 1101 855 1187 particularium
879 1102 1119 1180 adiunctorum,
1143 1121 1184 1166 ue
1207 1121 1266 1184 pro
1289 1104 1401 1166 rectae
1416 1097 1554 1166 rationis

310 1211 429 1277 iudicio
452 1230 545 1276 error
567 1209 757 1275 deducatur.
877 1254 879 1258 -

355 1389 358 1393 ,
399 1317 473 1382 Huc
498 1317 690 1401 plerumque
718 1315 906 1382 referuntur
936 1314 1097 1399 quaedam
1127 1313 1287 1398 speciales
1315 1311 1479 1380 iudicandi
1501 1330 1553 1376 re·

310 1424 408 1507 gulae
431 1444 489 1488 seu
506 1426 678 1502 axiomata,
700 1423 734 1488 in
757 1423 828 1488 iure
843 1422 914 1488 sive
931 1422 1087 1488 canonico
1103 1421 1174 1488 sive
1191 1421 1278 1488 civili
1295 1421 1393 1503 vulgo
1410 1421 1554 1502 recepta,

310 1549 448 1613 quorum
470 1529 647 1614 praecipua
670 1529 751 1595 haec
774 1528 844 1594 fere
868 1533 961 1596 sunt:

310 1667 379 1739 325.
473 1673 501 1735 l.
529 1671 589 1752 ,Iu
612 1672 709 1736 dubio
729 1673 882 1736 standum
903 1693 963 1756 pro
987 1693 1035 1754 co,
1056 1693 1117 1758 pro
1141 1693 1200 1758 quo
1223 1677 1286 1736 ctat
1303 1665 1552 1755 praesuntsed

310 1775 439 1859 Nempe
462 1775 518 1840 ubi
540 1775 629 1842 circa
652 1776 715 1842 duo
744 1776 805 1841 sibi
829 1775 1085 1843 contradictoria
1113 1776 1245 1842 dubium
1268 1779 1438 1852 versatur,
1470 1772 1556 1854 quod

311 1882 435 1948 directe
465 1883 595 1965 quidem
625 1882 710 1948 solvi
732 1903 797 1948 non
820 1883 941 1967 possit,
972 1883 1006 1948 in
1036 1904 1109 1950 eam
1139 1889 1268 1968 partem
1292 1883 1325 1947 in
1349 1886 1555 1949 antecessum

310 1989 506 2056 rationabile
521 1988 676 2055 iudicium
691 1989 878 2069 inclinatur,
903 1989 954 2056 cui
969 1991 1172 2072 suffragetur
1191 1987 1465 2073 ,praesumptio“,
1489 1985 1510 2052 i.
1527 2005 1554 2051 e.

310 2096 344 2161 in
368 2095 460 2161 cuius
479 2095 626 2161 favorem
644 2115 687 2160 ex
703 2095 865 2160 communi
887 2116 997 2161 rerum
1014 2096 1126 2161 ordine
1141 2098 1384 2180 praeoccupata
1399 2092 1556 2176 quodam-

312 2201 407 2267 modo
431 2204 545 2267 exstat
566 2200 828 2267 verisimilitudo.
874 2202 967 2267 Haec
989 2203 1106 2284 regula
1129 2221 1193 2266 non
1217 2221 1293 2267 raro
1317 2219 1417 2265 verae
1440 2197 1556 2264 morali

312 2305 500 2373 certitudini
517 2305 691 2384 consentit,
716 2327 846 2390 semper
862 2311 973 2373 autem
989 2311 1079 2374 recto
1094 2327 1204 2372 rerum
1220 2306 1434 2372 humanarum
1452 2303 1556 2370 ordini

312 2411 457 2498 practice
485 2412 762 2479 accommodatur.
809 2412 863 2478 Ita
885 2434 917 2480 v.
941 2433 973 2494 g.
998 2433 1040 2478 ex
1070 2413 1336 2497 praesumptione
1359 2411 1556 2478 censendum

313 2522 365 2586 est
386 2517 472 2585 iuste
494 2517 649 2602 praecipi,
674 2519 760 2600 quod
784 2539 805 2584 a
826 2518 975 2602 legitima
993 2519 1194 2585 auctoritate
1210 2518 1418 2603 praecipitur,
1443 2537 1557 2598 quam·

312 2625 367 2691 diu
390 2625 430 2691 de
453 2625 619 2691 contrario
642 2645 707 2690 nou
730 2630 820 2692 certo
844 2630 985 2693 constat.

313 2762 382 2835 326.
474 2769 505 2834 2.
525 2767 586 2848 ,lo
602 2766 700 2831 dubio
714 2767 926 2832 iudicandum
944 2775 989 2832 cst
1005 2790 1043 2833 erc
1058 2769 1263 2833 communiter
1275 2765 1554 2852 continpentibuc.“

313 2871 376 2937 Est
396 2871 478 2937 haec
497 2871 664 2938 sententia
678 2892 743 2937 non
758 2876 828 2938 tam
843 2893 931 2937 nova
945 2873 1072 2955 regula,
1097 2893 1195 2955 quam
1210 2873 1437 2956 praecedentis
1453 2869 1557 2956 appli-

313 2976 401 3043 catio
425 2976 465 3042 ad
490 2976 665 3060 specialem
688 2977 965 3061 praesumptionis
995 2978 1126 3043 modum
1149 2983 1185 3045 et
1207 2979 1320 3044 codem
1344 2978 1557 3043 fundamento

313 3081 442 3149 nititur.
488 3082 569 3147 Eius
591 3104 669 3147 usus
693 3084 898 3167 potissimum
921 3084 962 3149 ad
987 3084 1119 3149 dubium
1142 3083 1223 3150 facti
1246 3084 1420 3167 pertinet1.

312 3219 381 3291 327.
474 3226 505 3290 3.
540 3224 601 3305 ,In
625 3225 732 3290 dubiis
755 3227 866 3291 melior
889 3226 1100 3292 cst'condioio
1120 3223 1346 3310 possidentic.“
1393 3223 1483 3302 Quae
1506 3244 1559 3289 re·

312 3329 392 3410 gula
413 3328 504 3407 iuris,
528 3329 556 3394 si
580 3329 650 3395 eius
672 3329 920 3398 fundamentum
945 3332 1181 3412 consideratur,
1205 3331 1331 3415 pariter
1354 3331 1395 3396 ad
1418 3329 1557 3413 primam

312 3433 423 3517 aliquo
446 3436 543 3501 modo
573 3435 684 3501 reduci
714 3441 834 3520 potest.
880 3436 1014 3504 Scilicet
1037 3435 1177 3502 actualis
1199 3435 1363 3520 possessio
1386 3433 1558 3500 bonafide

311 3541 448 3620 munita,
473 3545 666 3608 occurrente
690 3542 786 3608 dubio
810 3543 851 3608 de
873 3541 1021 3626 legitimo
1040 3542 1111 3608 iure
1126 3542 1335 3626 possessoris
1359 3541 1447 3626 parit
1462 3559 1557 3624 prae·

311 3648 531 3731 sumptionem
553 3649 588 3713 in
609 3648 758 3715 favorem
781 3649 991 3732 possidentis,
1016 3671 1079 3732 quo
1095 3650 1142 3728 fit,
1168 3654 1285 3716 utnon
1300 3647 1372 3733 ipsi,
1397 3647 1455 3713 sed
1470 3644 1557 3730 parti

312 3753 473 3819 adversae
502 3754 671 3820 incumbat
694 3775 775 3820 onus
797 3755 974 3838 probandi,
1005 3755 1026 3821 i.
1052 3776 1079 3821 e.
1104 3759 1142 3821 ut
1164 3754 1214 3821 ius
1238 3756 1308 3820 eius
1330 3755 1458 3819 firmum
1483 3773 1558 3818 cen-

312 3859 378 3925 seri
402 3860 529 3938 debeat,
554 3860 657 3925 donec
680 3861 845 3928 sententia
868 3882 995 3945 negans
1018 3867 1186 3944 tamquam
1210 3866 1302 3928 certa
1318 3859 1556 3944 comprobetur.

312 3965 430 4048 Itaque
452 3966 513 4031 hoc
537 3966 669 4032 axioma
691 3988 750 4051 per
772 3989 809 4032 se
832 3971 867 4034 et
888 3967 1038 4052 proxime
1062 3967 1191 4051 quidem
1216 3967 1257 4034 ad
1275 3967 1448 4033 materiam
1463 3963 1557 4030 iusti-

311 4069 381 4136 tiae
409 4071 563 4155 pertinet.
610 4072 770 4139 Attamen
800 4095 843 4139 ex
874 4073 1022 4156 legitima
1053 4073 1205 4157 analogia
1235 4093 1299 4138 non
1328 4069 1491 4137 immerito
1516 4067 1558 4134 ad

312 4177 397 4243 alias
420 4199 548 4260 quoque
570 4178 704 4243 moralis
727 4179 815 4244 dubii
838 4180 996 4247 materias
1020 4179 1219 4258 extenditur,
1243 4178 1277 4244 in
1301 4177 1417 4260 quibus
1441 4175 1558 4257 aliquis

265 4323 271 4330 ·
313 4282 408 4367 quasi
430 4283 548 4349 titulus
571 4285 787 4368 possessionis
810 4285 881 4351 sive
904 4307 947 4351 ex
969 4290 1066 4370 parte
1088 4285 1172 4368 legis
1196 4285 1267 4351 sive
1290 4287 1443 4368 exparte
1460 4281 1558 4347 liber·

313 4388 395 4455 tatis
424 4389 666 4456 rationabiliter
698 4389 899 4457 considerari
930 4391 1066 4475 possit2.
1114 4391 1166 4457 Ex
1198 4391 1360 4457 adiunctis
1391 4389 1494 4473 igitur
1524 4387 1558 4452 in

405 4599 414 4630 ¹
433 4597 526 4662 Qualis
545 4599 573 4652 in
591 4615 643 4652 usu
661 4598 848 4669 probabilismi
866 4599 988 4669 practica
1007 4599 1145 4654 distinctio
1165 4598 1336 4653 observanda
1354 4597 1392 4652 sit
1409 4598 1480 4652 inter
1498 4614 1557 4667 pro·
1618 4629 1622 4639 ·

312 4683 483 4739 habilitatem
501 4685 569 4740 iuris
587 4689 616 4740 et
639 4686 722 4750 facti,
741 4686 804 4740 vide
822 4686 895 4756 apud
913 4689 1080 4755 Lehmlcubl,
1104 4686 1254 4754 Theolcgia
1272 4685 1383 4740 moralis
1403 4686 1414 4740 Ι
1432 4703 1458 4740 n.
1479 4685 1557 4751 112⁸,

312 4773 355 4826 ed.
376 4772 392 4826 3
411 4777 470 4827 cta
510 4815 516 4828 .

404 4791 561 4917 'Itaqqcm
582 4863 609 4918 S.
627 4863 766 4934 Alphonao
791 4863 915 4918 sentiunt
932 4863 1041 4934 plurimi
1060 4863 1217 4931 gravissimi
1236 4867 1369 4918 auctores.
1406 4863 1445 4917 De
1465 4862 1557 4918 eodem

311 4951 451 5005 axiomata
468 4950 584 5020 loquens
602 4952 721 5021 Suana,
746 4951 787 5006 De
804 4953 865 5007 bon.
885 4956 913 5007 et
930 4953 994 5007 mal.
1014 4953 1083 5024 disp.
1105 4953 1151 5019 12,
1170 4955 1237 5007 sect.
1257 4953 1288 5018 5,
1313 4951 1330 5019 ἕ
1348 4952 1365 5006 8
1384 4951 1463 5007 dicit:
1492 4949 1557 5019 ,Re-

311 5038 379 5107 gula
406 5038 488 5093 iuria:
514 5038 542 5092 in
568 5039 658 5094 dubus
683 5040 778 5095 melior
802 5044 846 5096 eat
870 5041 991 5096 condicio
1010 5041 1188 5112 possidentis,
1215 5041 1315 5095 octaris
1333 5039 1444 5110 paribus
1462 5055 1557 5093 verum
