3909 5842
463 640 504 702 62
737 634 869 690 Sectiol.
906 636 1026 691 Liberi.
1065 635 1154 707 Caput
1142 636 1205 691 t.11
1244 636 1428 692 Articulnst.

461 812 565 879 omnis
595 812 686 878 vitae
716 813 920 897 prosperitas
950 816 987 877 ut
1016 832 1132 878 verum
1159 812 1299 877 hominis
1321 813 1441 878 bonum
1466 834 1625 897 verusque
1644 838 1690 879 aa·

460 927 553 985 torae
575 919 653 1003 fiais
675 918 801 985 censeri
824 918 939 1002 possit,
971 918 1082 1000 aliquo
1112 917 1208 983 modo
1228 922 1361 1003 positive
1384 918 1550 985 adfinem
1574 920 1691 985 hominis

460 1025 611 1091 ultimum
634 1024 801 1091 referatur
823 1045 958 1090 neeesse
982 1029 1043 1091 est.

460 1172 509 1245 79.
601 1170 792 1244 Corollaria:
820 1174 845 1241 Ι.
870 1174 960 1239 Finis
983 1174 1144 1240 naturalis
1167 1175 1351 1259 praesentis
1374 1175 1464 1242 vitae
1487 1176 1539 1241 its
1563 1174 1693 1240 definitus

460 1284 529 1345 tam
546 1300 662 1363 parum
677 1300 869 1364 prosperum
884 1281 1043 1347 bonorum
1060 1280 1159 1347 etiam
1175 1280 1377 1347 sensibilium
1392 1302 1487 1347 usum
1501 1280 1653 1357 excludit,
1666 1286 1693 1345 ut

460 1406 533 1451 eum
557 1385 667 1470 potius
689 1387 832 1468 positive
854 1387 1011 1465 includat,
1036 1386 1230 1469 ubicumque
1253 1388 1309 1453 ille
1329 1388 1370 1453 ad
1385 1410 1496 1454 aeram
1515 1388 1635 1452 bonum
1649 1386 1693 1451 ho·

461 1492 559 1556 minis
582 1511 762 1574 veramque
785 1492 856 1558 eius
879 1492 1073 1558 felicitatem
1098 1491 1220 1575 aliquid
1244 1492 1403 1560 conferat.

549 1607 591 1675 Π.
623 1608 695 1673 Hac
724 1607 796 1691 ipsa
825 1608 954 1676 ratione
985 1608 1085 1674 etiam
1115 1606 1149 1672 in
1180 1608 1230 1673 his
1256 1608 1354 1674 terris
1378 1608 1457 1674 orda
1490 1613 1632 1675 naturae
1652 1630 1695 1673 eu·

460 1713 746 1796 daemonologious
770 1734 843 1778 cum
866 1714 979 1779 ordine
997 1713 1235 1797 deontologieo,
1260 1714 1403 1780 studium
1429 1737 1525 1780 aerae
1549 1714 1696 1798 feliciam

462 1840 534 1884 eum
556 1820 621 1902 fiae
645 1822 760 1885 morali
782 1819 944 1885 obiective
968 1820 1177 1903 coniungitur
1201 1826 1235 1886 et
1257 1820 1404 1904 perfecte
1428 1820 1634 1888 concilietur.

551 1933 608 2000 111.
640 1934 820 2018 Propterea
848 1936 910 2000 hoc
939 1936 1094 2019 generale
1126 1934 1320 2019 principium
1353 1939 1502 2003 statuere
1537 1936 1632 2001 lieet:
1660 1936 1696 2000 Eo

462 2042 565 2125 mapis
600 2044 730 2127 quiaque
766 2044 859 2106 etiam
895 2044 931 2106 io
964 2043 1128 2125 praesenti
1163 2044 1227 2105 aila
1263 2063 1355 2107 soom
1391 2064 1497 2107 aeram
1528 2044 1696 2126 solicitator

465 2149 662 2233 assequitur,
699 2169 758 2232 qao
788 2147 963 2232 perfectius
997 2155 1116 2212 rectam
1151 2148 1297 2213 ordinem
1322 2148 1451 2231 finalem
1480 2157 1622 2214 naturae
1645 2146 1695 2226 (ar

466 2253 572 2318 dinem
606 2254 774 2335 moralem)
809 2276 868 2339 per
904 2261 1000 2319 totam
1037 2276 1127 2319 soom
1166 2257 1356 2319 activitatem
1394 2256 1697 2321 sensifico-rotiana·

464 2360 523 2425 lem
546 2360 698 2443 complere
720 2362 846 2444 salapia

759 2564 906 2637 Notanda
929 2566 969 2637 ad
993 2564 1165 2639 solvendas
1189 2564 1413 2639 difficultates.

465 2708 515 2780 80.
608 2712 636 2774 1.
660 2709 750 2773 Deus
773 2712 811 2773 ut
834 2712 949 2774 auctor
964 2713 1104 2774 naturae
1120 2729 1200 2774 sane
1216 2730 1281 2774 non
1296 2709 1367 2774 sine
1382 2709 1511 2775 ratione
1527 2707 1696 2793 praesentis

465 2814 556 2880 vitae
586 2835 679 2880 usum
710 2814 881 2899 multiplici
911 2814 1121 2881 amoenitatis
1145 2820 1306 2899 apparatu
1330 2820 1365 2881 ct
1387 2835 1541 2881 sensuum
1568 2816 1697 2881 oblecta·

465 2928 576 2987 mento
600 2921 828 2998 circumdedit;
853 2921 939 2986 unde
954 2922 1126 2988 moderata
1142 2922 1211 2986 eius
1227 2921 1340 2988 fruitio
1356 2923 1449 2987 salvo
1466 2922 1582 2988 ordine
1598 2919 1696 2986 morali

466 3029 508 3093 ab
538 3028 668 3093 homine
699 3027 849 3109 quaesita
879 3027 940 3111 ipsi
971 3027 1224 3111 benignissimae
1255 3028 1414 3095 creatoris
1437 3028 1613 3094 intentioni
1635 3047 1697 3092 con·

466 3140 626 3202 sentanea
655 3137 803 3218 apparet.
849 3132 901 3199 Ite
931 3134 1046 3217 plane;
1078 3154 1191 3199 verum
1221 3139 1333 3199 tamen
1362 3135 1443 3199 haec
1467 3135 1559 3201 vitae
1583 3130 1696 3205 salatia,

465 3264 537 3308 cum
561 3240 685 3308 homini
707 3239 1047 3317 sensitiva-rationali,
1071 3261 1135 3305 non
1159 3244 1270 3306 autem
1293 3240 1397 3305 eidem
1420 3244 1457 3305 ut
1472 3262 1563 3307 mere
1580 3236 1697 3307 animali

464 3371 484 3415 a
507 3348 736 3414 liberalissimo
761 3346 929 3413 conditore
952 3346 1087 3430 provisa
1110 3346 1186 3425 sint,
1211 3366 1250 3411 eo
1273 3367 1332 3429 per
1354 3366 1390 3410 se
1414 3350 1448 3411 et
1472 3368 1514 3412 ex
1529 3344 1696 3413 intentione

464 3455 566 3522 divini
590 3452 758 3519 donatoris
773 3458 924 3537 spectare
941 3452 1078 3517 dicenda
1094 3456 1180 3532 sunt,
1205 3456 1242 3517 ut
1257 3452 1419 3519 bominem
1435 3453 1469 3517 in
1484 3449 1696 3537 prosequendo
1745 3436 1746 3463 ³

463 3584 521 3628 suc
552 3562 616 3626 fine
647 3563 786 3625 bamaao
816 3558 930 3624 iuvent
963 3580 1103 3640 eumque
1133 3560 1166 3624 in
1196 3558 1258 3624 hoc
1286 3558 1449 3624 laboriosa
1473 3558 1593 3625 itinere
1614 3556 1695 3623 modo

463 3672 604 3734 naturae
627 3685 771 3747 congruo
795 3668 866 3729 sust
868 3669 924 3730 ent
910 3668 992 3730 t.ent
1025 3664 1140 3747 Itaque
1164 3668 1201 3730 ut
1225 3684 1376 3729 sensuum
1393 3664 1484 3729 fruit
1459 3668 1556 3731 ttnoe
1572 3687 1615 3731 ns
1616 3669 1696 3730 turae

462 3776 682 3840 humanaeet
667 3771 880 3838 tintentioni
904 3772 1064 3837 creatoris
1088 3770 1319 3849 conformetur,
1344 3792 1478 3836 necesse
1501 3776 1562 3850 est,
1588 3774 1746 3837 uttam
1745 3860 1746 3863 Ἴ

461 3881 495 3945 in
519 3902 555 3945 se
578 3884 648 3945 tum
672 3879 800 3944 ratione
822 3876 896 3941 finis
919 3877 963 3943 sit
979 3876 1225 3959 rationabiles
1216 3898 1236 3941 1.
1254 3895 1282 3942 e
1300 3875 1520 3958 aliquomodo
1537 3878 1579 3943 sd
1596 3895 1693 3943 verum
1745 3870 1746 3939 l

463 3988 581 4053 bonum
614 3984 753 4051 hominis
782 3982 954 4049 rationalis
985 3982 1154 4059 ordinate;
1187 3982 1270 4048 alias
1302 3983 1386 4047 enim
1417 4004 1478 4048 neo
1507 3984 1579 4068 ipsc
1611 3981 1693 4063 ,ordo
1745 4012 1746 4015 ¹

462 4093 628 4172 moralis“,
653 4092 707 4175 qui
730 4092 764 4157 in
787 4094 880 4156 recta
903 4089 1115 4173 dispositione
1138 4089 1228 4155 finali
1251 4090 1424 4155 universae
1448 4090 1573 4157 liberae
1593 4086 1693 4157 activi·

462 4201 543 4269 tatis
566 4198 726 4275 consistit,
750 4198 864 4263 salvus
886 4216 1020 4263 manere
1043 4199 1165 4279 posset.
1745 4194 1746 4201 '

552 4318 581 4381 2.
607 4314 697 4379 Nihil
721 4333 848 4396 quoque
871 4312 946 4377 huic
968 4311 1153 4378 sententiae
1177 4310 1377 4377 contrarium
1395 4310 1567 4389 evincitur,
1592 4306 1692 4391 siquis
1745 4316 1746 4355 ἲ

461 4423 510 4489 ita
532 4422 620 4486 forte
643 4420 876 4486 ratiocinetur:
911 4439 1102 4502 ,supremus
1125 4418 1219 4483 huius
1242 4418 1333 4484 vitae
1363 4418 1435 4483 finis
1459 4422 1511 4483 est
1534 4417 1567 4483 id
1590 4419 1690 4503 ipsum,
1745 4462 1746 4509 1

462 4530 548 4611 quod
571 4547 758 4610 supremum
780 4525 876 4590 huius
899 4524 990 4591 vitae
1013 4526 1142 4590 bonum.
1187 4524 1289 4607 Atqui
1314 4525 1433 4589 bonurn
1457 4518 1690 4602 rationalem
1745 4512 1746 4521 ’

461 4634 595 4719 insuper
618 4632 745 4698 accedit
767 4632 887 4697 bonum
911 4632 1105 4698 delectabile
1121 4632 1298 4697 seeundum
1315 4650 1456 4708 sensum,
1480 4632 1595 4715 procul
1610 4626 1689 4696 dubio
1745 4644 1746 4671 ὲ

463 4741 567 4805 maius
597 4741 717 4805 bonum
744 4738 840 4802 huius
864 4738 956 4803 vitae
979 4738 1219 4804 aestimandum
1244 4742 1296 4803 est
1326 4758 1424 4819 quam
1454 4736 1560 4802 solum
1587 4738 1689 4803 bonum
1745 4828 1746 4831 Ἴ

462 4846 635 4923 rationale,
660 4846 737 4928 quia
760 4867 781 4910 a
797 4849 836 4923 l·
854 4846 875 4909 b
892 4858 931 4915 >
950 4866 982 4912 a.
1017 4846 1106 4927 Ergo
1123 4866 1295 4928 supremus
1318 4844 1414 4911 huius
1438 4843 1527 4911 vitae
1550 4844 1624 4910 finis
1644 4860 1688 4906 ex·
1745 4836 1746 4897 i

461 4953 574 5037 plicita
597 4953 631 5017 in
652 4957 791 5033 utroque
807 4951 884 5017 boni
900 4972 1021 5033 genere
1036 4952 1243 5034 reponendus
1259 4952 1420 5018 videtur.“
1440 4990 1484 5001 —
1498 4951 1687 5035 Responsum
1745 5030 1746 5045 χ
