3909 5842
431 655 496 720 264
640 651 732 708 Sentio
749 652 771 707 1.
808 651 889 707 Liber
907 652 956 707 111.
995 651 1084 724 Caput
1102 653 1149 708 IlI.
1187 651 1327 708 Articulus
1345 653 1371 708 2.
1407 651 1468 721 52.

518 829 553 910 b)
575 829 745 915 possibilia.
791 829 862 895 Lex
892 829 1071 898 observatu
1100 828 1265 914 possibilis
1295 829 1348 894 vel
1379 829 1591 914 impossibilis
1615 828 1667 896 dici

429 939 542 1019 potest
564 934 747 1019 dupliciter,
772 940 832 1002 aut
851 936 980 1022 physice
1003 940 1062 1002 aut
1085 938 1258 1002 moraliter.
1305 934 1445 1019 Physica
1467 935 1669 1020 impossibilis

430 1046 492 1121 est,
524 1041 553 1107 si
581 1041 626 1120 id,
655 1042 742 1124 quod
772 1041 944 1126 praecipit,
975 1041 1065 1108 vires
1087 1041 1290 1108 subditorum
1314 1041 1508 1128 simpliciter
1530 1041 1669 1120 excedil;

430 1146 601 1214 moraliter
628 1147 850 1232 impossibilis,
883 1148 912 1215 si
941 1148 1102 1233 spectatis
1132 1148 1258 1214 viribus
1280 1148 1484 1214 subditorum
1509 1151 1545 1214 et
1567 1148 1671 1216 habito

430 1252 525 1318 simul
550 1259 702 1338 respectu
723 1256 800 1339 finis
822 1254 956 1340 proprii,
981 1255 1024 1320 ad
1047 1275 1142 1338 quem
1167 1255 1222 1320 lex
1245 1259 1363 1338 suapte
1379 1259 1499 1322 natura
1514 1254 1671 1337 dirigitur,

431 1363 482 1426 est
512 1381 614 1446 supro
642 1362 771 1427 modom
800 1370 929 1428 servata
960 1360 1116 1446 difficilia.
1163 1359 1420 1428 Possibilitatem
1446 1361 1559 1445 priore
1583 1381 1673 1426 sensu

431 1470 602 1551 acceptam
633 1467 673 1533 de
703 1467 871 1534 essentiali
900 1467 1029 1538 ratione
1059 1466 1142 1551 legis
1172 1487 1255 1548 esse,
1287 1487 1351 1532 non
1375 1467 1539 1532 humanae
1564 1467 1673 1542 solum,

430 1571 490 1638 sed
513 1572 614 1640 etiam
637 1571 777 1652 divinae,
801 1593 862 1657 per
884 1594 920 1638 se
944 1572 1079 1639 evidens
1102 1577 1164 1652 est,
1189 1573 1266 1656 quia
1282 1573 1440 1656 obligatio
1455 1573 1593 1638 moralis
1609 1593 1675 1637 ver·

431 1679 498 1744 sari
521 1701 587 1746 non
610 1682 722 1764 potest
745 1679 832 1745 circa
854 1679 1018 1746 obiectum
1041 1678 1180 1745 hominis
1203 1679 1351 1746 libertati
1366 1679 1457 1745 nulla
1475 1679 1610 1746 ratione
1625 1678 1675 1744 ob·

431 1785 576 1853 noxium.
602 1785 687 1850 Hine
703 1785 858 1868 generale
874 1784 1022 1850 axioma:
1044 1783 1114 1864 ,Ad
1130 1785 1330 1882 impossibile
1346 1805 1442 1850 neme
1456 1788 1625 1852 tenetur“.
1638 1820 1675 1830 -
1752 1791 1753 1794 ’

431 1892 633 1959 Possibilitos
654 1894 787 1958 mordis
809 1892 850 1958 de
865 1890 994 1957 ratione
1017 1891 1101 1975 legis
1125 1896 1177 1959 est
1191 1894 1361 1960 humanae.
1389 1891 1539 1959 Proetiae
1564 1891 1676 1958 videli·
1754 1950 1755 1982 ,

432 2001 487 2064 eet
506 1998 589 2064 haec
612 1997 759 2063 condicio
781 1997 849 2081 legi
871 1996 1003 2064 divinae
1021 1997 1142 2066 idcirco
1165 1998 1324 2083 applicari
1340 1997 1463 2082 nequit,
1487 1997 1566 2081 quia
1582 1999 1677 2074 Deus,
1755 2068 1756 2090 χ

432 2103 461 2169 si
484 2103 560 2186 quid
583 2103 671 2170 forte
693 2125 794 2188 supra
817 2102 905 2170 vires
928 2103 1092 2170 humanae
1115 2103 1307 2188 fragilitatis
1325 2103 1516 2189 praecipiat,
1540 2109 1678 2172 naturae

433 2209 598 2276 defectum
627 2230 687 2294 per
716 2210 874 2277 auxilium
902 2210 1033 2293 matiae
1055 2211 1208 2296 supplere
1230 2215 1352 2296 potest.
1398 2210 1615 2294 Quamquam,
1645 2213 1679 2274 ut

432 2321 510 2401 apte
533 2321 645 2384 monet
667 2319 801 2401 Soorez,
825 2316 858 2382 in
884 2316 972 2382 omni
995 2317 1095 2384 etiam
1119 2317 1232 2384 divina
1254 2317 1338 2400 lege,
1362 2338 1422 2402 pro
1446 2315 1678 2382 communitate
1757 2357 1758 2370 ,

431 2423 598 2488 hominum
627 2423 714 2501 lata,
750 2422 791 2488 de
819 2422 910 2489 facto
940 2423 1078 2489 eandem
1109 2423 1333 2489 condicionem
1363 2443 1492 2507 semper
1522 2422 1677 2489 observa·
1758 2477 1759 2482 ,

431 2534 500 2596 tam
525 2529 683 2596 videmus.
731 2528 783 2595 Ita
805 2527 839 2594 in
862 2529 938 2612 lege
960 2529 1170 2613 evangelica,
1202 2549 1286 2612 quae
1309 2549 1368 2612 pro
1394 2535 1514 2595 natura
1536 2528 1679 2594 humana

433 2634 554 2702 intuitu
577 2634 681 2701 totius
704 2635 834 2718 generis
857 2641 970 2704 essent
988 2635 1158 2703 moraliter
1173 2635 1397 2720 impossibilia,
1422 2635 1472 2703 uti
1487 2635 1679 2719 evangelica

434 2745 623 2826 paupertas,
639 2762 704 2808 non
719 2741 976 2827 praecipiuntur,
993 2741 1051 2808 sed
1066 2763 1126 2828 per
1140 2741 1271 2809 modum
1284 2741 1411 2809 consilii
1422 2743 1678 2827 proponuntur1.

524 2850 554 2914 3.
579 2848 633 2912 Ec
653 2856 747 2933 porte
767 2848 893 2930 formae
916 2850 1027 2934 tepolis
1050 2847 1243 2931 requiritur:

523 2963 558 3020 ot
587 2957 628 3020 sit
650 2954 781 3040 publico
813 2957 1003 3042 hqislotoris
1036 2958 1222 3022 auderitote
1253 2956 1449 3040 sufficienter
1478 2956 1680 3041 promulgato

433 3059 479 3142 (n.
504 3058 584 3141 230)
593 3061 615 3127 ².

433 3199 505 3272 295.
597 3201 734 3285 Singula
764 3201 846 3268 haec
877 3202 1038 3285 requisita
1068 3207 1165 3270 tanta
1195 3205 1394 3271 necessitate
1423 3225 1463 3270 ao
1491 3207 1590 3270 tanta
1613 3201 1679 3268 evi·

433 3308 547 3375 dantia
569 3308 690 3392 partim
714 3331 753 3375 ec
775 3310 851 3374 ideo
874 3311 961 3396 lepis,
985 3309 1107 3393 partim
1132 3331 1169 3376 ea
1191 3314 1317 3377 notione
1333 3321 1360 3377 ot
1380 3311 1540 3378 essentiali
1555 3308 1680 3392 origine

433 3415 538 3480 omnis
554 3413 764 3497 obligationis
778 3413 914 3480 moralis
930 3420 1184 3498 consequuntur,
1203 3419 1251 3495 ut,
1268 3417 1493 3484 demonstrato
1509 3416 1574 3482 iam
1591 3437 1679 3482 eom·

433 3520 523 3586 muni
546 3520 714 3605 principio,
738 3519 895 3586 ulteriore
917 3521 1165 3587 confirmatione
1188 3543 1252 3588 non
1273 3523 1452 3606 indigeant.
1476 3559 1521 3572 -
1544 3521 1681 3588 Accedit

433 3631 545 3694 autem
575 3626 617 3692 ad
646 3626 773 3692 invicta
800 3625 965 3692 rationum
996 3633 1163 3695 momenta
1192 3649 1370 3694 consensus
1392 3649 1458 3694 non
1480 3628 1583 3694 solum
1609 3627 1679 3693 uni·

434 3751 552 3797 versae
580 3731 806 3816 philosophiae
836 3731 1051 3811 christianae,
1083 3733 1141 3798 sed
1171 3733 1272 3800 etiarn
1304 3733 1443 3800 sanioris
1473 3733 1678 3817 antiquitatis

434 3836 598 3921 gentilisss.
644 3837 697 3904 Ad
720 3838 850 3904 easdem
874 3838 945 3905 fere
968 3839 1185 3918 condiciones,
1209 3845 1247 3908 ut
1263 3841 1410 3907 soora*
1433 3839 1586 3917 ostendit,
1610 3859 1679 3904 om·

434 3943 510 4009 nino
533 3943 645 4009 reduci
667 3947 779 4028 potest
800 3945 917 4026 regula
932 3944 1120 4023 isidoriana,
1144 3951 1294 4013 avetere
1309 3945 1566 4030 iurisprudentia
1580 3945 1678 4027 vulgo

433 4054 577 4135 recepta,
602 4071 667 4133 qua
682 4055 832 4135 negatur,
857 4051 1030 4134 quicquam
1047 4052 1135 4118 aliud
1158 4052 1225 4117 vim
1249 4052 1333 4135 legis
1355 4053 1476 4119 habere
1499 4071 1596 4136 posse
1618 4049 1679 4116 nisi

438 4157 543 4240 ,quod
560 4156 689 4223 ratione
704 4157 900 4235 constiterit,
924 4157 1011 4239 quod
1027 4157 1176 4240 religioni
1193 4163 1363 4241 congruat,
1388 4158 1474 4241 quod
1490 4155 1678 4241 disciplinae

435 4263 619 4342 conveniat,
649 4264 736 4347 quod
758 4263 859 4330 saluti
881 4264 1063 4348 proliciet“,
1095 4285 1194 4347 quam
1217 4263 1416 4332 sententiam
1439 4263 1584 4330 Isidorus
1607 4261 1679 4328 dein

434 4370 564 4436 uberius
588 4370 734 4454 explicat
756 4371 790 4435 in
812 4371 898 4437 huno
921 4372 1070 4437 modum:
1100 4372 1196 4455 ,Erit
1219 4379 1325 4438 autem
1347 4375 1398 4438 lea
1419 4373 1560 4454 honesto,
1584 4372 1677 4452 irruo,

432 4478 603 4561 possibilis,
639 4477 813 4542 secundam
847 4485 1010 4560 naturam,
1046 4479 1219 4543 secundum
1254 4477 1510 4544 consuetudinem
1540 4478 1677 4562 patrios,

433 4584 566 4667 tempori
587 4584 713 4668 locoque
735 4581 977 4648 ooooeoieos.“⁵

438 4723 748 4730 ——-—-——-—-——.

527 4800 535 4831 ¹
553 4798 593 4852 De
611 4798 666 4867 leg.
685 4798 703 4853 l.
725 4799 748 4864 l,
766 4815 790 4852 o.
809 4799 834 4864 9,
854 4798 871 4866 ὅ
891 4798 933 4853 19.

523 4886 594 4943 'Ol
614 4890 643 4943 S.
666 4889 757 4942 rbem.
778 4889 802 4953 1,
821 4887 846 4951 2,
866 4905 891 4956 q.
911 4887 955 4952 90,
973 4903 998 4941 a.
1017 4890 1048 4951 4;
1070 4888 1183 4956 Saurea,
1202 4887 1243 4942 De
1262 4888 1315 4958 leg.
1336 4888 1354 4944 l.
1376 4891 1398 4955 1,
1418 4905 1441 4944 o.
1462 4889 1503 4945 11.

525 4975 595 5030 ’cl
616 4977 721 5029 Saurea
739 4974 756 5029 1.
776 4993 799 5030 c.
820 4992 842 5029 c.
862 4975 958 5030 6-11.
1068 4977 1078 5008 ⁴
1098 4975 1135 5028 Ib.
1156 4993 1178 5029 c.
1199 4976 1224 5030 9.
1333 4977 1453 5048 ⁶Etym.
1473 4976 1491 5030 1.
1510 4979 1536 5042 4,
1556 4993 1579 5031 o.
1598 4975 1640 5032 21.
