3909 5842
414 678 489 742 230'
631 671 721 728 Sectio
741 674 761 727 Ι.
798 673 878 728 Liber
896 673 944 728 111.
982 673 1071 744 Caput
1090 673 1123 726 11.
1161 671 1302 726 Articulus
1321 673 1346 727 4.
1384 671 1445 740 52.

413 849 494 915 haec
518 849 561 914 ad
576 848 737 914 rationem
752 849 836 930 legis
851 849 1027 932 pertineat,
1053 869 1096 914 an
1111 851 1148 914 ut
1164 850 1362 914 elementum
1378 848 1541 916 essentiae
1555 851 1663 914 meta·

413 954 581 1039 physicae,
605 976 649 1020 an
671 955 776 1020 solum
801 961 838 1021 ut
861 955 1082 1021 necessarium
1107 955 1301 1022 attributum
1326 954 1433 1037 legis?

504 1069 543 1134 In
558 1069 717 1135 solvenda
731 1073 841 1155 priore
863 1071 1066 1153 quaestione,
1091 1069 1144 1134 vel
1168 1090 1208 1135 ea
1227 1069 1344 1134 saltem
1363 1070 1433 1134 eius
1448 1073 1554 1154 parte,
1580 1089 1665 1152 quae

415 1175 502 1242 circa
532 1175 760 1242 exsistentiam
791 1177 952 1242 naturalis
976 1175 1155 1242 sanctionis
1179 1181 1341 1255 versatur,
1374 1197 1439 1242 non
1463 1177 1570 1242 nunus
1595 1175 1666 1240 fere

415 1304 513 1365 quam
536 1282 571 1348 in
593 1283 667 1366 lege
690 1283 763 1368 ipsa
785 1283 929 1350 naturali
952 1283 1131 1349 asserenda
1154 1282 1259 1348 omnis
1275 1303 1357 1348 sana
1373 1283 1580 1367 philosophia
1597 1304 1667 1348 om·

415 1389 503 1453 nium
535 1393 720 1473 temporum
752 1389 925 1456 consentit.
971 1390 1085 1454 Altera
1118 1392 1228 1454 autem
1261 1389 1428 1470 quaestio,
1462 1410 1546 1471 quae
1578 1389 1669 1454 iuter

415 1496 566 1563 doctores
599 1495 796 1561 christianos
826 1495 1025 1578 aliquamdiu
1055 1495 1088 1560 in
1118 1499 1292 1577 utramque
1321 1500 1451 1579 partem
1479 1495 1669 1579 disceptata

415 1602 676 1686 metaphysicam
699 1601 805 1685 magis
828 1600 999 1666 scientiam
1024 1621 1121 1683 quam
1141 1600 1379 1685 philosophiam
1395 1601 1552 1666 moralem
1569 1622 1669 1667 exer·

415 1707 521 1786 cebet,
552 1729 592 1774 eo
614 1708 722 1774 minus
745 1709 806 1772 hoc
829 1708 900 1773 loco
924 1707 1137 1772 retractanda
1160 1707 1301 1784 videtur,
1333 1707 1419 1790 quod
1446 1708 1479 1772 in
1503 1709 1670 1774 alterutra

415 1813 486 1878 eius
518 1813 681 1879 solutione
711 1817 911 1878 momentum
941 1811 1075 1895 aliquod
1105 1833 1164 1896 pro
1195 1833 1231 1878 re
1261 1813 1377 1877 morali
1401 1813 1585 1896 practicum
1612 1812 1670 1876 uix

416 1925 566 2004 apparet.
612 1919 665 1986 Ad
690 1941 758 1985 rem
782 1921 885 2002 igitur
907 1920 989 1986 haec
1012 1939 1118 2003 pauca
1140 1925 1275 1986 notasse
1298 1919 1459 1986 sufficiat:

505 2034 627 2112 Quodsi
659 2041 727 2102 tam
761 2037 829 2102 late
861 2035 1041 2101 sanctionis
1072 2035 1266 2101 vocabulum
1297 2035 1457 2119 accipias,
1491 2040 1528 2101 ut
1559 2035 1669 2118 ipsum

417 2141 594 2208 essentiale
624 2143 729 2208 omnis
760 2142 970 2225 obligationis
1001 2141 1174 2220 obiectum,
1205 2145 1332 2207 rectum
1362 2141 1487 2208 scilicet
1510 2141 1670 2226 operandi

417 2247 574 2327 ordinem,
600 2248 654 2331 qui
678 2249 773 2314 simul
797 2249 974 2315 essentiale
997 2249 1117 2314 bonum
1142 2251 1193 2313 est
1213 2252 1352 2313 naturae
1368 2247 1548 2326 rationalia,
1568 2269 1671 2333 pruc-

417 2355 517 2417 mium
552 2355 642 2420 dicas
674 2355 758 2438 legis
791 2354 996 2421 observatori
1028 2355 1242 2439 propositum,
1274 2354 1455 2421 voluntatis
1485 2357 1595 2419 autem
1630 2353 1671 2418 ab

418 2459 532 2524 eodem
556 2461 640 2526 bono
666 2461 871 2527 aversionem
896 2461 1047 2526 similiter
1069 2482 1204 2547 poariam
1226 2459 1310 2542 legis
1332 2459 1570 2542 transgressori
1591 2460 1672 2525 sub·

418 2568 569 2643 eundam,
600 2589 666 2634 non
696 2570 801 2635 solum
829 2569 1039 2653 probabilior,
1071 2568 1129 2633 sed
1159 2571 1251 2634 certa
1273 2567 1406 2634 videtur
1429 2585 1469 2631 ea
1492 2565 1670 2641 sententia,

420 2693 503 2754 quae
534 2674 736 2741 sanctionem
765 2675 846 2742 dicit
868 2675 916 2742 ita
940 2675 1151 2741 essentialem
1175 2695 1247 2741 esse
1270 2674 1345 2755 legi,
1376 2673 1475 2738 immo
1499 2671 1587 2737 omni
1613 2672 1672 2736 ob·

419 2777 569 2860 ligationi
602 2782 729 2859 morali,
762 2787 800 2849 ut
832 2782 913 2847 haec
943 2781 1014 2847 sine
1043 2782 1101 2847 illa
1133 2779 1258 2864 concipi
1291 2783 1443 2861 nequeat.
1497 2779 1550 2844 lta
1582 2778 1670 2842 enim

420 2889 559 2968 accepta
575 2887 702 2954 sanctio
718 2888 797 2953 nihil
814 2893 865 2954 cst
881 2887 979 2967 aliud,
997 2909 1094 2971 quam
1110 2888 1184 2970 ipsa
1198 2887 1256 2952 illa
1272 2888 1465 2951 dis-iunctione
1476 2885 1671 2960 necessitas

419 3009 479 3073 per
512 3012 610 3073 quam
642 2994 777 3060 moralis
809 2993 966 3077 obligatio
1000 2993 1136 3076 quaevis
1169 2991 1311 3058 efficitur
1340 2993 1385 3074 (n.
1411 2990 1500 3074 222).
1547 2989 1672 3055 Contra

422 3096 530 3162 altera
560 3099 668 3182 opinio
701 3102 811 3166 verior
843 3100 1016 3185 apparebit
1046 3099 1085 3178 ei,
1117 3098 1171 3181 qui
1202 3097 1404 3164 sanctionem
1429 3097 1549 3181 accipit
1572 3117 1671 3162 sensu

421 3203 528 3286 magis
552 3206 648 3272 obvio
672 3213 707 3275 et
729 3207 859 3291 vulgari
870 3211 891 3273 ¹.

510 3319 571 3385 His
586 3321 689 3403 igitur
705 3327 850 3390 ceterum
866 3321 1080 3400 transmissis,
1106 3321 1146 3385 ad
1161 3321 1304 3404 priorem
1319 3318 1429 3404 potius
1445 3317 1670 3401 quaestionem

421 3425 642 3509 indagandam
674 3433 709 3495 et
736 3451 754 3494 e
778 3430 923 3496 fontibus
952 3427 1186 3513 philosophicis
1216 3427 1406 3492 solvendam
1437 3424 1670 3492 convertimur.

511 3619 529 3702 ἕ
554 3625 583 3686 2.
631 3622 735 3687 Esse
764 3624 1028 3689 sanctionem
1058 3621 1294 3688 naturalem
1324 3618 1579 3686 ostenditur.

423 3767 492 3838 262.
581 3758 738 3842 Thebis
766 3760 932 3842 XXIX.
961 3787 1084 3848 Exstat
1097 3784 1185 3864 legis
1200 3783 1370 3869 naturalis
1386 3783 1520 3844 sanctio
1541 3781 1672 3858 paritor

423 3881 611 3956 naturalis,
639 3881 824 3944 secundum
844 3882 950 3946 vitam
978 3885 1194 3960 praesentem
1221 3880 1377 3958 partialis
1399 3885 1533 3942 tanturn
1555 3883 1589 3941 et
1610 3879 1670 3940 irn-

423 3978 588 4057 perfocta,
609 3979 794 4041 secundum
807 3981 914 4044 vitam
934 3981 1088 4043 suturam
1102 3997 1183 4046 vero
1206 3984 1240 4040 at
1260 3978 1393 4040 rationo
1413 3977 1589 4040 efficaciae
1611 3993 1671 4053 per

424 4091 461 4138 se
482 4075 661 4138 sufficiens
683 4082 717 4138 et
736 4079 871 4141 ratione
892 4078 1046 4140 iustitiae
1067 4078 1231 4154 perfecta.

514 4203 821 4269 Praenotanda.
868 4204 943 4269 Non
976 4204 1097 4288 duplex
1129 4204 1273 4278 sanctio,
1307 4201 1374 4268 alia
1405 4223 1464 4285 pro
1497 4202 1559 4267 hac
1591 4201 1670 4273 vita,

425 4309 490 4374 alia
522 4330 581 4393 pro
611 4310 682 4375 vita
713 4307 836 4387 futura,
873 4311 930 4376 sed
961 4330 1027 4375 una
1056 4310 1245 4392 eademque,
1277 4307 1343 4392 legi
1374 4307 1517 4374 naturali
1547 4307 1671 4392 simpli·

425 4415 507 4482 citer
538 4437 699 4498 congrua,
733 4417 853 4500 partim
887 4415 1016 4499 quidem
1050 4415 1115 4482 iam
1148 4415 1190 4480 ad
1222 4415 1326 4480 vitam
1359 4417 1587 4498 praesentem,
1620 4435 1671 4479 se·
1773 4421 1774 4436 ¹

425 4522 564 4588 cundum
595 4523 829 4607 plenitudinem
860 4529 971 4590 sutem
996 4523 1038 4590 ad
1062 4522 1165 4589 vitam
1189 4521 1334 4588 futuram
1358 4521 1523 4605 pertinere
1552 4520 1670 4585 asseri·
1773 4525 1774 4528 ’

425 4635 488 4696 tur.
535 4629 617 4706 Quid
640 4630 805 4712 significet
835 4631 963 4697 sanctio
1000 4629 1216 4709 ,sufficiens“,
1253 4628 1329 4710 quid
1367 4627 1565 4711 ,perfecta“,
1597 4625 1670 4690 nde
1773 4675 1774 4722 t

425 4755 526 4820 supra
548 4757 579 4800 n.
605 4739 679 4802 259.

518 4996 526 5028 ¹
546 4994 587 5049 Cf.
610 4995 757 5063 Toparclli,
777 4994 877 5048 Diritto
895 4997 951 5047 nat.
971 4993 983 5045 1
1003 4991 1019 5058 fi
1041 4991 1099 5045 113.
