3909 5842
450 645 515 710 350
719 636 809 692 Sentio
828 637 862 691 ll.
900 637 979 692 Liber
998 637 1020 692 I.
1057 635 1146 709 Caput
1164 637 1198 691 ΙΙ.
1235 636 1378 691 Articulus
1398 639 1428 690 3.

451 822 613 903 quotquot
636 821 723 896 sunt,
746 816 809 881 nisi
833 815 931 882 alteri
951 815 1061 880 domui
1076 816 1244 882 socialiter
1259 837 1295 882 se
1310 815 1524 900 adiungant,
1551 821 1720 885 momnis

451 946 579 1010 quoque
595 922 748 989 subsidiis
764 921 928 1004 animique
944 921 1082 1000 solatiis,
1100 942 1185 1004 quae
1199 922 1351 988 viventes
1366 923 1402 987 in
1419 922 1506 989 sinu
1525 925 1720 990 domesticae

452 1030 621 1098 societatis
644 1029 765 1112 iugiter
788 1029 904 1094 fovent
928 1030 1028 1110 atque
1050 1030 1250 1107 sustentant,
1276 1027 1333 1093 vix
1354 1049 1424 1094 non
1451 1031 1606 1113 penitus
1621 1053 1721 1096 carere

453 1143 553 1221 atque
576 1137 625 1202 ita
648 1141 683 1202 et
705 1135 843 1219 physica
866 1137 901 1199 et
924 1134 1042 1198 morali
1064 1134 1203 1218 penuria
1225 1133 1397 1200 tabescere
1412 1140 1614 1218 coguntur.
1652 1137 1718 1201 lieri

453 1244 554 1327 igitur
569 1263 634 1308 non
650 1245 771 1325 potest,
789 1241 866 1325 quin
882 1239 944 1306 hac
963 1241 1036 1323 ipsa
1050 1240 1243 1306 individuali
1257 1241 1456 1322 indigentia,
1484 1265 1586 1326 quae
1603 1245 1715 1328 quidet

454 1353 606 1434 respectu
630 1347 832 1430 singulorum
855 1367 915 1430 per
938 1347 1100 1423 accidens,
1125 1353 1277 1431 respectu
1292 1347 1425 1430 generis
1444 1353 1575 1414 autem
1595 1359 1717 1414 nature·

453 1459 635 1524 necessitate
665 1454 786 1532 evenit,
817 1452 948 1536 plurimi
971 1453 1118 1518 homines
1141 1453 1259 1518 morali
1281 1454 1434 1519 efficacia
1460 1457 1716 1540 compellantur.

454 1569 490 1630 ut
521 1564 648 1630 alienae
677 1563 896 1628 inservientes
926 1561 1037 1627 domui
1063 1561 1158 1644 eique
1181 1561 1348 1628 socialiter
1369 1563 1460 1628 uniti
1492 1564 1579 1630 eius
1605 1587 1714 1648 qnoqu-

453 1669 588 1738 socialia
611 1669 697 1736 bona
721 1689 865 1751 congrue
888 1667 1098 1751 participent.

544 1780 676 1862 Arpnm.
687 1779 718 1841 2.
736 1776 824 1840 Idem
839 1774 1047 1857 confirmatur
1055 1796 1115 1860 per
1125 1775 1309 1840 historicam
1322 1777 1571 1860 experientiam
1585 1777 1715 1842 omniun

454 1885 669 1952 saeculorum.
705 1880 907 1964 Quamquam
932 1879 1019 1944 enim
1041 1879 1154 1944 herilis
1177 1880 1318 1946 societas
1337 1900 1396 1963 pra
1414 1879 1517 1946 vario
1535 1885 1715 1964 temporum

455 1993 580 2058 influxu
604 1989 700 2055 modo
720 2010 782 2072 per
805 2009 965 2053 excessum
981 1986 1023 2052 ad
1039 1986 1207 2068 indignam
1223 1986 1418 2052 servitutem
1434 1986 1672 2068 degenerata
1691 2005 1715 2051 u

455 2097 575 2182 passim
601 2093 687 2178 apud
711 2091 852 2174 gentiles
875 2090 1023 2174 populos,
1047 2090 1143 2156 modo
1156 2113 1217 2176 per
1232 2091 1387 2173 defectum
1403 2111 1425 2156 a
1439 2094 1607 2174 genuina
1623 2095 1713 2159 iudet:

455 2223 555 2270 verae
571 2200 702 2267 socialis
719 2197 846 2262 unionis
861 2197 936 2282 plue
951 2198 1101 2263 minusve
1117 2197 1279 2264 distracta
1290 2197 1401 2276 tuerit,
1418 2201 1458 2263 ut
1470 2205 1606 2267 nostra
1618 2207 1713 2266 aetate

455 2331 515 2394 per
544 2307 735 2374 modernum
766 2306 846 2370 iuris
876 2304 1175 2369 individualismum
1205 2312 1240 2371 et
1270 2305 1458 2370 confluxnm
1487 2308 1712 2390 operariorur
1755 2358 1756 2377 2

455 2419 496 2484 ad
521 2416 615 2482 varia
638 2411 846 2479 industrialia
868 2410 1023 2476 instituta
1046 2410 1195 2494 contigit,
1219 2410 1254 2475 in
1276 2431 1316 2475 ea
1331 2416 1445 2477 tamen
1458 2416 1621 2480 naturae
1637 2436 1713 2497 opu.

456 2521 678 2608 quamtumvis
695 2519 923 2600 defiguratum,
942 2516 1121 2581 secundum
1136 2516 1355 2582 substantiam
1367 2517 1495 2599 iugiter
1510 2523 1713 2603 agnoscitur.

548 2629 575 2694 E
607 2626 723 2709 quibus
754 2624 903 2690 omnibus
934 2623 1056 2690 invicte
1085 2623 1296 2705 consequitur
1324 2624 1486 2690 familiam
1512 2627 1712 2692 univers-au.

457 2756 541 2818 quae
565 2755 585 2798 a
607 2733 714 2799 tribus
737 2732 826 2796 hisee
849 2729 1020 2796 elementis
1044 2729 1240 2795 naturaliter
1263 2734 1297 2796 et
1319 2729 1476 2812 organica
1496 2731 1545 2796 ad
1562 2733 1712 2798 socialen

453 2845 609 2908 unitatem
641 2838 798 2904 coalescit
830 2841 864 2903 et
896 2837 956 2902 sub
989 2857 1053 2902 uno
1087 2836 1205 2919 capite,
1236 2835 1485 2920 patrefamilias,
1513 2840 1712 2924 completam

453 2949 647 3014 societatem
672 2943 885 3010 domesticam
910 2941 1070 3020 effomnat,
1095 2941 1292 3006 naturaliter
1314 2939 1503 3006 institutam
1528 2964 1623 3010 esse.

452 3067 513 3140 411.
603 3064 794 3139 Corollaria:
818 3067 843 3134 Ι.
870 3065 1018 3132 Societas
1041 3065 1223 3131 domestica
1246 3063 1420 3150 completa,
1445 3071 1612 3149 spectata
1633 3092 1711 3134 rom·

452 3175 667 3260 prehensione
698 3171 861 3240 obieetiva
889 3175 939 3239 sui
962 3171 1035 3238 linis
1066 3172 1238 3247 naturalis,
1270 3171 1341 3236 inre
1364 3171 1482 3236 merito
1507 3178 1709 3242 societatibus

453 3285 623 3347 intrinsece
659 3284 818 3365 conrptetis
856 3281 1101 3347 adnumeratur.
1148 3278 1284 3344 Nullum
1318 3278 1437 3361 qnippe
1471 3278 1579 3345 datur
1612 3305 1711 3366 genus

454 3388 528 3454 boni
552 3386 693 3465 socialis,
718 3385 839 3451 homini
863 3386 896 3450 in
915 3385 965 3451 his
980 3386 1079 3452 terris
1094 3385 1293 3452 naturaliter
1308 3383 1518 3462 convenicae,
1544 3389 1640 3469 quod
1663 3390 1710 3454 ille

452 3495 525 3559 finis
555 3515 620 3560 non
644 3491 752 3574 aliquo
776 3491 873 3558 modo
896 3497 931 3558 et
954 3492 1063 3574 aliquo
1087 3492 1192 3574 gradu
1215 3489 1471 3575 comprehendat
1494 3496 1605 3575 atque
1629 3497 1710 3561 intra

452 3601 627 3687 sphaeram
651 3600 741 3664 vitae
764 3600 963 3666 domesticae
979 3600 1146 3666 socialiter
1162 3598 1425 3682 consequendum
1440 3599 1617 3668 exhibeat.
1653 3603 1709 3668 Per

453 3709 583 3773 domum
608 3705 692 3772 enim
717 3705 986 3772 subministratur
1008 3706 1130 3770 homini
1154 3706 1319 3772 mediante
1342 3703 1493 3786 coniugio
1509 3706 1708 3774 exsistentis
1757 3770 1758 3795 ,

453 3835 511 3881 seu
535 3817 640 3900 ipsam
664 3833 739 3894 esse,
763 3832 822 3894 per
846 3811 976 3877 domum
996 3812 1156 3890 similiter,
1182 3811 1349 3877 mediante
1364 3810 1528 3876 societate
1544 3815 1707 3895 parentali
1757 3800 1758 3827 l

452 3925 487 3986 et
502 3918 606 3995 herili,
633 3939 696 3983 esse
710 3918 881 4002 perfectius
898 3939 955 3983 seu
972 3918 1113 3985 relative
1129 3917 1322 4002 perfectum,
1344 3937 1441 3982 amne
1456 3916 1591 3984 scilicet
1606 3941 1705 4003 genus

452 4030 614 4095 humanae
645 4026 794 4090 culturae
823 4025 990 4110 physicae,
1021 4025 1255 4092 intellectualis
1283 4027 1317 4090 et
1339 4022 1484 4100 moralis,
1515 4025 1704 4094 domesticis

452 4135 608 4202 limitibus
632 4132 910 4198 accommodatum
937 4131 992 4214 (cf.
1016 4154 1048 4198 n.
1073 4130 1162 4214 392).

451 4251 518 4322 412.
608 4249 650 4314 ΙΙ.
669 4247 809 4313 Familia
825 4247 953 4314 ratione
969 4247 1021 4312 sui
1035 4247 1109 4312 finis
1124 4246 1159 4312 iu
1175 4243 1319 4311 naturali
1334 4246 1505 4310 structura
1524 4249 1701 4329 organismi

451 4357 582 4423 socialis
608 4358 754 4440 primam
787 4362 814 4418 et
846 4355 984 4419 manime
1014 4356 1211 4420 essentialem
1240 4352 1380 4438 predam
1413 4361 1555 4438 occupat,
1590 4360 1700 4438 estque

451 4461 662 4545 originarium
679 4459 781 4525 totius
795 4458 957 4524 humanae
970 4459 1141 4525 societatis
1150 4460 1409 4543 fundamentum.
1437 4456 1516 4522 Ideo
1529 4459 1698 4526 universae

451 4568 603 4635 societati
631 4567 796 4632 hominum
820 4565 898 4630 nihil
923 4567 1072 4632 accidere
1095 4570 1206 4650 potest
1228 4564 1453 4650 perniciosius,
1486 4586 1586 4646 quam
1610 4568 1696 4648 quid·

452 4675 527 4758 quid
552 4681 610 4741 aut
633 4673 676 4739 ad
699 4673 940 4757 profanandum
964 4679 999 4740 et
1016 4675 1195 4740 laxandum
1212 4671 1455 4738 sanctissimum
1472 4671 1615 4753 coniugii
1630 4673 1694 4738 vin·

451 4783 557 4847 culum
574 4787 673 4863 atque
689 4781 737 4847 ita
753 4781 795 4846 ad
807 4780 1073 4846 labefactandam
1086 4781 1250 4846 internam
1262 4779 1425 4844 unitatem
1436 4780 1473 4843 et
1483 4777 1691 4844 stabilitatem

452 4887 607 4966 familiae,
634 4892 692 4953 aut
721 4888 763 4953 ad
787 4886 956 4952 moraliter
979 4887 1163 4952 vitiandam
1186 4883 1376 4970 propaginis
1400 4882 1627 4950 educationem
1649 4885 1689 4948 di·

451 4995 580 5078 rigitur.
628 4993 713 5058 Nam
739 4993 849 5058 exciso
880 4993 934 5057 vel
965 4991 1136 5060 debilitato
1168 4990 1381 5057 fundamento
1404 4989 1576 5055 societatis
1597 4989 1687 5056 tonus
