3909 5842
404 663 469 728 268
616 656 707 713 Sectio
724 658 746 712 Ι.
783 657 865 712 Liber
882 657 930 712 ΠΙ.
968 657 1057 727 Oapnt
1075 656 1122 710 lll.
1160 653 1301 710 Artioulus
1319 654 1344 708 2.
1382 652 1442 722 Η.

403 835 488 902 idem
504 833 703 900 naturaliter
719 833 841 900 iustum
857 832 1024 913 aestimat,
1048 833 1134 916 quod
1150 832 1348 900 naturaliter
1362 830 1530 917 possibile.
1567 828 1657 908 „Na-

402 945 499 1007 turae
515 940 600 1006 enim
616 939 775 1024 potentia,
792 939 908 1020 inquit,
924 943 977 1005 est
992 938 1066 1023 ipsa
1080 937 1141 1004 Dei
1157 939 1325 1023 potentia“
1339 941 1361 1004 ¹.
1385 937 1418 1005 J.
1436 936 1469 1004 J.
1486 939 1657 1004 Rousaecc

404 1046 459 1127 (17
465 1046 665 1128 12-1778),
690 1045 746 1128 qui
769 1044 979 1111 Hobbesiano
1004 1045 1204 1130 despotismo
1227 1045 1319 1128 regio
1342 1043 1513 1110 substituit
1537 1043 1660 1126 despo-

403 1153 536 1219 tismum
549 1173 615 1218 non
626 1152 734 1217 minus
745 1151 933 1217 absolutum
946 1151 1115 1233 regiminis
1128 1149 1339 1218 democratioi
1349 1153 1372 1217 2.
1403 1150 1531 1217 Nostra
1542 1155 1656 1216 autem

404 1260 467 1324 hac
478 1263 591 1326 aetate
602 1262 735 1343 praeter
750 1257 866 1323 idealis
882 1260 1055 1324 societismi
1065 1257 1238 1338 theoriam,
1256 1279 1341 1341 quae
1352 1256 1476 1342 passim
1487 1255 1660 1341 principiis
1782 1235 1783 1280 ³

405 1365 601 1432 Rousseavii
630 1362 764 1441 nititur,
792 1362 968 1447 praecipue
1000 1363 1175 1430 adversam
1202 1363 1361 1430 habemus
1394 1363 1560 1446 quandam
1591 1384 1660 1428 mo

406 1473 499 1539 demi
521 1475 606 1538 iuris
626 1472 747 1557 publici
763 1471 912 1553 sobolom,
936 1490 958 1536 a
973 1469 1196 1554 pantheistica
1211 1469 1341 1554 Hegelii
1358 1469 1564 1554 philosophia
1578 1487 1660 1553 pro-

406 1577 545 1658 fectam,
576 1597 662 1661 quae
691 1597 765 1642 cum
795 1579 920 1643 statum
949 1577 1115 1661 publicum
1146 1577 1282 1644 realiter
1310 1577 1416 1643 Deum
1444 1575 1552 1660 ipsum
1582 1595 1662 1640 esse

406 1685 521 1768 fingat,
540 1683 658 1750 mirum
675 1704 739 1749 non
756 1686 818 1762 est,
843 1683 930 1766 quod
946 1683 1047 1750 etiam
1063 1683 1213 1768 publicae
1229 1681 1428 1766 legislationi
1443 1684 1536 1764 quasi
1553 1679 1663 1747 omni·

407 1791 590 1876 potentiam
613 1790 786 1856 attribuat.
818 1789 898 1855 Inde
922 1791 1009 1856 enim
1029 1789 1189 1872 originem
1205 1791 1301 1857 duxit
1316 1789 1490 1855 modernus
1505 1787 1562 1853 ille
1577 1786 1662 1852 iuris

408 1897 543 1982 positivi
564 1898 808 1981 mechanismus,
832 1897 888 1979 qui
910 1896 953 1962 ad
968 1895 1052 1980 legis
1068 1897 1215 1980 vigorem
1232 1897 1278 1962 nil
1293 1897 1391 1980 plane
1406 1895 1469 1960 nisi
1484 1897 1661 1960 externam

408 2003 493 2086 legis
523 2002 663 2068 formam
693 2007 728 2069 et
758 2002 852 2084 quasi
881 2002 1023 2085 legalem
1054 2003 1172 2069 faciem
1202 2002 1351 2086 requirit,
1382 2005 1481 2084 atque
1503 1999 1554 2066 ita
1576 2019 1662 2084 pan·

410 2109 597 2177 theisticam
628 2107 793 2190 quandam
820 2108 1038 2190 legalitatem,
1068 2109 1199 2175 nomine
1226 2107 1464 2188 ,conscientiae
1485 2104 1658 2191 publicae·

411 2216 672 2293 cohonestatam,
696 2235 797 2281 verae
819 2215 1001 2283 moralitati
1025 2216 1238 2294 substituens,
1262 2215 1353 2299 ipsas
1375 2213 1524 2300 privatas
1540 2211 1664 2278 civium

411 2321 630 2390 conscientias
652 2320 715 2386 sibi
737 2320 951 2387 subordinate
975 2343 1014 2388 ao
1038 2322 1186 2389 subicere
1210 2321 1361 2388 nititurl.

501 2427 612 2510 Atque
634 2425 730 2492 huius
752 2426 1019 2511 perniciosissimi
1041 2428 1162 2494 erroris
1178 2428 1332 2510 contagio
1348 2447 1369 2493 a
1384 2423 1548 2492 nonnullis
1563 2443 1665 2508 prae-

414 2533 505 2600 teriti
535 2532 658 2599 saeculi
688 2531 854 2599 decenniis
876 2532 924 2599 ita
947 2531 1012 2599 iam
1036 2533 1253 2600 recentiorem
1276 2530 1563 2618 iurisprudentiam
1587 2549 1666 2613 per·

416 2640 514 2718 rasit,
546 2642 584 2705 ut
613 2639 666 2704 vel
696 2638 784 2706 inter
809 2638 899 2704 viros
921 2638 971 2704 rei
994 2638 1192 2706 christianae
1215 2645 1360 2707 ceterum
1385 2639 1511 2704 sincere
1533 2635 1667 2702 deditos

415 2746 591 2829 aliquando
614 2744 823 2828 reperiantur
845 2745 887 2811 ab
909 2745 998 2810 illius
1021 2745 1171 2828 vestigiis
1193 2767 1258 2812 non
1274 2745 1372 2830 plane
1387 2745 1555 2811 immunes.
1586 2741 1666 2807 Non

416 2851 546 2935 quidem
570 2850 626 2917 isti
648 2849 843 2929 infitiantur,
873 2850 1023 2917 subditos
1045 2850 1116 2917 iure
1146 2872 1205 2917 suo
1229 2851 1475 2918 'oboedientiam
1498 2849 1667 2930 denegare

417 2957 560 3041 legibus,
591 2975 674 3038 quas
703 2976 838 3021 servare
867 2956 963 3022 salva
992 2956 1192 3023 conscientia
1220 2961 1402 3040 nequeant;
1432 2956 1522 3040 ipsas
1551 2959 1667 3021 tamen

416 3067 497 3149 lepos
527 3061 686 3128 eiusmodi
717 3061 795 3129 licet
826 3062 1003 3130 manifeste
1032 3063 1182 3142 iniustas,
1215 3064 1245 3130 si
1274 3063 1463 3146 ceteroquin
1486 3061 1668 3128 secundum

417 3170 541 3236 formas
563 3169 689 3253 legales
708 3158 843 3236 erectae
866 3167 1000 3248 fuerint,
1023 3169 1193 3252 formalem
1215 3177 1320 3237 tumen
1344 3172 1479 3257 ciperem
1503 3169 1667 3234 heberaei

415 3279 552 3344 retinere
581 3276 784 3355 existimant,
818 3275 920 3341 donce
950 3275 1096 3358 legitime
1127 3276 1344 3358 abrogentur;
1377 3283 1412 3344 et
1441 3275 1562 3341 idcireo
1593 3295 1665 3340 ma·

416 3385 577 3468 gistratm
598 3382 747 3467 publicos
769 3389 805 3447 ut
827 3384 906 3448 tales
930 3402 972 3447 ex
996 3381 1104 3449 officio
1128 3383 1244 3464 teneri,
1268 3404 1325 3448 eas
1345 3383 1481 3467 exsequi
1498 3388 1533 3450 et
1547 3403 1667 3448 secun-

416 3493 492 3559 dum
516 3511 573 3557 eas
595 3488 751 3568 iudicare,
774 3488 913 3572 illosque
935 3509 995 3574 pro
1019 3488 1081 3554 boo
1104 3510 1165 3555 sua
1187 3489 1395 3556 oboedientia
1417 3510 1507 3556 mere
1530 3489 1666 3556 officiali

416 3600 457 3666 ab
481 3597 568 3664 omni
591 3596 725 3682 propria
753 3594 1078 3679 ,responsabilitate“
1106 3594 1278 3662 exonerari
1289 3597 1313 3662 ⁴.

507 3852 516 3883 ¹
534 3847 656 3903 Tractat.
674 3846 917 3918 theologico-polit.
936 3865 959 3901 c.
981 3848 1023 3902 16.

506 3938 517 3970 ¹
538 3935 591 4004 ,bs
603 3935 753 3991 souverain
772 3952 822 4005 par
841 3935 901 3991 cela
918 3936 979 3991 seul
998 3935 1065 4006 qn’il
1084 3939 1134 4003 est,
1154 3939 1196 3991 esi
1214 3939 1275 3990 tout
1293 3935 1568 4004 aequilensem!
1596 3935 1666 3990 Gon·

417 4031 473 4082 trat
491 4027 576 4083 social
596 4028 619 4094 1,
639 4029 664 4082 7.
701 4027 744 4082 Of.
763 4027 788 4092 2,
807 4027 833 4082 3.

507 4115 577 4170 εστ.
596 4135 620 4170 v.
639 4118 836 4186 rosseum,
855 4115 906 4170 oie
924 4115 1080 4186 rsnzrpun
1099 4115 1146 4169 oar
1165 4113 1268 4169 Porrus
1287 4114 1336 4169 ao:
1366 4113 1436 4182 „ner
1455 4113 1535 4169 suat
1560 4115 1596 4168 rm
1615 4113 1665 4168 au-
1784 4095 1785 4104 '

417 4205 560 4274 gemeinen
578 4205 616 4259 ist
639 4205 814 4273 gleichzeitig
832 4205 1016 4272 Naturgesetz
1034 4205 1090 4258 und
1109 4202 1239 4258 hochstes
1258 4202 1456 4272 Rechtsgesetz
1474 4203 1524 4257 des
1542 4201 1666 4257 menseb-

417 4294 507 4348 lichen
527 4293 641 4347 Lobana.
655 4335 661 4346 .
676 4334 703 4347 ..
728 4293 789 4349 Von
808 4293 881 4347 allen
900 4293 1034 4348 Gesatzen
1053 4293 1114 4348 sind
1131 4311 1184 4347 nur
1202 4293 1246 4346 dis
1259 4291 1474 4361 Recblagesetze
1492 4291 1530 4345 im
1542 4290 1666 4346 mensch·

418 4382 508 4436 bohen
525 4381 712 4435 Bewusstsoin
730 4381 773 4436 dia
792 4382 920 4446 tltesten,
938 4380 1131 4449 uranlbuglich
1150 4381 1233 4435 allsin
1246 4379 1477 4446 verstdudliohsu,
1496 4379 1579 4434 allsin
1597 4379 1666 4434 scm·

418 4469 516 4525 lichen.
554 4469 626 4524 Dass
651 4469 695 4524 die
713 4469 802 4524 Natur
820 4471 955 4526 Gesetaen
973 4469 1121 4539 gebercht,
1144 4470 1261 4526 erlrennt
1286 4470 1334 4524 der
1352 4469 1466 4524 Mensob
1486 4468 1540 4522 viel
1565 4471 1666 4538 spatar.
1784 4455 1785 4462 ἵ

419 4558 475 4614 Das
494 4558 677 4626 Sittengeseta
695 4557 724 4612 in
742 4557 833 4612 sainer
851 4557 1085 4628 Salbatandigkeil
1103 4559 1171 4613 wird
1190 4558 1247 4612 ihm
1265 4575 1310 4612 arn
1328 4559 1470 4628 spttssten
1487 4556 1574 4612 klarf
1587 4555 1641 4625 (l‘l)

509 4650 519 4680 ⁴
539 4647 580 4702 cf.
600 4648 784 4716 Warnuontp,
809 4645 1082 4718 Rechtspbilosophie
1107 4665 1134 4718 p.
1153 4648 1207 4703 234
1219 4664 1279 4717 sqq,
1304 4663 1331 4702 n.
1351 4647 1401 4710 99,
1427 4645 1474 4700 ubi
1491 4644 1520 4698 in
1539 4643 1666 4700 conflictu

419 4734 602 4790 conscientiae
619 4735 723 4805 privati
735 4733 851 4788 alicuius
863 4733 981 4789 bominis
994 4751 1055 4788 curn
1072 4735 1180 4802 legibus
1199 4733 1316 4805 publicis
1329 4733 1466 4804 duplicem
1479 4733 1666 4802 quaestionem

421 4825 574 4892 distinguit,
593 4824 661 4878 iuris
680 4824 804 4887 alteram,
823 4823 938 4877 alteram
957 4822 1129 4878 moralitatis.
1169 4824 1235 4891 ,Als
1253 4821 1436 4891 Rechtsfrage
1454 4837 1532 4876 muas
1550 4822 1590 4876 sie
1608 4825 1666 4876 cut-

421 4912 549 4968 aobieden
568 4913 694 4966 varneint
711 4911 830 4966 werden.
866 4910 922 4964 Der
946 4911 995 4965 das
1013 4911 1130 4981 positive
1149 4910 1237 4966 Recbt
1262 4910 1436 4965 verletaende
1454 4909 1583 4965 Eionelne
1609 4927 1666 4964 ver·

422 5001 485 5056 fallt
502 5001 531 5054 in
550 5000 658 5065 Sohuld,
676 5000 745 5054 wird
765 5000 807 5054 oin
826 4997 996 5054 Verbrecher
1014 4999 1069 5053 und
1087 4999 1129 5053 als
1148 4999 1254 5054 soloher
1272 5001 1397 5054 bestrsfl.
1424 4999 1461 5055 us
1480 4999 1540 5066 gibt
1557 5001 1601 5054 fur
1620 4999 1666 5054 ibn
