3909 5842
441 671 505 736 338
714 663 804 720 Sestio
822 664 856 718 11.
894 663 974 720 Liber
992 666 1013 719 Ι.
1051 665 1141 737 capnt
1158 667 1193 720 ll.
1229 665 1371 720 Articulum
1392 668 1418 720 1.

440 845 518 922 sius,
542 843 685 925 aliquem
707 841 873 907 hominum
896 845 1022 909 statum
1045 843 1142 924 fingit
1160 843 1248 908 omni
1263 841 1355 908 vitae
1370 841 1503 906 sociali
1522 842 1561 922 (i
1580 861 1610 906 e.
1626 841 1700 907 vitae

440 970 505 1015 non
525 949 630 1014 solum
647 947 745 1026 civili,
770 946 827 1014 sed
845 947 945 1014 etiam
960 948 1073 1014 stabili
1089 948 1269 1015 domestico
1284 946 1476 1030 consortio)
1495 947 1703 1013 anteriorem

441 1075 536 1138 quem
553 1054 684 1139 proprie
702 1053 921 1137 ,naturalem“
937 1059 1046 1133 vocat,
1064 1059 1099 1120 et
1110 1055 1163 1120 cui
1175 1055 1246 1122 vita
1257 1054 1389 1120 socialis
1401 1059 1599 1136 tamquam
1611 1057 1706 1119 status

442 1165 635 1228 advectitius
650 1167 685 1228 et
701 1161 796 1245 quasi
811 1161 993 1228 artificialis
1008 1162 1215 1230 successerit.
1243 1163 1381 1229 Fatetur
1397 1162 1554 1243 quidem
1570 1160 1608 1226 in
1623 1179 1706 1243 prae

441 1269 567 1335 fatiens
596 1269 638 1335 ad
669 1269 859 1352 opusculum
882 1268 989 1354 primo
1012 1270 1084 1335 loco
1108 1269 1256 1349 citatum,
1287 1291 1325 1334 se
1346 1271 1455 1335 totam
1485 1269 1591 1334 hanc
1614 1265 1708 1348 inqui·

441 1375 592 1442 sitionem
615 1378 785 1457 tamquam
806 1395 931 1441 meram
947 1374 1145 1458 hypothesin
1161 1375 1419 1459 philosophicam
1436 1377 1476 1439 et
1493 1395 1570 1458 per
1586 1372 1708 1438 modun

441 1482 649 1548 coniecturae
672 1503 874 1566 proponere;
897 1502 1004 1564 neque
1026 1483 1060 1547 in
1083 1481 1271 1548 historicam
1296 1481 1457 1564 originem
1486 1480 1645 1563 generis
1660 1479 1708 1542 hn-

441 1587 529 1653 mani
553 1608 590 1654 se
612 1587 778 1670 inquirere
801 1587 897 1666 velle,
922 1587 982 1653 sed
1005 1588 1109 1654 solum
1134 1589 1167 1653 in
1191 1589 1332 1666 modum,
1357 1608 1421 1669 quo
1445 1586 1564 1652 homo
1598 1609 1640 1664 ,a
1661 1607 1709 1649 na·

441 1697 517 1760 tura
532 1693 664 1778 prodire
680 1694 862 1773 debuerit‘,
880 1694 908 1759 si
923 1695 1176 1778 praescindatur
1191 1695 1233 1760 ab
1249 1694 1336 1760 omni
1348 1693 1623 1776 supernaturali
1636 1693 1710 1756 dono

442 1804 476 1867 et
498 1800 752 1884 superveniente
776 1800 858 1866 artis
880 1799 1018 1866 influxu.
1054 1801 1092 1866 ln
1115 1801 1254 1867 decursu
1268 1804 1381 1866 tamen
1397 1819 1468 1864 rem
1487 1799 1593 1866 satis
1610 1821 1709 1865 asser

441 1908 525 1974 torio
543 1909 760 1992 pertractat1.
794 1907 911 1990 Itaque
926 1907 1090 1973 hominem
1105 1912 1259 1974 scrutans
1274 1907 1336 1973 hoc
1351 1927 1449 1972 sensu
1466 1907 1709 1990 originarium.

441 2035 505 2080 non
529 2034 604 2079 eum
623 2017 743 2080 natura
759 2034 898 2098 pravum
914 2017 949 2079 et
965 2014 1115 2080 omnibus
1130 2015 1293 2092 hostilem,
1319 2017 1355 2078 nt
1371 2013 1448 2078 olim
1464 2013 1637 2092 Hobbas,
1661 2011 1707 2077 sel

441 2123 555 2186 eontra
579 2121 775 2187 naturaliter
797 2119 918 2185 bonum
941 2141 1067 2186 necnon
1089 2121 1164 2204 ipsa
1187 2141 1247 2186 sua
1269 2120 1385 2185 nativa
1407 2123 1444 2184 et
1465 2119 1618 2186 inculta
1639 2119 1708 2184 sim·

441 2226 588 2310 plicitate
619 2248 658 2292 ac
680 2226 835 2292 libertate
858 2225 987 2292 felicem
1011 2227 1144 2310 reperit.
1186 2226 1295 2304 Quare
1318 2231 1352 2293 et
1374 2226 1633 2293 necessitatem
1657 2245 1707 2290 na·

439 2333 581 2398 turalem
605 2333 689 2399 hunc
712 2337 837 2400 statum
861 2354 934 2399 cum
957 2337 1050 2400 statu
1072 2333 1188 2400 sociali
1210 2333 1419 2418 permutandi
1441 2353 1513 2398 non
1533 2332 1706 2416 agnoscit.

440 2440 497 2506 sed
521 2440 630 2524 potius
654 2439 848 2506 societatem
872 2444 1018 2517 accusat,
1052 2441 1138 2523 quod
1160 2440 1325 2506 hominem
1347 2438 1558 2506 naturaliter
1585 2441 1706 2506 bonnm

440 2546 624 2630 corruperit
639 2551 672 2612 et
688 2546 857 2630 primaeva
873 2545 1035 2613 felicitate
1051 2547 1253 2631 spoliaverit.
1287 2547 1422 2612 Diceres
1443 2546 1705 2631 ,philosophum

440 2653 563 2718 saeculi
579 2653 708 2717 XVIH‘
734 2673 794 2736 per
817 2652 1049 2719 excellentiam
1073 2653 1197 2719 dictum
1220 2653 1329 2718 subito
1353 2653 1395 2718 ad
1411 2653 1579 2734 antiquas
1597 2651 1704 2718 ethni-

442 2779 554 2824 corum
576 2763 750 2842 poetarum
773 2758 903 2823 fabulas
928 2779 966 2824 ac
990 2759 1117 2824 somnia
1140 2759 1345 2825 recantando
1367 2759 1600 2827 descendisse.
1645 2757 1703 2823 Sed

441 2864 504 2930 viri
534 2863 660 2930 scilicet
683 2863 877 2930 modestiam
900 2864 997 2930 simul
1021 2870 1056 2932 et
1078 2869 1211 2947 gustum
1235 2865 1374 2943 mireris,
1407 2886 1482 2931 curn
1505 2865 1553 2930 ab
1579 2887 1627 2932 eo
1650 2886 1702 2930 aa·

441 2971 577 3056 ceperis,
601 2971 707 3053 qualis
731 2971 860 3036 demum
883 2972 999 3038 nativa
1021 2972 1089 3038 ista
1110 2971 1254 3037 felicitas
1277 2971 1388 3050 fuerit,
1411 2992 1509 3054 quam
1537 2972 1701 3037 amissam

440 3079 545 3144 dolet:
577 3099 642 3143 non
675 3078 741 3145 alia
770 3077 934 3157 videlieet,
966 3099 1065 3160 quam
1094 3077 1165 3144 fare
1194 3079 1283 3145 bruti
1309 3079 1470 3156 animalis,
1501 3079 1699 3145 silvestrem

440 3185 570 3268 agentis
597 3185 712 3264 litam,
743 3185 928 3250 omnimoda
954 3184 1096 3250 fruentis
1124 3185 1281 3251 libertate
1303 3185 1428 3267 absque
1451 3183 1529 3250 ullis
1554 3185 1647 3251 ideis
1669 3187 1700 3248 et

440 3291 568 3376 legibus
590 3291 778 3369 moralibus,
809 3291 908 3356 immo
932 3291 1111 3356 articulata
1132 3291 1247 3374 lingua
1270 3291 1424 3368 carentis,
1449 3290 1538 3373 quod
1568 3293 1698 3370 ,cibum

440 3403 574 3483 caperet
590 3398 650 3462 sub
666 3419 797 3480 quercu,
814 3401 927 3482 potum
941 3397 984 3462 ad
996 3397 1135 3480 primum
1148 3417 1254 3480 aquae
1265 3396 1382 3474 rivum,
1399 3395 1544 3478 quietem
1558 3405 1697 3465 noctur-

439 3526 516 3570 nam
539 3506 599 3570 sub
621 3505 695 3588 ipsa
717 3505 843 3582 arbore,
869 3525 953 3586 quae
977 3511 1012 3570 et
1034 3504 1158 3569 victum
1182 3503 1245 3588 ipsi
1260 3503 1539 3588 suppedimvit‘2.
1576 3505 1695 3570 Eidem

440 3611 570 3693 quidem
593 3611 692 3676 etiam
717 3611 1021 3694 perfectibilitatem
1044 3610 1205 3688 attribuit,
1230 3631 1296 3693 qua
1310 3610 1471 3694 paulatim
1486 3631 1548 3694 per
1564 3613 1694 3677 variam

440 3717 677 3801 experientiam
701 3738 805 3783 novas
828 3717 976 3782 invenire
998 3716 1177 3784 industrias
1200 3717 1271 3782 sive
1286 3715 1328 3783 ad
1344 3717 1527 3783 avertenda
1541 3717 1695 3801 pericula

413 3813 415 3823 '
441 3821 511 3888 sive
543 3822 584 3887 ad
616 3825 804 3904 quaerenda
826 3825 916 3890 vitae
940 3825 1110 3890 commoda
1132 3825 1288 3908 potuerit,
1318 3845 1378 3908 per
1399 3828 1554 3890 naturam
1579 3829 1693 3891 tamen

439 3929 545 3996 solum
575 3929 618 3995 ad
644 3929 854 3996 transitorias
885 3931 1145 3996 consociationes
1167 3951 1241 3995 eum
1263 3930 1314 3995 sui
1337 3929 1498 3996 similibus
1520 3929 1692 3997 inductum

440 4057 513 4102 esse
537 4057 597 4102 nec
620 4057 773 4118 umquam
798 4037 1022 4119 obligatorias.
1062 4036 1282 4102 Nihilominus
1304 4036 1395 4101 initis
1417 4035 1692 4102 conventionibus

440 4144 525 4208 inter
541 4143 688 4207 homines
704 4163 817 4225 parum
835 4141 990 4226 providos
1006 4146 1041 4208 et
1055 4141 1288 4226 multiplicibus
1303 4141 1507 4206 illusionibus
1522 4142 1691 4226 deceptos.

439 4251 534 4316 simul
558 4272 631 4316 curn
654 4270 763 4314 rerum
787 4249 992 4333 proprietate
1015 4249 1126 4314 varios
1149 4270 1256 4314 nexus
1280 4248 1419 4314 sociales
1442 4247 1602 4331 paulatim
1619 4253 1690 4315 sta·

440 4358 521 4423 biles
550 4355 738 4434 invaluisse,
770 4359 901 4438 sumptu
930 4355 1109 4420 communis
1132 4354 1296 4420 libertatis
1319 4357 1355 4420 et
1377 4353 1620 4436 aequalitatis3.
1646 4389 1689 4399 —

445 4493 470 4498 —
478 4493 503 4498 —
507 4491 680 4498 ...ρ-μ-
684 4489 749 4496 ..u-.-

531 4561 539 4592 ¹
562 4557 599 4625 ,0
618 4558 741 4612 homme!
769 4559 802 4612 de
821 4557 940 4628 quelque
967 4561 1078 4612 centres
1104 4575 1157 4626 qua
1183 4561 1213 4610 tu
1233 4556 1303 4620 sois,
1330 4555 1435 4625 quelles
1460 4573 1515 4626 qne
1538 4557 1628 4612 soient
1646 4563 1687 4612 tes

438 4649 575 4718 opinions,
602 4651 711 4710 decute;
738 4646 809 4700 voici
835 4649 881 4699 ton
907 4647 1019 4700 histoire
1045 4647 1110 4699 telle
1129 4663 1181 4715 que
1198 4645 1246 4716 j'ai
1265 4662 1312 4698 cru
1339 4645 1366 4698 la
1383 4643 1448 4710 lire,
1474 4663 1528 4700 non
1553 4645 1621 4700 dans
1645 4647 1685 4700 les

438 4737 523 4790 livres
542 4737 575 4790 de
594 4740 636 4790 tes
655 4735 818 4790 semblables
837 4735 883 4802 qui
902 4739 965 4790 sont
984 4738 1137 4798 menteurs,
1156 4736 1227 4788 mais
1245 4733 1314 4788 dans
1332 4733 1360 4787 la
1377 4737 1475 4788 nature
1494 4734 1542 4804 qui
1559 4753 1593 4788 ne
1611 4743 1684 4789 ment

435 4825 560 4894 jamais.“
600 4825 731 4878 Discours
750 4841 797 4876 sur
816 4823 941 4889 l'origine
961 4823 994 4876 de
1013 4823 1163 4891 l’indgalite
1182 4827 1242 4886 etc,
1262 4822 1384 4876 Londres
1404 4822 1481 4883 1782,
1501 4841 1527 4892 p.
1547 4825 1590 4878 59.

528 4912 687 4967 'Disoours
707 4929 754 4966 sur
773 4911 896 4979 l'origine
916 4915 967 4966 etc.
989 4909 1035 4965 1δη
1054 4913 1142 4981 partie
1161 4929 1185 4982 p.
1207 4912 1250 4966 62.

529 5001 596 5056 ³1b.
618 5001 657 5054 2⁶·
676 5001 762 5071 partie
782 5019 807 5070 p.
830 5001 877 5054 121
893 5017 953 5070 sqq.
