3909 5842
632 660 702 725 Quid
723 666 752 717 et
770 660 919 732 quotuplex
938 661 1131 717 voluntarium.
1463 666 1504 731 65

251 836 349 918 (boni
371 836 623 921 appetitionem)
638 841 698 904 aut
713 838 756 903 ad
771 838 878 903 odium
895 837 989 920 (mali
1005 836 1226 921 aversionem)
1242 838 1450 907 reducuntur.
1462 876 1507 890 --

251 944 456 1027 inoperatum
471 946 620 1021 vocatur,
641 944 727 1025 quod
743 964 765 1009 a
780 944 953 1011 voluntate
968 965 1033 1009 non
1049 944 1237 1011 immediate
1253 944 1424 1024 efficiente,
1449 944 1505 1009 sad

253 1052 436 1134 irnpcrontc
456 1050 615 1134 procedit,
640 1055 674 1116 et
698 1050 789 1115 cuius
807 1050 902 1133 proin
918 1050 1113 1135 principium
1130 1050 1314 1135 proximum
1331 1054 1382 1117 est
1398 1050 1508 1133 aliqua

252 1156 409 1237 potentia
430 1156 503 1223 sive
524 1157 656 1223 animae
679 1157 750 1222 aive
773 1156 919 1240 corporis
942 1156 1108 1223 voluntati
1127 1156 1350 1241 physiologice
1366 1156 1506 1223 subdita.

347 1262 450 1328 Porro
478 1262 513 1327 in
543 1267 621 1329 actu
650 1262 838 1329 voluntario
863 1266 965 1329 elicito
989 1262 1137 1346 (amoris)
1162 1264 1245 1329 varii
1269 1263 1506 1345 quodammodo

253 1368 382 1448 gradus
390 1372 559 1453 tamquam
571 1369 709 1435 totidem
721 1372 867 1455 impliciti
877 1378 967 1435 adue
979 1372 1135 1455 partiales
1147 1369 1348 1435 considerari
1358 1372 1506 1453 possunt,

254 1475 373 1556 quales
401 1480 477 1559 post
507 1476 540 1542 S.
564 1476 745 1541 'l'homam¹
775 1496 836 1541 sex
865 1476 1030 1541 recenseri
1062 1478 1185 1553 solent;
1217 1480 1251 1543 et
1273 1478 1342 1541 tres
1366 1474 1506 1558 quidem,

254 1580 312 1662 qui
342 1580 432 1647 circa
452 1584 547 1667 finem
571 1585 763 1648 vereantur:
794 1581 918 1659 volitio,
942 1581 1092 1657 intentio,
1117 1581 1245 1659 fruitio;
1269 1585 1339 1647 tres
1362 1581 1427 1658 alii,
1453 1581 1508 1663 qui

255 1688 365 1751 aredio
390 1688 431 1753 ad
454 1688 551 1753 finem
574 1686 770 1771 respiciunt:
794 1708 982 1766 consensus,
1007 1688 1133 1767 electio,
1159 1710 1246 1755 usus.

348 1794 461 1861 Volitio
485 1793 603 1878 quippe
627 1794 764 1859 denotat
786 1793 966 1878 simplicem
982 1816 1125 1861 amorem
1142 1795 1225 1873 finis,
1250 1794 1507 1879 praescindendo

255 1921 276 1963 a
298 1898 428 1978 mediis,
451 1920 537 1983 quae
561 1898 603 1966 ad
626 1898 718 1965 illum
742 1900 945 1983 conducaut;
969 1920 1071 1983 quare
1094 1905 1128 1967 et
1156 1900 1342 1979 ,velleitas“
1371 1901 1506 1979 dicitur;

256 2008 393 2071 intentio
419 2011 470 2073 est
498 2006 585 2073 idem
615 2027 709 2073 amor
737 2006 822 2084 finis,
852 2008 911 2072 sed
933 2006 999 2073 iam
1024 2008 1140 2091 efficax
1163 2012 1197 2074 et
1220 2008 1410 2075 coniunctus
1434 2029 1506 2073 oum

256 2111 405 2195 positiva
427 2112 605 2179 directione
627 2112 661 2178 in
677 2114 785 2179 media
799 2113 848 2179 illi
863 2114 1091 2197 consequendo
1107 2114 1368 2192 accommodata3
1391 2114 1507 2198 fruitio

257 2222 399 2285 vocatur
421 2218 591 2301 gaudium,
611 2218 697 2300 quod
719 2220 794 2285 finis
817 2218 920 2285 amati
943 2219 1181 2285 assecutionem
1207 2240 1245 2285 ac
1268 2220 1507 2304 possessionem

258 2325 469 2392 comitatur2.

347 2432 386 2497 In
417 2431 530 2497 ordine
559 2436 671 2499 autem
694 2432 736 2498 ad
759 2434 868 2498 inedia
890 2454 1074 2499 consensum
1099 2432 1269 2517 appellant
1291 2436 1411 2510 actum,
1442 2452 1506 2515 quo

258 2539 414 2605 voluntas
437 2560 479 2604 ex
501 2539 678 2623 propositis
693 2540 807 2605 mediis
824 2539 956 2622 aliquod
974 2540 1040 2606 iam
1056 2540 1218 2625 approbat
1234 2543 1268 2607 et
1283 2559 1356 2605 sese
1371 2538 1507 2605 inclinat

258 2645 387 2710 adhoc
411 2646 520 2729 potius
544 2666 642 2728 quam
666 2646 754 2711 aliud
779 2645 982 2729 eligendum:
1007 2667 1200 2713 consensum
1223 2646 1370 2728 sequitur
1394 2648 1506 2729 electio,

257 2751 278 2817 i.
302 2772 331 2819 e.
356 2750 498 2819 actualis
521 2751 751 2819 determinatio
775 2753 955 2819 voluntatis
971 2753 1013 2818 ad
1029 2752 1258 2819 assumendum
1275 2774 1372 2817 unum
1390 2750 1508 2819 ceteris

259 2857 406 2934 omissis3
430 2880 508 2924 uana
532 2857 671 2940 deniqne
694 2857 814 2925 dicitur
836 2863 940 2936 actus,
965 2878 1029 2940 quo
1052 2859 1286 2925 voluntasiam
1303 2857 1457 2943 seipsam
1474 2861 1508 2923 et

259 2964 426 3047 potentias
449 2964 511 3029 sibi
530 2964 678 3031 subditae
702 2964 878 3032 actualiter
903 2966 1049 3049 applicat
1072 2966 1113 3032 ad
1136 2964 1277 3031 medium
1298 2966 1437 3033 electum
1454 2984 1507 3031 as·

259 3071 454 3136 sumendum
463 3071 486 3136 ³.

261 3210 309 3280 84.
401 3210 436 3294 b)
462 3211 640 3295 Perfectum
670 3216 705 3278 et
733 3212 963 3297 imperfectum,
995 3216 1093 3295 prout
1115 3230 1135 3276 a
1158 3212 1331 3278 voluntate
1360 3212 1508 3294 procedit

261 3339 333 3383 cum
358 3317 546 3401 cognitione
569 3316 643 3382 finis
667 3321 702 3382 et
725 3317 1045 3383 circumstantiarum
1069 3316 1219 3401 perfecta
1235 3317 1288 3383 vel
1304 3317 1506 3401 imperfecta.

262 3424 323 3489 Pro
353 3424 462 3507 gradu
491 3423 618 3489 scilicet
647 3422 742 3489 huius
765 3423 961 3505 cognitionis
984 3428 1056 3491 tota
1079 3424 1165 3491 ratio
1189 3424 1376 3503 voluntarii,
1408 3423 1507 3489 etiam

262 3530 368 3612 quoad
392 3530 534 3595 alterum
558 3528 610 3593 sui
632 3528 840 3607 elementum,
865 3528 952 3611 quod
974 3528 1005 3595 ei
1028 3548 1070 3593 ex
1094 3528 1275 3595 voluntatis
1298 3528 1508 3595 inclinatione

262 3638 400 3714 accedit,
423 3635 572 3720 perfecta
595 3638 654 3701 ant
675 3635 869 3719 imperfecta
892 3636 964 3701 erit.
996 3634 1082 3701 Nam
1107 3635 1139 3701 in
1162 3634 1347 3719 cognitione
1363 3635 1507 3701 condicio

262 3748 296 3808 et
317 3741 456 3808 directio
479 3741 683 3825 appetitivae
705 3741 926 3807 inclinationis
949 3742 1014 3807 sita
1037 3746 1098 3808 est.

264 3878 310 3950 85.
403 3884 434 3963 c)
458 3882 622 3947 Dircctnm
645 3885 680 3947 et
703 3883 906 3949 indirectum.
945 3882 1176 3949 Voluntarium
1201 3884 1354 3949 directum
1378 3882 1508 3967 (volun-

262 3987 380 4053 tarium
404 3990 441 4053 in
464 3986 510 4070 se)
533 3990 681 4067 vocatur,
712 3988 798 4070 quod
827 3988 876 4053 ita
906 4010 926 4053 a
956 3989 1128 4057 voluntate
1158 3988 1314 4073 procedit,
1345 3992 1382 4055 ut
1412 3989 1507 4055 simul

352 4195 360 4227 ¹
380 4194 407 4248 S.
425 4193 509 4248 theol.
531 4196 553 4261 l,
572 4196 597 4259 2,
617 4212 643 4264 q.
662 4195 679 4248 8
699 4196 775 4263 (ante
794 4195 886 4265 artic.)
905 4201 934 4251 et
952 4214 978 4265 q.
1000 4198 1032 4250 13
1054 4196 1128 4265 (ante
1148 4196 1248 4265 artic).

350 4285 361 4318 ²
382 4282 534 4349 ,Voluntas
557 4283 670 4353 respicit
688 4282 771 4337 finem
791 4284 947 4354 tripliciter:
974 4286 1034 4339 Uno
1054 4286 1131 4339 modo
1151 4284 1283 4351 absolute,
1303 4290 1330 4339 et
1349 4285 1390 4339 eie
1409 4285 1509 4340 dieitur

264 4372 394 4440 colamus,
418 4375 500 4441 prout
523 4370 647 4426 absolute
665 4372 793 4427 volumus
811 4374 857 4427 vel
882 4373 1030 4428 sanitatem
1048 4374 1094 4427 vol
1119 4373 1142 4427 ei
1168 4374 1233 4443 quid
1258 4373 1331 4428 aliud
1351 4378 1394 4428 eat
1418 4374 1509 4429 huiua-

265 4460 341 4515 modi.
377 4460 441 4514 Alio
460 4459 538 4514 modo
557 4460 745 4515 consideratur
762 4462 840 4527 linis,
865 4463 1013 4516 secundnm
1033 4462 1104 4530 qnod
1123 4463 1151 4515 in
1170 4479 1202 4515 eo
1221 4460 1385 4531 quiescitur3
1411 4465 1438 4515 et
1457 4461 1509 4517 hoc

265 4549 340 4603 modo
356 4550 458 4615 fmilia
482 4549 595 4619 respicit
618 4548 709 4605 finem
745 4550 837 4605 Tertio
863 4551 942 4605 modo
960 4551 1148 4606 consideratur
1166 4550 1244 4613 finis,
1269 4550 1418 4605 secundum
1437 4551 1508 4620 quod

265 4640 306 4689 at
322 4638 456 4691 terminus
473 4636 598 4702 alienius,
616 4638 687 4707 quod
706 4638 734 4693 in
752 4640 841 4709 ipsum
861 4640 1016 4703 ordinatum
1037 4644 1065 4694 et
1082 4641 1123 4693 aie
1140 4643 1253 4693 intentio
1271 4639 1383 4710 respicit
1400 4640 1506 4695 linem*

269 4726 289 4786 1,
306 4728 331 4791 2,
349 4743 377 4795 q.
397 4727 440 4791 12,
458 4742 484 4780 a.
505 4728 517 4780 l
539 4727 575 4781 ad
592 4729 619 4781 4.

351 4816 363 4847 ⁸
381 4816 443 4883 ,Uti
467 4818 511 4868 eat
528 4815 667 4885 applicare
685 4814 794 4883 aliquod
812 4816 975 4887 principium
995 4816 1111 4871 actionis
1130 4817 1165 4871 ad
1184 4816 1332 4881 actionem,
1357 4818 1430 4871 sicut
1448 4834 1509 4871 con·

266 4903 359 4956 semite
377 4906 421 4957 eet
438 4903 577 4974 applicare
595 4908 698 4959 motum
717 4906 899 4975 appetitivum
918 4906 952 4959 ad
971 4905 1074 4974 aliquid
1093 4906 1298 4975 appetendum!
1334 4906 1357 4971 1,
1377 4906 1401 4971 2,
1420 4924 1446 4976 q.
1468 4908 1509 4971 16,

269 4990 402 5046 atta

316 5085 420 5140 lleyar.
434 5088 474 5131 lae
487 5088 599 5133 naturale.
622 5090 640 5133 l.
661 5088 701 5130 uu
716 5090 736 5132 2.
1285 5084 1301 5136 5
