3909 5842
718 677 759 734 De
781 679 927 751 ‚principio
945 678 1137 734 moralitatis‘.
1485 685 1547 749 143

296 857 475 942 sapientia,
500 856 772 940 quemadmodum
794 855 834 923 iis
850 857 1012 942 opposita,
1035 857 1151 922 vitium
1168 861 1204 924 et
1219 857 1372 935 stultitia,
1387 858 1549 943 1010110-

297 965 426 1031 miscuo
442 963 658 1048 accipinutur.
694 963 899 1048 ,Sapientia'
919 984 1018 1047 super
1033 984 1146 1029 omues
1161 964 1261 1030 anirni
1276 965 1415 1030 affectus
1429 963 1550 1048 (naida)

297 1092 361 1154 per
389 1071 551 1154 quandam
579 1069 878 1154 impossibilitatem
902 1068 1091 1151 (ἀπάθειαν)
1114 1070 1285 1136 dominans
1307 1071 1473 1147 elevatum
1498 1074 1549 1136 at·

298 1197 365 1259 que
396 1177 444 1243 ita
474 1177 572 1244 0111111
599 1177 785 1260 felicitatem
815 1176 848 1242 in
879 1176 1058 1261 semetipsa
1088 1177 1244 1260 possidet,
1274 1197 1359 1259 quae
1388 1176 1549 1242 111110111-

298 1282 394 1348 fluxu
424 1283 634 1368 pathologico
665 1284 736 1350 sive
767 1283 887 1350 doloris
917 1283 988 1350 sive
1017 1283 1199 1366 voluptatis
1230 1283 1395 1349 ullatenus
1423 1282 1550 1348 turbari

299 1395 360 1456 aut
383 1388 478 1472 tangi
500 1390 605 1474 possit
615 1393 635 1458 ¹.

393 1497 544 1564 Scholam
567 1497 706 1562 stoicam
728 1495 816 1562 inter
832 1496 971 1562 Graecos
993 1495 1225 1562 continuarunt
1243 1495 1419 1580 praecipue
1434 1495 1551 1562 Clean-

299 1599 387 1678 thea,
411 1603 550 1670 Zenonis
573 1603 606 1668 in
627 1601 818 1686 magisterio
833 1623 1014 1682 successor,
1036 1601 1211 1686 Sphaerus,
1232 1601 1442 1688 Chrysippus,
1462 1603 1550 1669 Zeno

299 1707 485 1788 Tarsensis,
510 1709 675 1792 Diogenes
698 1708 909 1793 Babylonius
935 1708 1121 1792 Antipater,
1145 1707 1334 1786 Panaetius,
1357 1708 1552 1775 Posidonius

298 1814 439 1898 aliique:
464 1816 551 1900 apud
575 1818 736 1882 Romanos
760 1837 781 1882 a
803 1814 908 1900 primo
932 1820 1009 1898 post
1031 1815 1196 1882 Christum
1219 1815 1370 1881 saeculo:
1394 1816 1550 1882 Annaeus

299 1921 483 2000 00111110,
516 1922 649 1988 Persius
681 1922 835 2000 FlaccuS,
868 1920 1025 1988 Annaeus
1058 1921 1199 2000 Seneca,
1232 1922 1401 1988 Musonius
1434 1922 1549 2000 Rufus,

299 2029 476 2114 Epictetus
500 2050 625 2108 servus,
650 2029 781 2096 Marcus
804 2028 958 2095 Aurelius
982 2028 1172 2112 imperator,
1197 2028 1262 2094 alii.

393 2136 544 2202 Ceterum
573 2135 660 2203 inter
689 2135 778 2221 ipsos
801 2133 923 2202 stoicos
947 2157 1012 2202 non
1036 2136 1150 2202 deerat
1173 2135 1361 2219 opinionum
1384 2135 1550 2201 dissensus

300 2247 338 2308 01
369 2263 522 2310 01000001
554 2242 712 2328 temporis
741 2242 915 2327 multiplex
945 2241 1098 2321 variatio,
1130 2242 1182 2308 cui
1211 2242 1263 2307 101
1293 2242 1400 2326 ipsum
1429 2262 1550 2324 vagum

300 2348 497 2414 vocabulum
526 2352 681 2428 ,natura“
709 2369 824 2414 ansam
847 2347 1009 2434 praebuit.
1056 2348 1238 2432 Propterea
1260 2349 1377 2414 mirum
1400 2367 1464 2412 nou
1488 2349 1549 2423 est,

301 2455 390 2536 quod
421 2475 442 2522 a
472 2457 613 2539 superba
642 2455 700 2521 illa
723 2454 859 2522 virtutis
882 2454 1086 2520 sublimitate
1108 2475 1174 2520 uon
1196 2475 1272 2520 raro
1296 2454 1423 2538 reliqua
1446 2452 1551 2538 philo·

301 2559 439 2645 sophiae
454 2560 580 2627 stoicae
596 2561 791 2628 documenta
808 2561 994 2638 demando,
1012 2560 1052 2625 de
1068 2561 1178 2626 anima
1193 2561 1337 2626 humana
1353 2565 1415 2626 010.
1432 2559 1551 2625 misere

302 2667 526 2742 dissonarent,
560 2671 607 2745 et,
640 2667 867 2734 naturalistieo
900 2666 1146 2745 materialismo,
1179 2667 1356 2745 fatalismo,
1390 2665 1551 2732 atheismo

302 2773 396 2838 varie
413 2773 548 2851 imbuta,
566 2793 694 2838 omnem
711 2772 883 2839 rationalis
899 2776 1038 2838 naturae
1051 2773 1246 2856 dignitatem
1262 2795 1335 2838 cum
1352 2772 1421 2839 aius
1433 2772 1550 2839 funda-

302 2883 415 2946 mento
439 2879 657 2946 destruerent.
694 2879 789 2964 Apud
813 2879 1014 2963 posteriores
1036 2879 1158 2946 stoicos
1180 2880 1338 2946 nonnulla
1360 2878 1460 2946 etiam
1484 2879 1550 2944 ele·

302 2989 418 3052 menta
447 2989 632 3064 occurrunt,
664 3005 748 3068 quae
778 2985 991 3068 evangelicae
1021 2985 1190 3052 doctrinae
1217 2985 1360 3069 vestigia
1383 2985 1469 3051 haud
1493 2986 1550 3060 011,-

301 3112 400 3157 soura
423 3092 601 3160 0011111011.

303 3231 369 3302 170.
461 3233 496 3314 b)
520 3233 722 3317 Principium
753 3233 876 3298 scholae
905 3234 1090 3299 hostiense.
1132 3233 1310 3298 Immanael
1333 3231 1425 3297 Kont
1448 3231 1550 3313 (1721

303 3339 346 3406 ad
370 3339 480 3422 1804),
509 3339 661 3417 ,criticae
683 3339 925 3424 philosophiae*
953 3360 1051 3422 quam
1075 3341 1197 3405 vocant
1220 3343 1337 3404 auctor
1359 3341 1460 3418 atque
1475 3337 1550 3402 inde

303 3467 411 3512 novae
443 3451 519 3530 post
542 3447 696 3512 Wolfium
729 3448 862 3514 scholae
894 3447 963 3513 late
996 3467 1055 3530 per
1078 3445 1286 3512 Germaniam
1316 3443 1550 3510 invalescentis

303 3559 414 3637 caput,
448 3553 640 3619 recentioris
671 3554 795 3640 pariter
824 3552 1022 3620 evolutiouis
1056 3551 1298 3637 ,philosophiae
1320 3549 1546 3634 germanica&

302 3659 480 3744 primarius
509 3664 617 3726 motor
649 3666 683 3728 et
713 3659 805 3744 quasi
837 3659 1074 3743 antesignanus
1104 3657 1244 3724 emtitit.
1291 3656 1550 3740 Peremptoriam

303 3767 502 3832 solutionem
532 3787 693 3850 quaerens
724 3765 985 3842 controversiae,
1020 3785 1086 3847 qua
1114 3763 1318 3830 idealismum
1349 3763 1486 3830 00110011
1516 3769 1551 3830 01

303 3871 527 3956 empirismum
550 3873 664 3938 Lookii
688 3893 760 3938 sese
785 3877 897 3940 mutuo
920 3873 1114 3956 impugnare
1137 3876 1238 3953 atque
1261 3870 1436 3936 excludere
1459 3869 1551 3935 vide·

303 3979 372 4056 hat,
397 3977 569 4044 universos
584 3979 747 4044 humanae
763 3977 958 4062 cognitionis
969 3978 1080 4044 fontes
1092 3977 1374 4060 cognoscendique
1385 3975 1551 4060 potentias

303 4107 391 4151 novo
423 4083 536 4152 critico
565 4085 708 4152 examini
732 4085 881 4152 subicere
905 4105 1084 4168 aggressus
1107 4085 1190 4151 0011.
1231 4083 1466 4148 Verumtamen
1490 4081 1551 4146 hoc

397 4305 405 4336 ¹
425 4301 553 4356 Historici
573 4305 659 4356 testes
678 4303 817 4356 doctrinae
835 4305 958 4356 veterum
972 4302 1119 4355 stoicorum
1137 4302 1247 4369 preater
1264 4315 1375 4368 operum
1388 4299 1551 4367 fragments,

304 4411 375 4462 quae
392 4394 547 4463 supersunt,
566 4391 700 4462 imprimis
712 4391 847 4446 recenseri
859 4394 1012 4444 merentur:
1033 4390 1126 4446 Cicero
1139 4387 1271 4457 (Tuscul,
1289 4387 1330 4442 De
1342 4387 1422 4451 offic,
1441 4385 1481 4440 De
1494 4391 1550 4442 nat.

305 4481 424 4544 deorum,
444 4479 571 4547 Delia).
605 4483 685 4549 Diop.
705 4481 795 4534 Laert.
815 4479 834 4533 l.
854 4481 878 4533 7.
910 4479 1083 4547 Plutarchus,
1102 4478 1239 4544 Stolones,
1258 4494 1308 4530 nec
1326 4493 1378 4530 nou
1398 4475 1550 4546 complures

305 4589 319 4623 e
338 4569 462 4640 patribus
482 4573 510 4623 01
528 4569 706 4639 scriptoribus
725 4567 932 4634 ecclesiasticis,
958 4571 990 4622 ut
1011 4569 1128 4621 Clemens
1147 4567 1355 4620 Alexandrinus
1375 4564 1484 4632 (Strom.
1503 4563 1551 4630 11),

308 4661 434 4726 Oripenes
448 4656 554 4724 (contra
568 4656 651 4725 Cels.)
666 4655 775 4725 aliique.
795 4687 828 4697 —
848 4655 889 4709 De
902 4655 995 4709 eodem
1008 4657 1170 4722 argumento
1184 4653 1267 4707 etiarn
1280 4653 1439 4707 recentioris
1451 4654 1551 4707 aetatis

306 4747 461 4800 litteratura
477 4749 570 4800 exstat
582 4745 732 4807 uberrima;
752 4743 921 4798 nominamus
934 4743 953 4797 i.
966 4761 1005 4797 a.:
1028 4744 1200 4811 Tiedemcnn,
1219 4742 1328 4812 Systom
1348 4742 1395 4795 der
1413 4739 1551 4795 stoischan

306 4833 488 4905 Philosophia,
508 4833 601 4900 esee,
621 4832 732 4904 Leipzig
753 4835 830 4888 1776.
855 4835 951 4901 Zeller,
971 4830 1146 4900 Philosophia
1164 4829 1431 4884 (101(1111101101111Ι
1446 4830 1550 4897 (1865).

395 4925 406 4958 ²
426 4923 464 4978 Εο
483 4923 615 4993 imprimis
634 4923 773 4993 pertinent
792 4923 850 4976 elus
869 4939 965 4992 opera:
993 4919 1085 4974 Kritik
1105 4920 1152 4972 der
1170 4919 1263 4973 reiuan
1283 4918 1419 4972 Vornnuft
1438 4917 1548 4986 (1781);

305 5012 396 5067 11111111
416 5011 464 5066 001
482 5011 655 5082 praktischen
675 5011 812 5065 Varnunft
832 5009 942 5078 (1788);
964 5008 1055 5063 Krltik
1074 5009 1121 5062 der
1141 5006 1318 5063 Urtcilslrralt
1339 5007 1444 5075 (1790).
