3909 5842
790 720 830 775 Dc
848 722 916 776 iuris
934 720 1089 791 partitione.
1499 722 1565 787 483

320 916 545 980 quaecumque
566 896 640 979 lege
664 896 806 963 naturali
829 896 1074 982 praecipiuntur
1097 899 1155 961 aut
1170 900 1335 974 vetantur,
1359 901 1437 963 sunt
1451 900 1567 965 intrin-

320 1024 388 1068 sece
410 1001 559 1083 adeoque
581 1001 721 1067 obsolute
743 1002 830 1067 bona
853 1006 912 1068 aut
934 1002 1039 1078 mala;
1063 1004 1098 1067 et
1113 1000 1186 1065 ideo
1202 1021 1287 1083 quae
1301 1001 1384 1068 talia
1398 1024 1464 1069 nou
1480 1009 1567 1081 sunt,

320 1130 342 1174 a
364 1108 481 1175 stricto
503 1107 574 1172 iure
596 1112 737 1173 naturae
760 1107 1036 1192 distinguuntur¹.

321 1246 389 1319 572.
480 1248 518 1315 B.
535 1250 592 1314 ica
607 1250 757 1315 naturale
770 1256 798 1315 et
810 1250 981 1335 positivam
996 1249 1170 1314 secundum
1185 1252 1402 1334 acceptionem,
1419 1272 1500 1335 quoe
1516 1272 1567 1316 re·

321 1358 441 1421 centias
456 1352 540 1438 (sere
551 1378 571 1419 o
585 1358 709 1421 soeculo
722 1354 835 1436 XVII)
852 1358 998 1421 incoluit.
1022 1354 1115 1420 Haec
1131 1354 1252 1421 omissa
1267 1360 1416 1421 vetorum
1433 1355 1568 1422 distinc-

321 1460 411 1527 tione
440 1461 527 1527 inter
556 1460 606 1527 ius
636 1461 788 1527 naturale
812 1464 846 1527 et
868 1460 1026 1543 gentium,
1057 1464 1231 1544 utrumque
1254 1460 1417 1527 communi
1439 1461 1569 1527 nominc

324 1568 406 1631 iuris
436 1570 598 1633 naturalia
629 1566 883 1653 comprehcndit,
914 1566 1054 1651 pristino
1076 1566 1141 1633 iuri
1162 1566 1328 1650 gentium“
1356 1570 1569 1634 tornaturae

323 1676 421 1739 latios
452 1675 570 1738 dictum
597 1674 800 1740 substituens
823 1678 858 1739 et
881 1679 1018 1740 eatenus
1041 1672 1198 1740 ambitum
1222 1674 1302 1738 iuris
1325 1672 1459 1757 positivi
1481 1673 1570 1739 intra

323 1778 481 1845 arctiores
503 1778 625 1846 limites
648 1779 861 1863 restringens.

415 2042 424 2073 ¹
443 2041 568 2097 Ceterum
595 2042 623 2095 in
649 2059 682 2095 ea
707 2060 736 2095 rs
755 2042 781 2097 S.
801 2041 919 2096 Thomas
945 2042 1067 2110 vestigia
1089 2043 1213 2111 sequitur
1231 2041 1259 2095 S.
1277 2042 1389 2107 Isidori,
1416 2045 1463 2112 qui
1487 2043 1570 2097 simili

324 2128 428 2183 ratione
454 2130 496 2183 ius
521 2130 643 2197 gentium
663 2147 680 2184 a
700 2130 756 2184 iure
782 2134 896 2184 naturae
923 2129 1081 2198 distinguit,
1108 2131 1220 2199 eiusque
1245 2131 1436 2184 auctoritatem
1461 2132 1571 2187 invocat

325 2217 441 2271 dicentis
462 2216 566 2289 (Etym.
585 2218 610 2271 V
628 2220 676 2286 dl:
705 2218 767 2284 „Ius
785 2222 833 2272 sut
858 2218 984 2272 naturale
1003 2222 1047 2271 est
1064 2221 1113 2271 aut
1131 2218 1211 2272 civile
1230 2221 1279 2272 aut
1297 2219 1443 2286 gentium‘
1481 2218 1571 2273 Huius

324 2310 415 2361 antem
434 2324 531 2361 nomeu
549 2306 612 2360 inde
631 2306 764 2377 explicat,
790 2307 862 2375 quod
884 2324 930 2372 ‚eo
949 2308 1008 2361 iure
1027 2324 1120 2361 omnes
1138 2307 1196 2361 fere
1215 2311 1312 2376 gentes
1329 2309 1468 2372 utuntur‘‚
1494 2308 1571 2363 cuius

325 2396 478 2466 exemplum
497 2397 577 2449 affert
597 2396 716 2462 „aedium
736 2396 966 2466 occupationem“‚
994 2396 1013 2449 i.
1031 2412 1055 2449 e.
1074 2414 1165 2449 rerum
1182 2398 1376 2467 proprietatem
1397 2397 1427 2464 (l.
1446 2414 1470 2452 c.
1489 2414 1512 2451 c.
1531 2398 1570 2466 6).

325 2482 433 2537 Arctior
456 2486 547 2537 autem
570 2482 619 2537 illa
645 2482 767 2537 definitio
790 2500 807 2536 a
831 2482 1033 2537 iurisconsultis
1060 2483 1179 2537 romanis
1196 2484 1313 2546 tradita,
1338 2500 1393 2553 qua
1418 2484 1446 2537 id
1464 2488 1571 2538 tautum

325 2574 368 2625 ius
385 2574 512 2625 naturale
529 2570 713 2641 appellabant,
732 2571 804 2639 quod
824 2572 962 2641 „omnibus
981 2570 1171 2639 ontmcltbue“,
1190 2574 1233 2625 isco
1249 2575 1382 2640 peritiam,
1401 2572 1472 2641 quod
1491 2574 1572 2643 „sotio

326 2660 478 2714 bonsinitas
497 2664 568 2712 inter
585 2676 612 2712 ec
630 2656 782 2711 commune⁴‘
802 2663 837 2711 ait
856 2658 897 2727 (et
921 2676 975 2727 qua
996 2658 1147 2713 Hobbesius
1166 2658 1201 2712 ed
1225 2659 1382 2727 fingendum
1400 2676 1480 2713 suum
1502 2664 1571 2724 ‚sta-

326 2752 385 2803 tum
404 2749 532 2802 naturae*
554 2746 702 2801 belluinum
729 2747 831 2801 abusae
850 2764 910 2801 esse
930 2747 1066 2815 videtur),
1092 2746 1155 2801 eS.
1173 2746 1277 2801 Thoma
1303 2766 1391 2817 nequa
1409 2750 1575 2819 approbatur

325 2852 413 2905 neque
438 2836 510 2889 omni
536 2838 668 2905 exparte
693 2835 818 2897 reicitur;
846 2852 905 2889 eam
931 2835 1022 2905 potius
1047 2836 1086 2888 ita
1112 2836 1170 2905 ipse
1193 2835 1368 2906 interpretari
1391 2839 1505 2891 conatus
1523 2843 1573 2903 est,

326 2927 357 2977 ut
381 2924 439 2977 fere
464 2922 498 2976 ad
523 2938 602 2975 suam
627 2923 791 2976 senteutiam
817 2926 967 2977 revocaret.
1004 2922 1106 2977 Scribit
1130 2922 1202 2977 anim
1230 2922 1330 2991 (Ethio.
1356 2923 1396 2988 V,
1420 2923 1484 2980 lect.
1511 2925 1574 2993 12):

330 3012 461 3077 „luristae
487 3010 554 3065 illud
579 3013 686 3065 tantum
713 3010 806 3065 dicunt
830 3011 873 3066 ius
898 3012 1039 3077 naturale,
1069 3012 1141 3081 quod
1171 3012 1346 3081 consequitur
1371 3012 1573 3068 inclinationem

327 3104 441 3153 naturae
460 3099 609 3153 communis
627 3099 730 3153 bomini
756 3104 784 3153 et
802 3100 864 3155 aliis
883 3100 1061 3166 animalibus,
1086 3100 1159 3155 sicut
1177 3101 1329 3155 coniunctio
1348 3102 1432 3155 maris
1451 3104 1480 3155 et
1497 3102 1573 3155 femi·

326 3205 391 3253 nae,
419 3187 541 3241 educatio
566 3191 689 3241 natorum
711 3191 739 3241 et
756 3188 810 3242 alia
829 3188 994 3251 huiusmodi;
1020 3188 1088 3241 illud
1107 3190 1199 3241 autem
1218 3188 1276 3253 ius,
1302 3189 1374 3257 quod
1399 3190 1574 3258 concoquitur

327 3276 462 3346 propriam
482 3274 684 3329 inclinationem
703 3280 816 3329 naturae
835 3276 984 3340 humanae,
1011 3276 1040 3329 in
1059 3280 1190 3345 quantum
1209 3276 1315 3331 scilicet
1332 3276 1411 3330 bomo
1430 3282 1473 3331 est
1490 3278 1572 3331 ratio-

327 3364 389 3419 nale
408 3364 516 3430 animal,
535 3370 636 3419 vocant
654 3366 767 3420 iuristae
786 3367 829 3419 ius
847 3365 978 3433 gentium,
998 3364 1063 3433 quia
1081 3382 1114 3418 eo
1132 3382 1227 3419 omnes
1243 3368 1340 3433 gentes
1358 3370 1480 3431 utuntur,
1499 3366 1572 3420 sicut

326 3454 397 3522 quod
416 3458 498 3523 pacta
515 3454 573 3508 sint
596 3454 732 3508 servanda
757 3458 785 3507 et
803 3455 875 3524 quod
900 3453 985 3521 legati
1004 3454 1076 3524 apud
1095 3453 1189 3509 hostes
1213 3454 1270 3509 sint
1287 3454 1341 3507 tuti
1359 3459 1388 3508 et
1406 3454 1461 3508 alia
1479 3454 1572 3509 buius·

326 3542 407 3596 modi.
444 3542 596 3611 Utrumque
621 3546 712 3596 autern
731 3542 825 3597 horum
845 3542 1082 3613 comprehenditur
1100 3544 1151 3597 sub
1169 3544 1242 3597 iusto
1261 3543 1402 3597 naturali.‘
1430 3572 1465 3581 —
1491 3543 1572 3597 Vide·

327 3632 391 3685 licet
416 3631 461 3684 hic
488 3648 594 3701 quoque
619 3630 792 3700 aliquatenus
815 3632 869 3685 iam
895 3632 1087 3701 praesignatur
1112 3632 1172 3686 idea
1191 3632 1218 3686 S.
1238 3631 1372 3697 Thomas,
1398 3649 1453 3701 qua
1478 3632 1573 3687 distin·

326 3721 419 3787 guitur
437 3720 473 3783 id,
492 3720 563 3789 quod
582 3724 625 3773 est
641 3738 692 3789 per
709 3738 736 3773 sa
753 3723 866 3774 naturae
885 3720 1076 3789 adaequatum,
1094 3720 1129 3774 ab
1143 3738 1182 3785 eo,
1201 3721 1272 3789 quod
1285 3724 1431 3775 secundam
1443 3730 1573 3775 naturam

327 3808 444 3861 humano
471 3810 582 3861 collatio
609 3824 658 3861 seu
687 3808 809 3861 condicto
837 3808 999 3862 instituitur.
1043 3808 1085 3861 (tf.
1112 3812 1270 3879 praeterea,
1300 3824 1370 3877 quae
1398 3808 1424 3863 S.
1453 3809 1572 3865 Thomas

328 3894 477 3965 (Supplsm.
497 3912 523 3964 q.
543 3896 592 3959 65,
618 3912 643 3948 a.
665 3896 677 3948 l
698 3896 732 3949 ad
750 3896 780 3963 4)
808 3896 841 3949 de
865 3896 966 3965 triplici
992 3896 1191 3965 significatione
1212 3897 1296 3963 „iuris
1320 3898 1469 3952 naturalis‘
1491 3899 1573 3962 dicit;

326 4001 423 4055 nempe
441 3986 523 4037 tertia
541 3985 582 4037 sic
600 3984 697 4037 babet:
720 3984 827 4049 ,Tertio
846 3984 945 4039 dicitur
963 3986 1007 4039 ius
1025 3984 1151 4039 naturale
1168 4003 1222 4039 non
1234 3985 1323 4039 solum
1336 4002 1353 4038 a
1365 3986 1505 4056 principio,
1524 3988 1572 4041 sed

327 4091 343 4127 a
362 4074 490 4137 materia,
518 4074 582 4143 quia
601 4073 634 4127 ds
652 4073 823 4127 naturalibus
842 4078 898 4137 est,
925 4074 1035 4142 etquis
1052 4076 1151 4127 natura
1170 4077 1264 4127 contre
1282 4074 1414 4127 rationem
1433 4074 1573 4140 dividitur,

327 4178 417 4231 aqua
441 4162 520 4215 bomo
545 4166 589 4216 est
612 4161 700 4216 homo.
738 4162 800 4215 Ideo
826 4162 1000 4216 strictissimo
1019 4163 1097 4216 modo
1116 4163 1272 4233 accipiendo
1290 4162 1333 4215 ius
1351 4163 1490 4227 naturale,
1516 4164 1572 4229 illa,

327 4268 397 4321 quae
416 4252 450 4305 ad
468 4250 591 4305 homines
609 4256 715 4305 tantum
735 4251 886 4321 pertinent,
913 4252 965 4305 etsi
990 4252 1047 4305 sint
1072 4252 1106 4305 de
1125 4250 1270 4305 dictamine
1294 4252 1430 4305 naturalis
1450 4252 1572 4317 rationis,

327 4358 380 4394 non
399 4341 526 4395 dicuntur
545 4358 605 4393 ease
623 4340 657 4393 de
676 4340 734 4393 iure
753 4340 880 4404 naturali,
898 4343 944 4392 sed
963 4340 1014 4393 ilia
1030 4348 1144 4409 tontum,
1163 4356 1231 4409 quoe
1249 4342 1388 4393 nataralia
1404 4344 1478 4394 ratio
1489 4343 1573 4395 dictat

327 4432 359 4483 dc
377 4430 427 4497 tis,
447 4446 515 4497 quoa
531 4434 594 4481 erent
605 4429 708 4481 homini
720 4428 833 4496 aliisque
846 4432 997 4481 communio
1002 4447 1015 4493 ;
1032 4432 1061 4482 et
1071 4429 1113 4483 sio
1125 4428 1205 4481 datur
1217 4427 1291 4481 dicta
1304 4427 1432 4492 definitio,
1451 4428 1571 4485 scilicet:

331 4518 391 4583 „lus
409 4517 532 4571 naturale
552 4522 601 4581 ast,
621 4517 692 4585 quod
710 4522 808 4571 natura
827 4517 916 4571 omnia
935 4517 1064 4570 animalia
1076 4518 1179 4571 dooet‘
1200 4516 1294 4570 —De
1313 4534 1367 4585 qus
1386 4536 1417 4572 rs
1435 4522 1509 4573 recte
1527 4520 1572 4574 ob·

327 4610 422 4661 servat
440 4606 519 4659 Card.
538 4606 679 4673 Ziplioro:
705 4604 794 4670 „Quae
816 4620 833 4657 s
852 4603 879 4658 S.
898 4602 1003 4658 Thema
1028 4604 1205 4673 assignantur
1229 4607 1262 4657 ut
1283 4604 1388 4658 dictata
1411 4622 1429 4659 a
1453 4610 1572 4663 naturali

327 4698 432 4750 ratione
452 4694 537 4761 (lege)
558 4697 587 4746 et
608 4692 724 4760 „homini
743 4693 860 4761 aliisque
879 4694 1047 4747 communis·
1069 4692 1208 4758 dicuntur,
1226 4692 1295 4747 talia
1313 4696 1377 4747 sunt
1394 4696 1499 4750 ratione
1516 4716 1573 4752 mc·

327 4786 411 4838 terico
429 4802 481 4837 non
500 4782 606 4837 ratione
624 4783 798 4848 obiectorum,
824 4782 850 4835 h.
870 4799 894 4836 e.
913 4783 1067 4837 communia
1084 4782 1189 4835 ratione
1207 4782 1349 4836 absolutae
1367 4786 1572 4842 convenientiae

327 4888 376 4925 seu
395 4870 593 4925 conformitatis
611 4888 672 4924 cnm
690 4874 790 4924 natura
808 4871 917 4941 propria
935 4870 1061 4935 bominis,
1080 4870 1151 4925 sicut
1169 4870 1250 4925 bruta
1268 4888 1317 4941 per
1329 4873 1372 4926 ius
1383 4877 1498 4929 naturae
1510 4876 1572 4931 diri·

328 4963 430 5027 guntur
455 4960 482 5011 in
508 4959 614 5012 obiecta
638 4958 762 5012 absoluta
788 4958 977 5012 convenientia
1003 4976 1094 5013 eorum
1120 4962 1234 5013 naturae
1258 4959 1431 5014 sensitivam*
1470 4962 1572 5019 Surum.

328 5046 395 5117 phil.
413 5046 453 5099 111
474 5046 532 5101 100.

1311 5136 1365 5191 31*
