3909 5842
756 1542 1170 1655 Praefatio.

428 1892 598 1996 Quoniam
628 1926 716 1971 nova
745 1904 842 1971 huius
866 1904 976 1971 Partis
1000 1904 1015 1969 Ι
1040 1903 1140 1970 editio
1171 1924 1192 1968 a
1221 1902 1391 1969 doctrinae
1420 1902 1588 1988 principiis

337 2018 374 2083 in
395 2019 503 2103 prima
525 2020 669 2086 editione
691 2020 826 2087 traditis
849 2042 889 2086 ac
911 2020 1130 2104 propugnatis
1153 2018 1341 2085 nullatenus
1364 2016 1505 2096 recedit,
1530 2018 1588 2083 sed

338 2134 374 2199 in
387 2134 504 2201 iisdem
518 2135 639 2219 potius,
657 2135 713 2200 ubi
728 2156 789 2219 pro
804 2136 927 2202 actuali
943 2134 1102 2218 temporis
1118 2133 1227 2199 indole
1243 2136 1461 2217 opportunum
1478 2132 1589 2212 fuerit,

340 2250 448 2333 magis
470 2250 677 2316 illustrandis
699 2255 871 2329 versatur,
903 2250 1038 2315 adrem
1066 2248 1167 2333 plane
1191 2247 1343 2313 sufficere
1372 2248 1520 2327 videtur,
1551 2252 1590 2313 ut

340 2385 449 2448 pauca
478 2364 656 2447 quaedam,
689 2386 773 2447 quae
802 2364 984 2449 penultimo
1007 2361 1165 2428 decennio
1188 2361 1311 2428 saeculi
1335 2362 1412 2427 XIX
1435 2362 1469 2427 in
1492 2382 1589 2445 prae·

341 2480 469 2545 fatione
492 2480 534 2545 ad
558 2480 697 2563 primam
722 2479 898 2546 editionem
922 2478 1168 2563 praemonenda
1191 2478 1360 2555 duximus,
1384 2477 1437 2542 hic
1461 2498 1590 2559 quoque

340 2596 501 2663 benevolo
523 2594 640 2661 lectori
663 2615 891 2677 suggeramus,
914 2614 1033 2678 nempe
1057 2594 1096 2659 de
1119 2602 1219 2661 manle
1242 2596 1407 2679 scriptoris
1430 2597 1464 2658 et
1487 2593 1526 2657 dc
1540 2594 1590 2657 in·

340 2721 433 2778 lerna
455 2712 532 2778 libri
554 2714 688 2777 rollone.

432 2826 611 2893 Doctrinae
634 2826 749 2891 ducem
772 2826 985 2910 praecipuum
1010 2825 1109 2903 liber,
1141 2828 1178 2890 ut
1200 2824 1271 2913 ipse
1301 2825 1335 2889 iu
1357 2824 1467 2890 fronte
1490 2825 1590 2907 profi-

341 2948 443 3020 tetur,
465 2946 601 3007 secutus
623 2945 676 3007 est
698 2944 876 3027 unpelicum
900 2943 1065 3007 doclorern.

432 3056 530 3122 Cuius
554 3055 602 3121 rei
625 3056 692 3122 alia
714 3056 800 3121 ratio
824 3076 905 3121 sane
926 3054 980 3121 hic
1003 3054 1171 3121 reddenda
1192 3075 1257 3119 uon
1282 3057 1334 3119 est
1356 3057 1589 3137 praeteream,

343 3192 429 3253 quae
452 3193 473 3236 a
495 3190 648 3254 supremo
672 3170 705 3235 in
728 3170 828 3235 terris
850 3170 957 3235 omnis
981 3169 1174 3235 salutiferae
1192 3166 1345 3234 veritatis
1361 3168 1522 3249 magistro
1538 3172 1590 3233 at·

342 3309 406 3370 que
429 3286 551 3352 illustri
579 3285 807 3370 philosophiae
836 3307 855 3350 e
881 3285 1033 3368 genuinis
1063 3284 1232 3369 principiis
1262 3283 1500 3349 restaurandae
1530 3304 1591 3367 pa·

341 3408 455 3480 trono,
479 3401 591 3466 Leone
613 3400 720 3480 XIH.,
744 3421 809 3465 non
833 3399 940 3465 minus
961 3420 1043 3465 vere
1067 3420 1164 3481 quam
1187 3398 1294 3463 lucide
1317 3397 1387 3463 orbi
1411 3396 1591 3463 christiano

341 3514 476 3597 signata
505 3517 566 3580 est.
620 3514 718 3578 Enim
747 3534 827 3579 vero
860 3514 1049 3579 universam
1080 3512 1210 3596 quidem
1242 3512 1498 3596 philosophiam,
1532 3510 1590 3577 sed

341 3628 547 3713 potissimum
571 3650 625 3693 res
648 3628 791 3695 morales
814 3633 849 3694 et
872 3630 914 3694 ad
937 3629 1041 3696 vitam
1067 3628 1138 3693 sive
1160 3628 1327 3712 privatam
1350 3627 1421 3693 sive
1436 3626 1591 3691 socialem

341 3748 377 3811 et
399 3745 562 3827 publicam
585 3748 677 3810 recte
700 3743 942 3809 informandam
965 3744 1186 3828 pertinentes,
1218 3744 1251 3809 S.
1282 3742 1418 3807 Thomas
1440 3744 1591 3828 Aquinas

341 3880 382 3925 ea
405 3860 564 3925 scientiae
586 3860 741 3926 ubertate
758 3859 855 3925 simul
879 3863 914 3925 et
929 3859 1120 3925 harmonica
1143 3858 1271 3923 unitate
1289 3878 1392 3939 caque
1415 3855 1591 3939 principio-

341 3996 415 4039 rum
437 3975 546 4041 lucida
568 3975 726 4042 firmitate
750 3981 850 4057 alque
872 3975 1125 4041 universalitate
1141 3974 1332 4057 complexus
1348 3976 1409 4051 est,
1434 3977 1471 4038 ut
1487 3972 1591 4037 veris·

342 4090 424 4155 sime
456 4090 580 4156 dixeris
610 4111 684 4156 eum
720 4099 769 4172 ,el
791 4094 993 4175 superiorum
1016 4098 1191 4175 temporum
1215 4112 1340 4157 errores
1363 4110 1468 4154 ornnes
1492 4109 1592 4154 unum

342 4205 513 4271 debellasse
536 4212 564 4271 el
587 4206 633 4270 cd
652 4207 894 4292 proflipcndos,
926 4209 982 4291 qul
1007 4214 1164 4291 perpetuo
1194 4207 1259 4271 circ
1288 4208 1323 4269 in
1344 4212 1505 4289 posterum
1528 4205 1592 4266 ori·

342 4323 409 4384 turi
431 4329 516 4404 sunl,
544 4342 639 4385 orma
663 4323 870 4385 invictissima
893 4319 1147 4405 cuppedilaasc“.
1178 4356 1222 4363 —
1252 4319 1305 4383 Ex
1335 4339 1456 4401 magno
1480 4322 1591 4383 autem

342 4456 476 4501 numero
500 4456 630 4515 eorum,
662 4436 718 4519 qui
741 4458 767 4503 a.
792 4436 937 4502 doctoris
960 4422 1128 4501 volumina
1157 4436 1225 4500 suis
1256 4433 1500 4500 commentariis
1532 4454 1591 4497 ex·

342 4551 507 4634 planando
529 4550 755 4630 illustrarunt,
787 4552 820 4617 in
842 4551 906 4617 hac
926 4560 1021 4637 parte
1043 4553 1186 4638 penercli
1216 4550 1375 4634 imprimis
1398 4552 1592 4617 Suarezium

343 4666 512 4731 consulere
535 4666 670 4750 placuit,
694 4687 759 4731 uon
782 4668 888 4732 solum
904 4666 1088 4751 perspicaci
1103 4686 1213 4731 rerum
1229 4666 1451 4748 indagatione,
1477 4686 1591 4731 verum

343 4785 377 4847 et
400 4785 473 4847 tuto
504 4782 674 4848 doctrinae
704 4782 927 4848 moderamine
958 4782 1222 4847 commendatum
1253 4785 1286 4847 et
1312 4781 1456 4848 doctoris
1479 4780 1591 4846 eximii

342 4896 473 4961 nornine
495 4896 582 4969 haud
606 4897 769 4962 immerito
801 4902 963 4963 ornatum.
1011 4896 1191 4963 Praeterea
1220 4896 1263 4961 ad
1285 4895 1487 4980 posteriores
1510 4916 1592 4977 quo-

343 5033 407 5094 que
429 5011 525 5076 huius
544 5011 735 5096 disciplinae
751 5012 939 5095 scriptores,
964 5011 1160 5096 praesertim
1177 5010 1387 5089 recentiores
1411 5009 1591 5077 identidem
