3909 5842
363 673 435 728 Vera
453 673 521 727 iuris
540 672 601 727 idea
619 676 713 727 contra
732 672 824 727 varias
843 673 902 727 eius
920 671 1091 743 corruptelae
1109 672 1203 726 critice
1221 670 1405 725 confirmatur.
1444 675 1508 739 411

262 850 407 911 naturalis
428 850 607 928 interpretes
622 850 782 909 Thomasio
803 848 969 909 anteriores
991 852 1167 909 constanter
1180 848 1277 909 secuti
1298 867 1333 907 so
1354 846 1420 925 ipso
1435 865 1511 905 corn·

262 966 378 1007 munem
400 968 485 1008 suum
507 967 685 1011 consensrun
707 950 741 1007 de
762 948 951 1025 imepcrotdi
972 967 1048 1007 nean
1068 949 1161 1007 monis
1179 949 1266 1020 iuris,
1287 949 1374 1005 etiam
1388 946 1511 1020 socialis,

262 1066 326 1105 eum
347 1047 480 1107 obiectieo
504 1048 667 1106 moralitate
695 1049 725 1103 et
745 1044 814 1114 hinc
842 1048 976 1105 scientiae
1003 1047 1080 1105 iuris
1100 1062 1167 1103 cum
1195 1045 1286 1103 attico
1306 1042 1411 1102 testati
1432 1046 1511 1101 sunt.

261 1143 393 1221 Namque
414 1144 446 1202 in
467 1144 530 1202 iure
551 1143 602 1202 illo
622 1142 714 1202 latius
736 1142 814 1201 dicto
836 1141 882 1201 ins
903 1160 1019 1217 quoque
1045 1140 1150 1201 stricte
1171 1139 1281 1199 dictum
1302 1159 1356 1199 seu
1377 1140 1508 1199 ordinem

263 1242 385 1302 strictae
412 1242 546 1302 iustitiae
575 1246 726 1319 tamquam
755 1239 914 1319 specialem
944 1242 1060 1315 partem
1091 1237 1236 1296 contineri
1267 1237 1367 1295 cuncti
1396 1236 1512 1313 pariter

262 1340 485 1417 profitebantur.

355 1437 527 1497 Tbomoaiua
547 1436 660 1513 primus
688 1435 846 1495 arbitraris
873 1432 1029 1493 limitando
1051 1451 1087 1491 ac
1108 1430 1332 1490 determinando
1354 1431 1511 1508 sphaeram

262 1534 416 1610 utriusque
443 1533 573 1605 ordinis,
602 1540 664 1593 tum
691 1532 812 1593 moralis
840 1538 903 1591 tum
932 1530 1060 1602 iuridici,
1090 1528 1257 1588 theoretica
1283 1528 1364 1587 illius
1391 1526 1511 1586 divortii

260 1630 455 1690 fundamenta
475 1630 560 1704 iecit,
590 1650 646 1707 quo
675 1630 815 1707 deinceps
843 1629 916 1689 iuris
944 1628 1065 1687 socialis
1087 1627 1246 1704 disciplina
1266 1646 1285 1685 a
1305 1625 1433 1685 scientia
1452 1644 1512 1684 mo·

261 1729 319 1787 rali
339 1728 457 1805 plenam
478 1728 745 1805 emancipationem
774 1731 862 1804 atque
891 1725 1069 1786 obiectivam
1089 1723 1348 1803 independentiam
1370 1724 1512 1783 affectare

263 1824 360 1901 coepit
370 1830 386 1884 ¹.

788 1918 910 2029 Gaput
935 1916 986 2003 Il.

303 2068 401 2143 Vera
428 2068 522 2142 iuris
549 2068 633 2143 idea
661 2071 790 2143 contra
817 2067 941 2142 varias
970 2066 1051 2141 eius
1079 2066 1310 2161 corruptelas
1338 2064 1468 2139 critice

762 2194 1015 2268 confirmatur.

778 2356 995 2440 Prologus.

264 2475 331 2547 514.
422 2475 652 2560 Quaecumque
675 2477 755 2544 iuris
779 2477 1064 2563 philosophemata
1086 2499 1107 2544 a
1129 2476 1272 2559 genuina
1295 2475 1364 2541 eius
1380 2476 1513 2543 notione

261 2585 423 2649 hactenus
445 2584 593 2651 stabilita
616 2585 782 2665 aberrant,
806 2586 840 2651 in
864 2606 902 2651 eo
924 2584 995 2651 lere
1010 2584 1219 2663 conveniunt,
1243 2583 1328 2666 quod
1345 2603 1403 2666 per
1418 2604 1454 2648 se
1470 2583 1512 2649 ad

261 2689 411 2756 nativam
434 2690 514 2756 iuris
536 2690 748 2759 sanctitatem
773 2693 826 2757 vel
849 2692 958 2775 aliquo
975 2691 1071 2757 modo
1087 2690 1326 2775 profanandam
1342 2688 1396 2755 vel
1413 2688 1512 2755 etiam

263 2796 396 2880 penitus
420 2796 632 2863 auferendam
657 2797 852 2881 diriguntur.

355 2902 404 2967 Eo
428 2902 586 2987 imprimis
609 2908 728 2989 suapte
751 2910 870 2973 natura
894 2909 928 2971 et
943 2904 1053 2988 logica
1067 2903 1267 2969 necessitate
1282 2902 1428 2986 pertinet
1442 2902 1514 2968 uni·

262 3031 363 3076 versa
378 3010 459 3075 iuris
474 3012 680 3098 philosophia
691 3018 933 3081 materialistioc
945 3022 973 3079 et
987 3014 1152 3078 atteistico
1164 3010 1307 3076 emnium
1319 3014 1514 3093 temporum,

263 3117 384 3201 quippe
404 3138 488 3200 quse
504 3120 557 3185 vel
573 3120 679 3204 ipsam
696 3120 948 3203 possibilitatem
965 3118 1102 3185 alicuius
1118 3118 1284 3200 ligaminis
1298 3138 1370 3181 cere
1383 3119 1515 3181 moralis

261 3225 350 3289 inter
372 3222 520 3289 homines
544 3246 562 3290 e
585 3226 692 3291 medio
707 3226 806 3304 tollit,
831 3246 936 3307 neque
952 3224 1064 3302 habet,
1088 3222 1174 3307 quod
1191 3223 1221 3288 ei
1236 3221 1427 3298 substituat,
1452 3220 1514 3284 nisi

261 3332 371 3413 legem
395 3332 555 3398 materiae
578 3332 705 3409 brutae,
728 3331 749 3397 i.
775 3352 802 3397 e.
827 3331 1004 3397 dominium
1028 3331 1079 3395 vis
1101 3330 1257 3395 fortioris.

354 3436 492 3503 Accedit
514 3437 643 3503 theoria
665 3438 745 3503 iuris
768 3460 789 3505 a
810 3440 976 3505 thmcsio
1000 3442 1119 3521 coepta
1141 3440 1177 3502 et
1195 3457 1215 3502 a
1231 3436 1354 3501 Kcntio
1370 3433 1513 3509 exculta,

262 3566 331 3628 qua
359 3547 412 3610 ius
442 3567 461 3609 α
492 3548 671 3611 moralitate
699 3548 796 3629 plone
827 3547 988 3611 divellitur
1011 3548 1046 3610 et
1068 3548 1238 3626 tamquam
1261 3561 1350 3606 mere
1374 3543 1513 3605 externa

262 3650 412 3717 condicio
441 3649 650 3716 individualis
673 3650 838 3717 libertatis
861 3651 1052 3735 concipitur.
1099 3649 1137 3715 ln
1161 3669 1201 3715 ea
1223 3646 1380 3713 fundatur
1406 3646 1514 3727 ,indi-

261 3758 479 3825 vidualiemns
508 3756 625 3839 iuris“,
658 3756 713 3839 qui
745 3757 898 3840 deinceps
927 3757 961 3821 in
991 3757 1089 3822 rebus
1116 3756 1259 3837 politicis
1282 3757 1317 3821 et
1339 3753 1515 3819 socialibus

262 3862 460 3949 praecipuus
476 3863 550 3928 fons
569 3884 607 3929 ao
622 3862 848 3947 philosophica
863 3862 951 3929 basis
968 3862 1099 3928 exstitit
1119 3860 1319 3939 ,liberalium
1334 3860 1514 3937 idearum“,

263 3991 348 4054 quas
371 3970 472 4052 vulgo
495 3974 694 4053 nuncupant.

354 4075 431 4141 Alia
463 4076 592 4159 quidem
623 4075 786 4154 methodo,
820 4076 878 4141 sed
908 4096 971 4141 non
1003 4074 1111 4140 minus
1140 4074 1283 4150 funesta,
1314 4073 1515 4157 philosophia

263 4184 446 4268 Heqelionc
476 4202 589 4248 veram
612 4182 692 4247 iuris
716 4182 928 4249 sanct'tatem
953 4180 1104 4246 similiter
1127 4178 1278 4257 destruit,
1314 4177 1515 4254 ,individua-

263 4288 379 4355 lismo“
407 4288 520 4355 Kantii
550 4310 643 4354 suum
674 4288 859 4355 absolutum
887 4291 989 4370 ,ioris
1012 4284 1274 4353 οὐιέοἰιύἱετηιιηια
1301 4284 1513 4356 substituens

359 4482 367 4513 ²
387 4482 488 4535 Ansam
507 4480 589 4534 huius
607 4478 738 4533 novitatis
751 4478 895 4533 Thomasio
914 4477 1040 4549 praebuit
1057 4478 1166 4548 propria
1184 4476 1252 4529 iuris
1271 4474 1375 4529 indoles
1389 4478 1514 4543 coactiva,

265 4569 412 4623 admodum
437 4568 525 4623 obiter
548 4567 698 4622 intellecta.
741 4568 807 4621 Inde
835 4566 906 4621 enim
932 4567 1055 4621 ordinem
1081 4566 1225 4620 iuridiourn
1253 4567 1342 4617 totum
1371 4567 1514 4617 externum

264 4673 329 4711 esso
348 4656 468 4727 adeoque
493 4656 527 4711 ab
552 4655 644 4711 ordine
663 4654 758 4709 morali
777 4654 961 4709 essentialiter
986 4655 1092 4709 interno
1110 4652 1308 4721 seiungendum
1327 4651 1514 4705 concludebat.

264 4743 467 4811 Obligationem
495 4744 602 4798 scilicet
629 4744 763 4797 internam
792 4742 882 4797 facere
913 4742 1051 4796 bominem
1077 4741 1245 4805 virtuosum,
1280 4741 1421 4793 externam
1444 4732 1514 4793 'vero

264 4833 369 4886 iustum
383 4832 582 4899 (Fundamenta
600 4833 667 4886 iuris
685 4834 742 4887 nat.
762 4835 790 4886 et
808 4836 882 4901 gent.
901 4832 914 4886 l
933 4834 958 4897 5,
977 4831 1063 4898 521).
1084 4860 1117 4871 -
1137 4829 1251 4883 Ethicae
1263 4828 1364 4899 quippe
1376 4828 1516 4898 proprium

264 4922 350 4976 finem
368 4938 461 4991 pacem
480 4926 630 4991 internam,
655 4921 724 4977 iuris
742 4939 807 4976 vero
826 4938 921 4992 pacoro
941 4928 1094 4988 manum,
1120 4918 1160 4972 illi
1179 4918 1265 4987 igitur
1283 4919 1456 4987 otltymionea
1474 4922 1515 4971 in·

264 5019 369 5080 ternos,
388 5008 451 5063 huic
469 5012 642 5079 otlipots‘ones
660 5018 785 5065 extamus
804 5007 992 5063 attribuendas
1010 5024 1071 5061 esse
1090 5006 1183 5061 docuit
1203 5006 1250 5074 (ib.
1269 5006 1282 5059 1
1301 5006 1326 5072 2,
1346 5005 1362 5073 ξ
1400 5006 1421 5073 ).
