3909 5842
418 599 438 664 8
656 595 746 651 Sectio
764 597 785 651 l.
822 595 902 651 Liber
920 597 942 651 Ι.
979 595 1069 667 Caput
1087 597 1108 651 l.
1145 595 1285 651 Articulus
1304 596 1329 651 2.
1367 595 1431 663 51.

418 776 521 859 ipsam
551 795 671 839 mouere
699 772 753 838 vel
783 776 909 840 motum
933 777 1063 840 tantum
1088 782 1177 840 entra
1201 796 1235 840 se
1256 793 1315 838 seu
1338 777 1573 841 transeuntem
1600 792 1674 857 pro·

416 880 536 946 ducere
559 884 686 965 potam
709 880 743 945 iu
766 880 823 945 illo
846 881 916 947 solo
939 881 1105 965 propriam
1130 884 1211 947 uitae
1234 881 1396 947 rationem
1418 901 1496 946 esse
1520 879 1675 945 doceut¹.

417 1018 447 1089 9.
537 1018 672 1091 Axiomtt
694 1018 736 1091 II.
777 1023 949 1109 Conceptus
972 1030 1111 1088 naturae
1136 1031 1162 1089 et
1185 1030 1348 1107 conceptus
1369 1023 1447 1105 fluia
1470 1024 1522 1087 rei
1538 1044 1562 1087 α
1586 1044 1675 1087 crea-

416 1136 483 1194 tore
501 1128 642 1213 praefici
665 1129 710 1194 ad
732 1130 862 1195 inuicem
885 1130 1034 1195 correlati
1056 1136 1140 1195 suut.

505 1234 606 1300 Patet
628 1255 670 1300 ex
697 1256 729 1301 n.
755 1238 775 1300 6
799 1241 833 1301 et
858 1236 887 1301 7.
914 1274 953 1282 -
979 1234 1112 1301 Etenim
1131 1232 1407 1327 quemadmodum
1435 1238 1548 1300 motus
1575 1236 1677 1299 natu-

417 1340 507 1419 ralis,
537 1340 586 1407 ita
615 1344 650 1407 et
679 1340 882 1425 principium,
913 1340 999 1406 unde
1027 1340 1185 1424 procedit,
1216 1340 1323 1405 afiae
1346 1340 1394 1405 rei
1418 1340 1555 1424 proprio
1583 1359 1678 1404 man-

417 1438 527 1512 suram
550 1446 660 1513 habet.
704 1448 822 1530 Itaque
845 1446 1115 1530 quemadmodum
1139 1446 1257 1511 finibus
1279 1466 1386 1511 rerum
1411 1444 1679 1530 particularibus

416 1562 555 1620 acturae
566 1556 783 1639 particulares
799 1574 872 1619 oum
888 1554 1002 1619 eadem
1019 1552 1156 1618 interae
1172 1551 1438 1619 subordinatione
1454 1552 1677 1636 respondent,

415 1658 465 1726 ita
488 1664 522 1727 et
544 1664 665 1725 natura
680 1660 791 1743 aliqua
807 1661 900 1743 quasi
916 1662 1107 1726 uniuersalis
1123 1660 1285 1742 (systema
1300 1658 1509 1740 naturarum)
1526 1656 1679 1741 cogitari

417 1762 524 1843 debet,
549 1787 633 1847 quae
656 1765 711 1831 fini
728 1759 904 1832 creationis
926 1765 1105 1831 universali
1129 1764 1336 1849 respondeat,
1362 1784 1511 1848 quaeque
1528 1786 1575 1831 ex
1593 1764 1678 1848 ipsis

416 1871 545 1936 naturis
567 1872 821 1956 particularibus
837 1893 981 1955 congrua
1005 1871 1270 1938 subordinatione
1286 1870 1328 1936 ad
1344 1870 1504 1937 unitatem
1522 1870 1678 1952 aliquam

416 1996 603 2060 supremam
619 1978 881 2063 conspirantibus
897 1978 1071 2044 coalescat.
1105 1978 1176 2043 Hoc
1192 1977 1262 2043 fere
1277 1998 1376 2043 sensu
1391 1980 1533 2043 naturae
1548 1998 1675 2043 nomen

416 2081 607 2165 frequenter
637 2087 807 2167 tamquam
839 2084 1047 2151 collectivum
1080 2088 1271 2167 usurpatur,
1304 2082 1352 2149 sic
1384 2104 1415 2149 v,
1444 2102 1477 2165 g.
1511 2082 1675 2149 dicendo:

416 2192 556 2255 naturae
580 2190 659 2255 ordo
682 2226 727 2235 —
749 2188 838 2256 Deus
860 2212 920 2274 per
942 2195 1095 2257 naturam
1119 2190 1352 2272 glorificaturi

417 2326 463 2399 10.
552 2326 688 2399 hiuma
710 2327 765 2401 III.
801 2332 960 2416 Mirificus
982 2340 1120 2397 motuum
1137 2340 1312 2413 concentus,
1335 2332 1391 2417 qui
1406 2331 1482 2397 iude
1499 2331 1676 2414 efflorescit

417 2445 447 2503 et
473 2459 533 2523 quo
560 2438 706 2521 stuputae
734 2460 784 2503 res
814 2446 939 2503 creatae
968 2460 1046 2503 suae
1076 2446 1212 2504 naturae
1236 2440 1331 2504 ductu
1364 2439 1408 2503 act
1435 2439 1544 2503 ideam
1571 2440 1674 2502 totius

417 2546 586 2609 creationis
616 2544 831 2629 complendam
861 2553 1064 2629 concurrunt,
1095 2548 1240 2611 ordinem
1269 2548 1451 2611 naturalem
1481 2546 1673 2610 uuiversum

417 2651 586 2731 coustituit,
617 2647 708 2713 cuius
736 2647 799 2714 duo
828 2649 1033 2734 potissimum
1058 2651 1220 2716 membra:
1252 2650 1331 2716 ardo
1355 2652 1487 2715 moralis
1511 2650 1670 2723 alterum,

417 2754 558 2820 altarum
588 2754 667 2819 ordo
689 2756 839 2841 physicus
863 2754 934 2838 (seu
957 2755 1128 2835 naturalis,
1160 2748 1256 2821 sensu
1280 2755 1447 2838 arctiora),
1472 2775 1531 2839 pra
1555 2775 1669 2820 rerum

418 2858 671 2925 ordinandarum
696 2860 889 2926 diversitate
905 2861 1167 2943 distinguuntur;
1191 2862 1247 2927 ille
1270 2860 1421 2926 nimirum
1444 2860 1487 2925 ad
1510 2862 1672 2926 substan·

417 2965 486 3031 tiae
515 2965 712 3051 spiritualis,
745 2966 797 3033 hic
827 2966 869 3033 ad
900 2967 1024 3033 entium
1056 2967 1295 3033 irrationalium
1328 2971 1436 3033 motus
1466 2965 1671 3032 ordinandos

418 3072 570 3139 refertur.

506 3178 607 3245 Porro
631 3178 784 3260 quoniam
814 3178 888 3243 finis
911 3178 1086 3245 creationis
1116 3200 1287 3263 supremus
1310 3199 1367 3243 seu
1391 3178 1498 3261 gloria
1522 3178 1584 3244 Dei
1609 3200 1669 3245 ex·

416 3289 513 3351 terna
534 3284 568 3350 in
592 3285 704 3351 ordine
728 3289 854 3365 morali,
878 3285 899 3352 i.
924 3306 952 3352 e.
976 3306 1036 3369 per
1058 3285 1311 3368 intellegentias,
1337 3284 1485 3369 proxime
1509 3284 1667 3368 compleri

416 3390 529 3470 debat,
553 3392 763 3475 consequitur
785 3393 929 3457 ordinem
952 3392 1123 3476 physicum
1146 3392 1195 3459 ita
1217 3392 1259 3457 ad
1283 3390 1502 3457 universalem
1525 3394 1668 3456 naturae

417 3498 562 3562 ordinem
587 3498 793 3564 efficiendum
816 3520 888 3564 cum
913 3500 1026 3564 ordine
1050 3499 1165 3565 morali
1182 3519 1384 3577 concurrere,
1408 3502 1574 3591 attamen
1590 3496 1666 3561 huic

417 3601 473 3667 ille
488 3607 605 3686 suapte
621 3607 742 3669 natura
759 3605 999 3684 subordinatur,
1024 3606 1066 3671 ad
1083 3626 1220 3689 cunique
1236 3609 1404 3688 tamquam
1421 3605 1463 3670 ad
1479 3604 1666 3688 proximum

418 3710 516 3775 finem
540 3710 732 3793 dirigaturi.

417 3850 459 3921 ll.
550 3847 685 3921 Axium&
710 3848 762 3921 IV.
810 3853 931 3933 Quodsi
960 3854 1091 3939 aliquod
1120 3854 1292 3919 subiectum
1322 3854 1470 3917 naturale
1505 3853 1665 3915 actionum

419 3981 456 4024 eu
486 3959 622 4023 diuersis
651 3960 833 4025 eutitatibus
863 3963 909 4025 ita
940 3962 1145 4043 componitur,
1177 3966 1210 4023 ut
1238 3961 1314 4023 iude
1337 3980 1391 4024 cas
1411 3958 1540 4050 physice
1565 3978 1664 4021 uuum

416 4064 587 4147 efficiatur,
617 4064 699 4130 haec
723 4066 914 4150 compositio
938 4066 1099 4132 naturalis
1130 4086 1194 4130 non
1217 4064 1362 4149 impedit,
1395 4062 1566 4149 quominus
1598 4084 1664 4127 aaa

417 4175 459 4236 sit
487 4174 582 4236 totius
611 4176 771 4256 compositi
800 4181 931 4256 natura,
962 4172 1233 4255 quemadmodum
1259 4192 1342 4237 unus
1364 4170 1438 4235 finis
1462 4169 1567 4235 eidam
1593 4190 1664 4235 cor-

418 4277 553 4344 relatus.

417 4418 597 4427 u--aeae-

510 4488 631 4552 ¹Arist.,
650 4485 734 4555 Phys.
753 4485 771 4538 l.
791 4486 822 4549 8,
841 4503 864 4538 c.
885 4485 909 4548 5,
929 4485 988 4549 254,
1008 4486 1033 4549 b,
1053 4486 1085 4550 8;
1104 4484 1143 4538 De
1162 4486 1253 4539 anima
1272 4486 1289 4539 l.
1312 4488 1335 4547 l,
1355 4502 1378 4539 c.
1397 4486 1414 4538 2
1433 4486 1581 4540 sedandum
1603 4484 1662 4539 Pla-

417 4578 510 4628 tonem
536 4573 664 4642 (Phaedr.
684 4574 712 4635 3,
732 4572 813 4639 ucis:
840 4569 863 4642 ᾦ
883 4574 935 4640 γὰρ
961 4574 1063 4634 ἔξωθεν
1088 4576 1118 4627 τὸ
1137 4578 1279 4638 κινεῖσθαι,
1306 4572 1420 4645 ἄψυχον·
1447 4568 1470 4644 ᾦ
1497 4576 1528 4628 δὲ
1554 4575 1661 4628 ἔνδοθεν

419 4663 485 4714 αὐτὸ
504 4661 537 4721 ἐξ
552 4664 657 4724 ἑαυτοῦ,
677 4662 804 4733 ἔμψυχον.
830 4662 871 4716 Gi.
890 4664 1031 4731 Kieutpea,
1052 4662 1120 4717 Phil.
1141 4663 1188 4717 der
1208 4653 1319 4717 Varieit
1337 4664 1370 4727 II,
1389 4680 1415 4718 n.
1435 4664 1487 4719 685
1500 4682 1541 4734 aq.
1575 4666 1660 4731 Tapa-

417 4752 488 4819 relli,
506 4750 606 4803 Dirilto
624 4753 713 4804 natur.
733 4750 753 4813 I,
772 4768 798 4804 n.
818 4753 908 4820 baqq.
950 4754 978 4805 T.
999 4753 1088 4822 Pascis,
1108 4752 1196 4806 Instit.
1217 4752 1281 4822 phil.
1301 4758 1390 4806 natur.
1410 4753 1470 4807 344.

507 4838 578 4893 ¹Of.
600 4840 626 4893 S.
650 4840 751 4906 luam,
769 4840 800 4893 ln
819 4840 836 4893 l.
856 4841 873 4892 2
892 4840 971 4910 phys.
990 4840 1052 4894 lect.
1075 4842 1106 4895 14
1119 4858 1160 4910 sq.

509 4928 580 4982 ³ct
602 4930 629 4983 S.
652 4930 753 4996 auom,
773 4928 873 4982 Contra
892 4928 995 4983 Gentes
1014 4928 1031 4983 l.
1052 4930 1077 4995 3,
1096 4948 1118 4983 c.
1141 4932 1162 4995 1,
1182 4930 1224 4984 22.
