3909 5842
464 707 529 772 306
685 699 775 756 Sestio
792 700 815 755 Ι.
851 700 932 756 Liber
949 701 998 758 IV.
1035 701 1125 774 Caput
1143 703 1177 758 ΙΙ.
1213 702 1355 758 Articulm
1373 703 1399 758 2.
1437 703 1502 772 52.

462 877 564 962 legali
586 876 748 954 iustitiae;
774 876 909 944 ethaeo
932 877 1064 960 quidem
1087 881 1267 946 secundum
1291 880 1471 948 essentiam
1497 885 1555 948 cst
1577 880 1694 966 speciale

463 984 591 1064 vitium,
615 983 649 1050 in
665 982 825 1067 quantum
840 981 976 1067 respicit
991 983 1135 1068 speciale
1151 984 1325 1064 obiectum,
1343 985 1473 1054 scilicet
1489 986 1614 1052 bonum
1628 1007 1695 1051 oon·

464 1110 579 1168 mune,
609 1087 696 1172 quod
719 1087 915 1166 contemnit3
946 1089 1005 1154 sed
1029 1093 1187 1172 quantum
1213 1090 1255 1158 ad
1278 1091 1499 1158 intentionem
1526 1095 1582 1158 est
1603 1091 1698 1158 vitium

464 1195 637 1280 generale,
667 1193 745 1278 quia
773 1215 833 1278 per
862 1197 1088 1279 contemptum
1111 1195 1188 1263 boni
1211 1197 1392 1264 communis
1415 1199 1535 1281 polest
1558 1197 1700 1268 bomoad

465 1302 575 1368 omnia
597 1303 736 1386 peccata
759 1299 890 1376 deduci;
921 1299 1008 1368 siout
1031 1301 1131 1368 etiam
1155 1302 1266 1370 omnia
1289 1303 1388 1382 vitia,
1419 1303 1453 1368 in
1476 1309 1642 1388 quantum
1661 1325 1700 1370 re

465 1411 616 1493 pugnant
638 1408 723 1474 bono
747 1405 920 1485 communi,
944 1406 1127 1474 iniustitiae
1149 1407 1274 1476 habent
1295 1409 1469 1488 rationem,
1496 1410 1600 1492 quasi
1616 1409 1654 1476 ab
1667 1409 1701 1474 in·

464 1513 593 1580 iustitia
608 1513 770 1582 derivata.
801 1512 988 1579 Aliomodo
1012 1513 1132 1582 dicitur
1153 1513 1315 1584 iniustitia
1337 1519 1515 1584 acuendum
1541 1518 1703 1602 inaequali·

466 1629 560 1687 tatem
583 1620 749 1703 quandam
773 1620 815 1686 ad
838 1620 991 1698 alterum,
1016 1625 1115 1703 prout
1137 1621 1264 1689 scilicet
1286 1621 1382 1688 horno
1398 1622 1472 1689 vult
1493 1622 1625 1688 habere
1645 1621 1704 1706 plus

467 1726 633 1805 debonis,
656 1729 738 1810 pute
761 1725 885 1793 divitiis
908 1729 944 1793 et
965 1726 1153 1806 honoribus,
1179 1732 1213 1796 et
1235 1727 1343 1794 minus
1366 1728 1407 1794 de
1429 1727 1541 1808 malis,
1568 1733 1649 1812 puta
1667 1727 1704 1794 la·

465 1832 600 1899 boribus
622 1836 658 1898 et
681 1831 819 1910 damnis,
844 1835 879 1900 et
900 1830 949 1898 sic
971 1831 1135 1900 iniustitia
1157 1832 1258 1902 habet
1280 1833 1453 1900 materiam
1478 1833 1660 1917 specialem
1680 1837 1706 1896 et

466 1943 519 2006 est
540 1938 741 2024 particulare
764 1937 881 2004 vitium
903 1937 1052 2005 iustitiae
1074 1937 1267 2022 particulari
1291 1939 1532 2024 oppositum.“¹

467 2077 536 2151 342.
625 2078 685 2148 111.
713 2079 938 2165 Temperantia
961 2083 1014 2146 est
1032 2077 1148 2158 virtus,
1173 2098 1257 2162 quae
1274 2079 1508 2164 propensiones
1525 2081 1705 2147 illecebras·

467 2207 531 2268 que
546 2186 716 2252 sensuales
731 2185 827 2252 iuxta
842 2189 967 2252 rectam
984 2184 1146 2252 rationem
1158 2185 1408 2268 honestatisque
1419 2187 1501 2252 fines
1514 2188 1704 2254 moderatur.

466 2292 518 2358 Ea
539 2292 642 2376 igitur
665 2290 809 2358 maxime
832 2291 941 2358 elucet
968 2291 1174 2357 circensem
1197 2311 1305 2357 rerum
1331 2291 1579 2360 delectabilium
1605 2313 1706 2359 secun·

467 2397 543 2464 dnm
567 2419 709 2476 sensum,
733 2395 909 2479 inquibus
933 2397 1101 2481 appetitus
1127 2397 1418 2483 „concupiscibilis“
1444 2398 1589 2465 rationis
1608 2397 1705 2464 mode-

466 2505 592 2571 ramine
614 2503 750 2587 indiget.
783 2506 892 2586 Atque
915 2504 964 2571 ita
987 2503 1117 2587 quidem
1140 2503 1317 2588 specialem
1338 2505 1496 2572 virtutem
1512 2505 1705 2572 cardinalem

468 2633 488 2677 a
520 2611 654 2694 reliquis
687 2611 877 2677 distinctam
910 2610 1057 2678 denotat.
1111 2609 1187 2676 Non
1219 2631 1295 2678 raro
1328 2615 1440 2677 tamen
1471 2609 1705 2697 temperantiae

470 2737 587 2783 nomen
610 2717 711 2784 latius
734 2737 862 2799 quoque
878 2721 1058 2801 usurpatur
1074 2717 1114 2782 ad
1132 2717 1380 2799 significandam
1397 2718 1590 2784 universam
1608 2715 1705 2783 mode

469 2823 631 2889 rationem
662 2821 768 2901 illam,
807 2843 904 2906 quam
935 2823 1023 2889 ratio
1053 2822 1190 2907 imponit
1222 2823 1372 2890 humanis
1403 2824 1653 2908 operationibus
1678 2825 1704 2884 et

468 2931 684 3013 passionibus,
709 2929 795 3012 quod
818 2949 989 2995 cominune
1013 2933 1065 2995 est
1088 2929 1175 2994 omni
1199 2929 1314 2997 virtuti
1338 2929 1485 2999 morali2.

557 3036 738 3118 Tamquam
760 3044 869 3121 portes
892 3035 1131 3102 constituentes
1154 3036 1288 3103 virtutis
1304 3035 1458 3120 specialis
1473 3032 1703 3122 temperandes

468 3142 631 3210 recenseri
654 3142 780 3208 solent:
804 3143 997 3208 abstinentia
1020 3146 1055 3208 et
1077 3143 1240 3222 sobrietas,
1265 3163 1349 3225 quae
1366 3143 1398 3208 in
1414 3143 1642 3210 moderatione
1655 3159 1703 3204 na·

467 3249 584 3318 turalia
607 3248 774 3333 appetitus
798 3247 862 3313 cibi
884 3251 1048 3333 potusque
1064 3251 1218 3314 versatur
1233 3251 1268 3315 et
1283 3249 1466 3332 generatim
1483 3271 1609 3328 eorum,
1632 3263 1703 3329 quae

469 3357 510 3423 ad
534 3354 791 3423 conservandam
815 3354 972 3421 individui
996 3357 1148 3420 naturam
1171 3353 1377 3439 pertinent³;
1407 3359 1537 3422 castitas
1562 3361 1598 3423 et
1615 3352 1701 3441 padi·

468 3467 554 3548 eitio,
584 3481 667 3544 quae
697 3461 730 3526 in
759 3461 809 3540 iis,
841 3481 925 3544 quae
948 3461 1230 3527 conservationem
1254 3464 1368 3548 speciei
1390 3462 1581 3546 respiciunt,
1613 3477 1703 3528 aro-

468 3569 650 3655 luptatibus
671 3566 826 3632 rationali
847 3570 969 3633 natura
992 3567 1133 3650 indignis
1156 3588 1192 3633 se
1216 3567 1394 3635 continet⁴.

559 3673 709 3738 Virtutes
734 3692 832 3756 porro
856 3673 1095 3756 temperantiae
1119 3693 1264 3740 senecae
1287 3674 1341 3738 vel
1365 3673 1578 3740 coordinatae
1601 3689 1702 3738 nume-

469 3785 600 3846 rantur:
613 3778 823 3857 continentia,
844 3778 997 3844 demissio
1009 3777 1119 3858 animi,
1132 3777 1359 3858 mansuetudo,
1372 3779 1544 3858 modestia,
1556 3779 1700 3864 parcitas

470 3885 658 3964 austeritas,
682 3884 884 3970 simplicitas,
909 3885 1092 3970 eutrapelia
1116 3889 1178 3952 etc.
1191 3887 1221 3963 ὃς
1245 3885 1361 3968 quibus
1384 3885 1468 3954 vitia
1490 3887 1702 3972 opponuntur:

468 3991 732 4078 intemperantia,
755 3991 897 4070 luxuria,
921 3992 1163 4070 inverecundia,
1188 3991 1381 4072 scurrilitas,
1405 3993 1583 4059 crudelitas
1606 3997 1664 4060 eto.

469 4132 539 4208 343.
629 4132 686 4198 IV.
711 4132 879 4198 Fortitudo
902 4135 953 4198 est
981 4134 1200 4214 „considerato
1218 4133 1439 4217 perimerem
1454 4137 1609 4220 susceptio
1625 4141 1650 4198 et
1663 4131 1699 4194 lo·

469 4244 580 4308 borum
591 4237 774 4325 perpessio“
785 4239 809 4317 ⁶,
828 4259 886 4303 seu
902 4238 1001 4303 robur
1017 4237 1116 4302 animi
1132 4237 1165 4302 in
1181 4237 1356 4303 subeundis
1372 4237 1533 4324 intrepide
1548 4237 1700 4306 laboribus

470 4353 505 4416 et
527 4347 680 4432 periculis
702 4344 946 4428 tolerandisque
968 4344 1117 4410 adversis
1141 4349 1175 4410 et
1198 4344 1309 4410 arduis
1333 4366 1375 4410 ex
1398 4345 1536 4412 honesto
1555 4346 1629 4412 fine.
1664 4339 1697 4404 Et

469 4455 517 4520 sic
540 4452 669 4536 quidem
692 4455 861 4534 tamquam
885 4451 992 4517 virtus
1008 4450 1159 4536 specialis
1175 4455 1304 4534 partem
1323 4449 1552 4534 „irascibilem“
1573 4449 1698 4520 ordinat,

469 4559 653 4645 superando
676 4557 912 4642 impedimenta
935 4561 971 4623 et
986 4557 1199 4624 difficultates
1215 4557 1366 4638 maiores,
1391 4558 1508 4640 quibus
1523 4557 1697 4623 volunt-est

470 4665 635 4750 sequendo
659 4663 796 4731 rationis
819 4663 995 4729 dictamine
1014 4663 1191 4730 absterreri
1208 4669 1329 4749 posset.
1361 4665 1436 4750 Ipsa
1453 4684 1581 4748 quoque
1596 4663 1697 4729 latiore

562 4851 571 4884 ¹
591 4851 620 4904 S.
642 4849 734 4904 ΤΙιωκ.
752 4847 777 4914 2,
796 4848 822 4911 2,
841 4864 867 4916 q.
887 4846 931 4911 59,
949 4863 974 4900 a.
996 4847 1027 4911 1;
1046 4847 1080 4902 cf.
1100 4863 1126 4916 q.
1146 4849 1181 4901 64
1199 4849 1234 4902 66
1254 4849 1287 4902 st
1301 4865 1360 4918 sqq.
1428 4847 1439 4882 ¹
1458 4847 1498 4903 lb.
1517 4865 1543 4917 q.
1564 4849 1622 4913 141,
1640 4863 1660 4900 a
1676 4841 1694 4893 2·

562 4938 573 4970 ⁸
593 4937 635 4992 cf.
655 4937 690 4991 ib.
710 4954 735 5005 q.
757 4938 807 4990 146
826 4941 854 4990 et
875 4935 933 4990 149.
1043 4939 1053 4968 ⁴
1073 4935 1113 4989 Ol.
1133 4935 1168 4990 ib.
1189 4953 1214 5006 q.
1236 4935 1296 4990 151.

562 5027 573 5059 ³
593 5025 633 5080 Cf.
652 5025 688 5080 ib.
707 5041 735 5093 q.
755 5026 804 5079 155
818 5041 878 5094 sqq.
987 5025 998 5057 ⁸
1019 5025 1072 5078 Cic.
1093 5023 1211 5091 Rhama,
1232 5023 1271 5079 De
1289 5023 1393 5082 invent.
1412 5023 1430 5080 l.
1449 5025 1474 5090 2,
1494 5042 1518 5080 c.
1536 5025 1579 5080 54.
