3909 5842
483 698 627 753 Hominem
644 698 730 754 lib'ero
748 699 861 755 arbitrio
879 699 1032 770 praeditum
1052 716 1113 755 esse
1131 700 1292 755 ostenditur.
1469 705 1510 769 81

254 869 325 941 110.
416 869 578 943 Probatur
599 872 634 943 1⁰.
666 876 720 941 Ex
739 879 943 962 proportione
964 879 1051 941 ieter
1061 878 1236 961 potentiam
1252 878 1512 963 appretmsioum

255 986 290 1043 et
313 982 518 1065 appetitivam
540 980 687 1048 hominis.
734 979 796 1062 (cf.
820 1003 852 1048 n.
879 984 931 1060 16,
956 980 1024 1065 80.)

354 1085 397 1151 Vi
419 1085 514 1150 huius
537 1087 759 1171 proportionis
780 1087 1014 1173 psychologice
1037 1089 1245 1155 necessariae
1267 1088 1316 1155 ita
1337 1110 1373 1156 se
1393 1090 1515 1158 habere

258 1192 364 1257 debet
392 1191 548 1259 voluntas
578 1194 620 1260 ad
650 1194 871 1278 appetendum
899 1195 1030 1273 bonum,
1061 1196 1331 1278 quemadmodum
1355 1218 1391 1263 se
1414 1198 1515 1265 habet

256 1300 452 1367 intellectus
467 1300 511 1365 ad
525 1300 646 1367 bonum
669 1296 940 1384 cognoscendum.
982 1305 1082 1388 Atqui
1104 1302 1291 1369 intellectus
1314 1307 1427 1371 noster
1449 1324 1513 1370 non

200 1419 203 1423 ’
258 1408 371 1473 solum
400 1406 563 1474 rationem
592 1408 669 1474 boni
695 1412 865 1491 tamquam
894 1408 1056 1475 rationem
1085 1408 1159 1474 finis
1181 1409 1215 1473 in
1239 1410 1401 1477 communi
1425 1414 1458 1476 et
1481 1409 1514 1475 in

259 1512 458 1597 particulari
477 1514 720 1596 ,intellegere“,
738 1514 912 1581 sedetiam
930 1514 971 1580 de
987 1514 1159 1598 multiplici
1175 1518 1210 1581 et
1224 1516 1367 1581 maxime
1383 1516 1515 1583 diversa

258 1621 394 1686 ratione
423 1620 499 1686 boni
529 1641 651 1699 eorum,
682 1642 768 1704 quae
802 1621 888 1700 ,sint
910 1621 953 1687 ad
975 1622 1106 1698 finem“,
1142 1621 1366 1699 ,ratiocinari‘
1393 1626 1514 1707 petest,

258 1727 283 1792 i.
309 1747 340 1793 e.
365 1727 562 1810 expendere,
593 1727 670 1809 quid
700 1726 816 1810 cuique
846 1746 958 1793 sorum
986 1724 1144 1792 bonitatis
1173 1726 1228 1791 vel
1250 1726 1406 1806 malitiae,
1437 1727 1514 1811 quid

260 1833 422 1901 utilitatis
444 1834 499 1900 vel
522 1834 718 1900 incommodi
741 1834 812 1899 sive
835 1834 878 1900 sd
900 1832 1068 1917 proximos
1083 1834 1165 1898 fines
1181 1831 1252 1899 sive
1268 1832 1310 1898 ad
1326 1834 1422 1899 finem
1438 1833 1515 1900 ulti·

258 1961 365 2017 mum,
395 1944 455 2006 aut
484 1940 562 2022 quid
591 1940 653 2005 sub
683 1940 812 2007 ratione
841 1939 917 2006 boni
947 1939 1162 2023 adiaphorum
1193 1940 1377 2007 conveniat.
1427 1940 1515 2026 iiten

259 2045 425 2111 eiusmodi
457 2045 676 2112 ratiocinandi
705 2045 858 2113 facultati
888 2066 930 2111 ex
959 2048 1057 2129 parte
1086 2044 1256 2128 potentias
1292 2046 1515 2113 intellectivae

260 2152 410 2233 analoga
432 2150 577 2218 facultas
599 2172 643 2217 ex
665 2156 761 2236 parte
784 2152 953 2236 potentiae
976 2151 1180 2235 appetitivac
1203 2152 1357 2217 rationali
1379 2172 1514 2236 respon·

260 2256 345 2323 dest
366 2277 502 2324 necesse
524 2262 586 2337 est,
609 2257 631 2324 i.
656 2279 684 2325 e.
709 2258 760 2323 vis
776 2259 918 2325 electiva
932 2278 991 2324 seu
1007 2258 1143 2325 libertas
1158 2256 1406 2326 indifferentiae.
1438 2260 1515 2326 Ideo

260 2364 354 2429 enim
384 2364 418 2428 in
447 2385 509 2429 usu
539 2364 678 2431 rationis
707 2386 767 2431 seu
795 2364 829 2430 in
858 2363 1078 2431 indifferentia
1101 2362 1211 2429 iudicii
1233 2364 1329 2431 radix
1351 2366 1515 2433 libertatis

261 2470 335 2535 sita
363 2490 437 2535 esse
458 2474 549 2537 recte
572 2471 700 2550 dicitur,
732 2471 809 2553 quia
831 2471 982 2555 potentia
1006 2470 1147 2537 electiva
1170 2471 1351 2538 voluntatis
1373 2474 1515 2557 psycho-

261 2576 374 2659 logice
397 2578 549 2645 naturale
571 2578 659 2643 illius
682 2578 955 2661 complementum
978 2576 1182 2644 constituit1.

261 2715 327 2786 111.
419 2714 578 2788 Probeiur
597 2715 650 2787 11⁰.
696 2718 750 2783 Ex
771 2721 904 2784 intimae
927 2722 1135 2785 coesdmtiee
1158 2722 1341 2786 testimonio.

357 2824 480 2893 Intima
503 2825 708 2908 experientia
731 2826 912 2892 certissime
934 2826 1029 2891 nobis
1052 2830 1183 2893 constat
1213 2847 1282 2905 nos,
1313 2824 1368 2890 ubi
1391 2846 1433 2891 ex
1456 2846 1515 2893 vo·

262 2932 398 2997 luntate
414 2935 524 2997 actum
540 2932 683 3015 aliquem
705 2932 912 2999 rationaliter
929 2934 1178 3017 praecognitum
1193 2932 1332 3017 posituri
1348 2934 1401 2999 vel
1418 2934 1516 2999 omis·
1545 2966 1546 2969 ¹

263 3036 339 3101 suri
362 3058 484 3115 sumus,
509 3040 538 3105 1.
562 3040 747 3106 attentione
769 3058 809 3104 ac
831 3037 1010 3105 reflexione
1033 3060 1092 3123 pro
1116 3038 1252 3105 arbitrio
1275 3042 1389 3105 nostro
1412 3039 1461 3105 uti
1483 3039 1515 3105 in

263 3142 489 3227 ponderandis
512 3144 645 3211 motivis
668 3144 851 3223 contrariis,
876 3165 960 3227 quae
981 3146 1074 3213 nobis
1098 3150 1213 3212 contra
1236 3144 1438 3229 propositum
1462 3167 1516 3212 ra·

263 3248 369 3315 tionis
392 3253 553 3333 exparte
576 3251 744 3335 appetitus
767 3250 931 3317 inferioris
954 3256 1149 3337 suppetunt;
1182 3255 1212 3318 2.
1236 3272 1295 3317 nos
1318 3251 1515 3317 motivorum

264 3358 310 3423 ab
340 3356 513 3422 inhonesto
548 3356 801 3423 abstementium
835 3361 870 3423 et
899 3357 942 3423 ad
971 3358 1145 3425 honestum
1176 3357 1412 3442 impellentium
1446 3358 1515 3423 suf·

263 3462 446 3529 ficientiam
457 3468 526 3529 tum
543 3463 642 3529 etiam
659 3464 833 3529 advertere
849 3469 884 3530 et
899 3485 1088 3547 agnoscere,
1102 3486 1173 3531 cum
1186 3465 1271 3531 male
1284 3484 1382 3547 agere
1394 3464 1515 3549 reipsa

265 3568 484 3646 deceruimus,
515 3573 550 3634 et
579 3569 732 3647 vicissim,
766 3592 839 3636 cum
869 3572 953 3636 bene
983 3592 1083 3655 agere
1115 3571 1274 3655 eligimus
1304 3570 1427 3637 sentire
1456 3592 1516 3637 nos

264 3674 519 3742 vehementibus
548 3676 689 3741 stimulis
719 3678 761 3743 ad
791 3658 959 3744 contraria
988 3678 1128 3757 incitari,
1158 3682 1248 3744 metu
1276 3677 1443 3755 sollicitos,
1475 3698 1516 3743 ns

265 3782 334 3848 illis
356 3781 622 3859 succumbamus;
647 3786 678 3850 3.
702 3806 800 3869 posse
822 3806 882 3850 nos
904 3806 965 3869 pro
988 3784 1093 3851 lubitu
1117 3785 1246 3850 differre
1262 3783 1315 3849 vel
1331 3785 1516 3850 accelerare

263 3889 513 3968 resolutionem,
537 3890 614 3971 quin
637 3911 774 3973 usquam
799 3890 876 3973 quid
893 3892 1114 3969 observemus,
1139 3912 1202 3973 quo
1218 3892 1408 3974 necessitate,
1432 3891 1517 3956 hanc

264 3994 501 4061 resolutionem
518 3996 745 4073 antecedente,
769 3997 812 4062 ad
827 4019 927 4062 unum
943 3997 1095 4062 absolute
1110 3996 1292 4073 trahamur,
1317 3995 1419 4061 donec
1441 4000 1515 4063 tan-

265 4102 342 4166 dem
365 4100 431 4183 ipsi
453 4104 512 4166 aut
534 4102 620 4167 velle
643 4107 702 4168 aut
724 4104 821 4183 nolle,
846 4106 904 4169 aut
919 4102 1006 4167 velle
1022 4098 1146 4181 serius,
1162 4102 1266 4181 citius,
1292 4104 1444 4188 eligamus
1463 4103 1515 4168 vel

265 4200 378 4273 etiam'
402 4206 437 4270 in
469 4210 674 4273 antecessum
707 4210 792 4274 hanc
825 4208 1019 4275 electionem
1049 4208 1261 4293 hypothetice
1292 4208 1515 4285 decernamus,

266 4315 368 4397 pro‘ut
390 4312 501 4395 aliqua
524 4314 670 4380 condicio
693 4314 806 4381 futura
829 4315 1023 4398 contingens
1042 4316 1191 4381 evenerit
1206 4315 1259 4381 vel
1275 4335 1384 4391 secus3
1410 4316 1439 4380 4.
1457 4336 1516 4380 nos

264 4420 375 4506 ipsam
404 4418 637 4485 resolutionem
667 4420 791 4487 factam
821 4422 891 4488 sive
915 4422 1056 4508 positive
1079 4423 1150 4488 sive
1177 4422 1333 4503 negative
1362 4422 1453 4487 notis
1482 4429 1517 4485 ut

265 4530 352 4592 ceria
383 4527 566 4592 auctoribus
593 4530 762 4610 tamquam
791 4528 890 4594 laude
916 4530 970 4595 vel
993 4528 1157 4614 vituperio
1181 4515 1312 4610 dignam
1336 4526 1515 4612 imputare:

268 4635 298 4698 5.
324 4652 387 4697 nos
418 4636 512 4699 actu's
544 4632 725 4699 voluntatis
748 4634 962 4713 necessarios,
994 4656 1025 4701 v.
1058 4655 1089 4716 g.
1121 4634 1304 4718 appetitum
1335 4632 1514 4711 felicitatis,

268 4738 368 4804 valde
383 4738 467 4803 bene
483 4737 684 4821 distinguere
700 4740 741 4805 ab
757 4739 807 4819 iis,
824 4761 906 4822 quos
921 4762 982 4825 pro
998 4740 1134 4807 arbitrio
1151 4739 1316 4823 eligimus;
1342 4743 1371 4807 6.
1392 4740 1517 4804 nullum

361 4944 432 4999 ¹cf.
450 4944 634 5001 Ratiocininm
653 4950 680 5002 S.
704 4948 819 5003 llromee
840 4950 869 5014 l,
895 4966 921 5019 q.
940 4950 990 5014 83,
1017 4966 1041 5003 a,
1060 4951 1092 5015 4,
1118 4966 1201 5019 supra
1226 4948 1260 5002 ad
1283 4966 1309 5002 n.
1331 4948 1379 5003 101
1405 4947 1517 5003 anobis

274 5034 423 5089 recitatum.

321 5128 611 5182 normannensis
630 5130 648 5172 Ι.
668 5130 741 5174 saa
1293 5126 1308 5177 6
