3909 5842
496 701 536 756 De
555 703 633 757 modo
651 702 783 758 indirecto
802 703 953 774 deponendi
972 705 1083 760 dubium
1102 705 1261 776 practicam.
1440 711 1504 776 283

253 876 300 935 sic
320 878 398 936 enim
417 877 560 938 vitaverit
579 879 697 952 malurn,
719 887 861 956 quantum
881 881 980 958 potuit
990 885 1006 942 ¹.
1035 881 1067 941 Si
1089 879 1259 942 discernere
1279 882 1375 942 minus
1396 883 1504 943 malum

255 973 346 1032 etiam
368 993 426 1033 non
448 979 556 1050 potest,
578 981 649 1051 agat
670 977 746 1052 qnod
767 977 896 1048 libuerit,
918 996 973 1037 nec
991 983 1145 1056 peecatum
1161 979 1333 1052 committet,
1355 981 1424 1057 quia
1438 1000 1504 1058 pec·

256 1089 327 1130 cura
346 1071 511 1132 inevitabili
531 1074 715 1134 necessitate
734 1075 875 1152 implicat.

256 1255 322 1338 §a
354 1257 409 1322 De
432 1256 548 1324 modo
572 1258 785 1327 indirecto
810 1259 1050 1344 deponendi
1073 1261 1236 1327 dubium
1262 1262 1504 1346 practicum.

616 1400 648 1452 n.
667 1396 784 1470 span·
801 1396 973 1470 munuum
990 1396 1148 1468 emnium

255 1499 323 1572 314.
415 1501 538 1580 Quodsi
553 1505 654 1572 etiam
666 1527 687 1571 a
699 1506 903 1590 sapientibus
915 1505 1063 1572 adbibita
1079 1505 1228 1588 diligenti
1245 1505 1506 1574 consideratione

256 1609 390 1675 dubium
413 1610 655 1694 speculativum
678 1613 720 1679 de
742 1633 779 1678 re
802 1611 973 1697 proposita
1002 1612 1100 1695 plane
1131 1611 1215 1677 solvi
1245 1632 1309 1676 non
1340 1612 1445 1696 possit
1473 1617 1507 1681 et

255 1715 352 1799 proin
375 1716 430 1780 vel
452 1716 558 1782 maior
580 1718 635 1783 vel
658 1719 765 1784 minor
787 1716 980 1801 syllogismi,
1012 1737 1075 1799 quo
1100 1716 1319 1784 conscientiae
1343 1718 1507 1786 dictamen

256 1842 318 1905 per
341 1823 581 1890 conclusionem
613 1824 750 1890 formari
779 1824 908 1902 debeat,
938 1823 1145 1906 relinquatur
1175 1822 1274 1890 dubia
1303 1826 1358 1890 vel
1389 1826 1506 1892 saltem

256 1949 323 1994 non
356 1929 446 1994 ultra
477 1930 723 2013 probabilitatis
752 1931 875 1997 limites
905 1951 1009 2013 usqne
1033 1931 1074 1996 ad
1098 1930 1254 1996 moralem
1280 1931 1507 1997 certitudinem

256 2033 458 2118 pertingens,
483 2036 648 2102 conclusio
672 2057 800 2119 quoque
823 2037 899 2102 inde
922 2036 1063 2102 deducta
1087 2041 1121 2102 et
1144 2035 1219 2102 hinc
1234 2037 1435 2104 couscientia
1450 2057 1509 2121 per

256 2161 295 2206 se
317 2145 352 2206 et
375 2140 500 2207 directe
523 2163 587 2207 non
611 2142 718 2224 magis
741 2147 833 2209 certa
856 2163 929 2208 esse
953 2147 1073 2227 potest.
1114 2140 1203 2208 Nihil
1227 2149 1338 2210 tamen
1361 2144 1507 2229 impedit,

258 2247 430 2330 quominus
463 2247 564 2314 certis
594 2246 847 2327 condicionibus,
881 2253 1035 2315 manente
1065 2249 1142 2315 licet
1173 2249 1270 2316 dubio
1293 2249 1507 2334 speculativa

258 2352 424 2420 dictamen
459 2354 681 2423 conscientiae
714 2357 896 2442 practioum
932 2357 1065 2423 aliunde
1100 2357 1192 2424 reddi
1229 2355 1335 2442 possit
1373 2359 1508 2434 certum,

257 2460 386 2528 seilicet
407 2465 563 2529 indirecte
585 2485 642 2528 seu
667 2465 800 2542 retexe,
825 2464 845 2530 i.
863 2485 891 2532 e.
915 2463 1068 2530 instituto
1091 2485 1177 2530 novo
1194 2464 1303 2548 aliquo
1318 2486 1417 2548 super
1433 2484 1509 2529 oon-

259 2567 439 2633 elusionem
463 2569 595 2636 dubiam
619 2571 737 2654 prioris
760 2570 943 2654 syllogismi
968 2572 1147 2655 ratiocinio,
1171 2573 1256 2656 quod
1281 2594 1318 2636 en
1341 2573 1405 2636 alio
1428 2577 1509 2636 certo

260 2681 291 2740 et
314 2675 353 2738 ab
379 2677 435 2741 illo
458 2677 691 2762 indeperrdente
709 2680 873 2764 principio
897 2679 1103 2764 depromitur.

349 2782 441 2850 lnter
463 2783 622 2848 eiusmodi
644 2785 804 2869 principia
828 2806 909 2868 prae
924 2784 1043 2851 ceteris
1059 2783 1120 2850 hou
1136 2784 1292 2866 generale
1306 2782 1509 2867 potissimum

257 2887 464 2956 nominatur:
492 2891 585 2973 ,Non
609 2899 652 2956 eet
675 2893 868 2978 imponenda
892 2895 1049 2978 obligatio,
1075 2895 1140 2957 nisi
1164 2893 1203 2956 de
1222 2914 1259 2956 ea
1276 2899 1357 2956 certo
1374 2887 1507 2956 constet“

258 2994 317 3060 vel
342 2998 412 3078 ,lex
437 2995 538 3062 dubio
561 2995 639 3075 (non
664 2997 861 3082 sufficienter·
880 2997 1101 3084 prornulpatu)
1124 3019 1188 3062 non
1212 2995 1358 3082 obluat.

350 3101 395 3166 ut
417 3101 500 3168 haec
524 3103 653 3184 quidem
678 3103 837 3182 doctrina,
862 3124 947 3186 quae
970 3104 1113 3170 servatis
1134 3103 1253 3169 debitis
1270 3101 1512 3168 condicionibus

259 3207 444 3290 legitimum
476 3229 550 3274 esse
579 3229 673 3274 usum
697 3210 775 3276 talis
797 3209 947 3294 principii
970 3209 1084 3275 reflexi
1110 3209 1150 3276 ad
1175 3207 1410 3274 efformandam
1434 3229 1511 3273 con-

257 3314 432 3380 scientiam
457 3321 581 3382 certam
606 3315 711 3394 docet,
735 3315 901 3400 proprium
926 3337 965 3382 ao
988 3315 1165 3400 genuinum
1183 3315 1433 3380 fundamentum
1449 3316 1510 3390 est,

258 3441 326 3502 quo
349 3425 497 3504 systema
523 3421 794 3507 ,probabilierrri“,
818 3422 905 3504 quod
928 3425 1060 3500 vocant,
1090 3421 1124 3486 in
1148 3421 1246 3486 rebus
1268 3419 1446 3485 moralibus
1462 3418 1512 3483 ni·

257 3526 345 3593 titur
355 3528 377 3594 ⁸.
423 3527 487 3593 Vel
510 3527 586 3594 hinc
608 3529 691 3595 satis
714 3533 863 3613 apparet,
895 3550 993 3612 quam
1016 3529 1114 3612 longe
1137 3549 1157 3594 a
1180 3527 1324 3594 veritate
1347 3527 1510 3603 aberrent,

258 3633 328 3716 qui,
361 3632 475 3718 inepta
507 3641 541 3702 ct
571 3635 747 3701 arbitraria
776 3635 872 3702 istius
902 3635 1043 3700 nominis
1073 3635 1357 3719 interpretatione,
1389 3631 1422 3698 in
1451 3631 1513 3697 hoc

354 3811 489 3864 ¹Suorez
506 3810 525 3864 l.
544 3828 567 3865 c.
586 3814 654 3865 sect.
673 3813 699 3875 5,
718 3812 735 3879 ἕ
754 3811 779 3866 3.

353 3898 560 3954 ’Luculentius
578 3905 606 3954 et
624 3900 710 3954 solide
728 3900 799 3954 idem
818 3904 1010 3969 argumentum
1023 3899 1175 3970 pertractat
1187 3899 1347 3966 Lebmlrulrl,
1365 3895 1513 3964 Theologia

258 3987 375 4042 moralis
393 3987 414 4052 Ι,
433 3988 561 4058 Friburgi
580 3990 625 4044 Br.
647 3989 723 4054 1883,
742 4007 769 4044 n.
789 3990 909 4044 78-118
930 3989 1096 4060 (complures
1115 3989 1244 4058 deinceps
1263 3986 1416 4053 editiones).

355 4075 568 4146 ⁸Systematice
587 4076 696 4145 quidem
722 4079 826 4148 primus
851 4077 1026 4148 proposuisse
1045 4077 1154 4131 ridetur
1183 4074 1436 4146 ,probabilismum“
1459 4074 1513 4126 Me·

258 4167 333 4218 dina
351 4163 382 4218 Ο.
401 4164 446 4218 Pr.
469 4165 497 4232 (t
517 4165 598 4231 1570)
619 4167 646 4219 in
667 4165 848 4220 commentar.
868 4168 896 4219 in
916 4168 928 4220 l
950 4173 978 4221 et
998 4167 1014 4220 2
1034 4167 1060 4221 S.
1080 4165 1162 4220 theol.
1182 4165 1210 4219 S.
1229 4163 1349 4218 Thomas
1370 4159 1465 4230 (1571)
1487 4165 1514 4214 st

264 4252 411 4320 ,instruct
438 4253 681 4307 confessariorum*
711 4255 804 4308 codem
830 4257 937 4322 etseq.
963 4253 1073 4308 saeculo
1098 4253 1209 4322 saepius
1235 4252 1316 4305 edita.
1361 4250 1425 4319 lpsa
1450 4265 1514 4300 vero

260 4341 471 4414 probabilistiea
489 4342 634 4412 principia,
653 4345 729 4396 recta
747 4343 852 4396 ratione
870 4343 1018 4406 suadente,
1037 4342 1092 4396 iam
1111 4345 1175 4395 ants
1195 4343 1272 4393 erant
1291 4338 1393 4409 passim
1412 4336 1514 4404 agnita,

260 4447 352 4498 eaque
370 4433 514 4500 propterea
539 4434 598 4483 tum
617 4430 689 4500 apud
708 4430 734 4484 S.
754 4430 886 4484 Tbomam
911 4434 970 4483 tum
990 4429 1061 4500 apud
1082 4427 1109 4482 S.
1129 4428 1349 4482 Beneventuram
1368 4429 1426 4479 tum
1446 4423 1516 4478 alios

260 4517 354 4572 claros
372 4518 528 4586 theologos,
549 4517 708 4572 Tridentina
726 4519 830 4588 synodo
850 4520 1015 4582 anteriores,
1035 4518 1062 4570 in
1083 4516 1192 4570 casibus
1211 4513 1424 4585 particularibus
1443 4513 1515 4566 iden·

259 4605 349 4660 tidem
375 4606 512 4677 applicata
536 4606 695 4676 reperimus.
734 4605 775 4660 cf.
794 4606 897 4676 period.
915 4605 971 4659 Der
990 4604 1136 4669 Katholik,
1162 4603 1253 4657 Mninz
1275 4601 1360 4666 1874,
1386 4601 1413 4655 Ι;
1437 4599 1516 4666 ,Pro-

261 4693 426 4749 babilismns
444 4695 499 4748 und
518 4694 756 4765 probabilistisuhe
775 4694 927 4763 Systeme‘,
946 4693 993 4747 ubi
1013 4697 1041 4746 et
1060 4692 1191 4746 historica
1210 4690 1331 4745 evolutio
1350 4694 1379 4743 st
1398 4689 1516 4758 genuina

260 4783 426 4852 systematis
451 4782 584 4852 principia
606 4800 660 4836 non
685 4782 775 4836 minus
798 4799 863 4835 vere
889 4799 969 4849 quam
997 4782 1127 4836 concinne
1146 4797 1179 4834 ac
1198 4779 1315 4834 dilucide
1335 4781 1515 4848 exponuntur.

261 4867 378 4924 Necnon
395 4871 435 4924 Dr
452 4873 582 4939 Ludwipa
599 4871 628 4924 in
646 4871 748 4941 period.
766 4869 925 4924 Zeitschrift
943 4871 988 4924 fdr
1006 4869 1083 4924 lietb.
1096 4868 1252 4936 Theologis,
1271 4867 1424 4921 Innsbruclr
1439 4867 1516 4925 1818.

262 4960 308 5014 ΙΙ;
335 4961 403 5026 ,Zur
421 4960 510 5028 Frage
534 4961 602 5014 uber
625 4961 675 5014 das
693 4959 913 5030 Moralaystem'.
950 4959 993 5014 cf.
1013 4961 1049 5014 Η.
1068 4959 1170 5013 Noidin
1190 4957 1217 5012 S.
1237 4958 1263 5012 J.
1282 4956 1310 5010 iu
1329 4955 1442 5009 Wetzer
1460 4955 1515 5008 und

263 5049 367 5113 Welte,
386 5047 618 5103 Kirchenlexilron
637 5047 726 5112 v111¹,
748 5047 827 5113 1893,
845 5051 896 5102 art.
915 5046 1135 5116 Morulsysteme.
