3909 5842
465 705 530 768 400
692 699 781 754 Sectio
800 699 834 755 ll.
872 700 952 754 Liber
970 700 1005 755 ΙΙ.
1043 700 1132 772 Caput
1150 701 1171 755 1.
1209 700 1349 755 Artionlns
1366 703 1394 755 4.
1431 700 1497 768 51.

465 879 686 958 constituitur,
711 881 813 963 probe
837 879 1061 962 distinguatur
1083 884 1225 965 oportet.
1256 881 1407 951 Alterum
1432 881 1562 966 quippe
1587 886 1639 946 est
1657 881 1708 963 for·

464 992 547 1056 mole
570 992 604 1054 et
632 1005 834 1052 communem
866 986 1077 1053 essentialem
1107 985 1270 1053 rationem
1300 987 1406 1052 omnis
1435 987 1522 1052 iuris
1555 987 1708 1053 exbibens.

464 1097 603 1162 alterum
629 1097 738 1160 autem
763 1093 1001 1176 quodammodo
1025 1096 1200 1177 materiae,
1232 1115 1297 1176 quo
1326 1095 1594 1177 unumquodque
1622 1093 1708 1158 insin

463 1201 630 1268 individuo
654 1220 746 1265 suam
770 1199 936 1284 propriam
960 1199 1082 1265 realem
1106 1199 1412 1267 determinationem
1436 1201 1547 1267 habet
1563 1200 1709 1282 atqneita

465 1309 507 1374 ab
538 1305 686 1372 omnibus
719 1304 792 1370 eliis
824 1305 1047 1388 distinguitur.
1094 1305 1188 1372 Circa
1215 1308 1358 1392 primum
1385 1309 1523 1372 tantum
1556 1306 1708 1392 proposito

466 1413 606 1480 assertio
629 1415 794 1478 versatur.
819 1447 862 1456 —
885 1411 978 1489 Quod
1008 1416 1121 1478 autem
1151 1413 1194 1478 ad
1223 1415 1390 1478 materiale
1412 1412 1497 1478 iuris
1524 1413 1707 1478 elementor

465 1520 595 1597 attinet,
621 1538 684 1600 quo
707 1516 788 1583 illud
812 1517 942 1602 proprie
966 1539 1032 1582 non
1054 1517 1088 1582 in
1112 1517 1241 1584 ratione
1259 1518 1349 1596 iuris,
1373 1517 1482 1583 sedin
1500 1519 1641 1585 ratione
1653 1521 1710 1582 toli¹

465 1625 545 1694 iuris
568 1629 638 1692 tum
663 1624 769 1707 quoad
794 1623 955 1690 obiectum
980 1629 1050 1690 tum
1074 1623 1182 1706 quoad
1205 1645 1364 1708 personas
1387 1629 1551 1692 concrete
1574 1624 1709 1690 determi-

465 1738 573 1810 natur,
597 1752 693 1797 nemo
717 1735 778 1809 est,
803 1731 859 1812 qui
881 1729 1013 1814 ignoret
1034 1734 1105 1796 tam
1128 1729 1240 1796 varias
1261 1731 1349 1796 illius
1368 1752 1499 1807 causas,
1527 1736 1606 1799 tam
1621 1731 1708 1796 varie:

466 1839 601 1923 originis
623 1837 737 1902 modos
760 1857 832 1902 esse
855 1857 961 1920 posse,
986 1857 1085 1920 quam
1107 1837 1202 1903 varia
1225 1841 1304 1904 sunt
1325 1838 1417 1904 facta
1434 1838 1708 1922 contingentiae

466 1946 583 2029 quibus
611 1945 669 2010 illa
699 1943 929 2010 determinatio
958 1943 1144 2009 necessario
1175 1943 1339 2028 dependet
1350 1947 1373 2010 ¹.
1418 1943 1471 2009 lta
1504 1965 1542 2010 v.
1570 1967 1605 2028 g.
1635 1946 1708 2009 inno

466 2073 558 2118 mera
587 2051 660 2118 iura
687 2070 816 2116 omnem
840 2071 932 2115 suam
957 2049 1146 2116 realitatorn
1169 2049 1204 2115 in
1226 2049 1419 2133 particulari
1440 2049 1624 2117 definitam
1647 2050 1707 2116 sl'r

466 2157 553 2224 beris
575 2156 740 2222 bominum
765 2153 1000 2233 contractibus,
1023 2155 1090 2220 alia
1113 2175 1193 2221 vero
1217 2155 1260 2221 ab
1282 2156 1393 2238 aliqua
1416 2156 1638 2225 ordinatione
1651 2177 1708 2222 aur

466 2263 613 2330 toritatis
643 2261 713 2326 sive
739 2261 870 2327 divinae
893 2260 964 2326 sive
987 2261 1150 2326 humanae
1174 2261 1358 2327 derivatam
1381 2261 1521 2330 babent.
1548 2301 1599 2312 —
1621 2267 1651 2328 2.
1671 2263 1707 2327 lor

465 2373 647 2456 formaliter
670 2367 912 2435 consideratum
937 2372 996 2434 aut
1019 2369 1202 2434 immediate
1225 2371 1284 2433 ant
1305 2368 1443 2434 mediate
1458 2368 1504 2433 ab
1522 2370 1707 2436 auctoritate

467 2477 578 2542 divina
608 2473 807 2540 descendere
836 2477 957 2558 potest,
989 2478 1089 2556 atque
1118 2474 1168 2540 ita
1197 2473 1327 2556 quidem
1356 2473 1409 2538 ius
1437 2473 1599 2542 divinum
1622 2483 1655 2542 et
1673 2478 1706 2539 ins

466 2584 641 2649 humanum
665 2601 731 2646 non
754 2583 823 2646 tam
848 2579 974 2662 origine
998 2601 1096 2662 quam
1120 2584 1256 2668 eripieris
1278 2583 1370 2646 modo
1392 2581 1481 2646 inter
1500 2602 1545 2647 so
1562 2583 1705 2648 differunt.

466 2691 503 2755 Id
533 2689 638 2773 ipsum
670 2686 755 2752 enim
778 2685 884 2752 thesis
914 2686 1065 2752 enuntiat
1093 2686 1264 2752 affirmans
1294 2707 1384 2751 omne
1405 2689 1469 2770 iar,
1499 2688 1641 2755 etiarnsi
1666 2709 1703 2771 per

467 2815 503 2860 se
527 2793 704 2859 humanum
729 2797 763 2858 et
786 2791 917 2858 humaui
942 2792 1022 2857 iuris
1046 2791 1289 2858 condicionibus
1311 2791 1489 2858 obnoxium
1521 2795 1585 2870 sit,
1617 2813 1705 2859 neres

466 2900 554 2967 sorio
577 2904 699 2976 tamen,
725 2901 887 2980 quatenus
909 2897 990 2963 iuris
1013 2898 1160 2964 valorem
1176 2898 1311 2978 babens,
1334 2898 1579 2980 aliquomodo,
1603 2900 1704 2966 scilicet

467 3008 585 3074 saltem
619 3004 763 3071 mediate
796 3008 829 3070 et
861 3003 1039 3070 ultimatim
1072 3005 1114 3070 ab
1144 3005 1344 3072 anctoritate
1374 3004 1488 3070 divina
1522 3006 1704 3073 doecenleu

467 3116 573 3196 neque
596 3111 694 3179 aliter
718 3111 830 3194 vigere
853 3131 960 3195 posse.
998 3115 1028 3178 3.
1053 3111 1203 3177 Assertio
1228 3113 1421 3179 uniuersalis
1442 3117 1498 3177 est
1522 3133 1568 3178 ac
1592 3111 1703 3198 perinde

466 3220 567 3296 valet,
591 3219 662 3285 sive
685 3218 815 3284 nomine
838 3217 918 3283 iuris
941 3217 997 3284 lex
1021 3218 1073 3282 vel
1097 3217 1181 3300 legis
1204 3217 1394 3302 complexus
1416 3218 1489 3283 sive
1509 3219 1703 3301 moralispr

391 3381 393 3384 .
466 3331 572 3394 testas
595 3325 818 3409 intellegatur.

466 3465 537 3537 498.
628 3463 789 3538 Probatur
810 3463 846 3534 1⁰.
893 3465 987 3544 (Iure
1014 3474 1137 3550 accepto
1157 3488 1219 3551 pro
1242 3469 1306 3552 lcqe
1332 3469 1379 3531 oet
1400 3469 1506 3549 legum
1531 3469 1693 3552 complere.

556 3571 659 3638 Omne
682 3574 733 3637 ius
755 3572 817 3638 hoo
840 3573 936 3638 modo
959 3573 1165 3638 intellectum
1189 3576 1249 3638 aut
1270 3573 1398 3654 legibus
1415 3571 1551 3656 diuinis,
1577 3573 1701 3639 sirene

465 3679 626 3745 toralibus
649 3679 719 3744 sive
737 3679 897 3762 positivis,
923 3683 981 3745 aut
996 3679 1124 3761 legibus
1140 3679 1292 3745 demonis
1308 3682 1449 3746 constet.
1480 3677 1597 3763 Leges
1612 3685 1701 3745 auten

466 3783 596 3849 divinae
621 3783 684 3864 (ius
708 3783 866 3868 divinum)
891 3785 1035 3851 divinam
1060 3784 1219 3867 originem
1243 3783 1276 3850 in
1298 3784 1371 3869 ipsa
1385 3801 1447 3850 sua
1462 3785 1605 3853 notione
1619 3785 1701 3850 inclo-

465 3891 563 3967 dunt;
588 3912 690 3974 quare
714 3891 800 3956 circa
823 3893 915 3974 leges
938 3895 1068 3958 tanturn
1090 3894 1250 3958 humanae
1265 3892 1336 3958 sive
1352 3891 1496 3975 scriptas
1512 3897 1550 3958 et
1566 3891 1701 3976 explicite

465 4017 525 4082 per
556 3996 787 4062 auctoritatem
812 3998 965 4064 socialem
991 3997 1191 4064 constitutas
1214 3998 1285 4063 sive
1308 3997 1457 4081 legitima
1480 3998 1698 4065 consuetudine

465 4103 616 4185 vigentes
640 4101 704 4186 (ius
727 4103 928 4187 humanum),
953 4125 1111 4189 praesens
1135 4105 1285 4188 quaestio
1308 4109 1471 4171 versatur.

553 4211 624 4276 lom
648 4232 719 4275 oero
743 4211 848 4293 legem
866 4211 989 4276 nullam
1006 4212 1181 4277 humanam
1198 4211 1359 4277 obiective
1374 4211 1519 4277 validam
1536 4211 1700 4278 subsistere
1743 4224 1744 4231 ¹

464 4337 571 4400 posse,
602 4335 687 4398 qnae
713 4337 778 4380 non
802 4317 909 4398 quoad
932 4317 1000 4381 vim
1024 4317 1191 4400 obligandi
1214 4339 1273 4383 seu
1296 4317 1480 4384 formaliter
1503 4317 1538 4384 in
1562 4319 1638 4400 lege
1658 4315 1700 4379 de

465 4445 550 4488 mum
577 4423 688 4488 divine
711 4423 875 4502 fundetur,
909 4423 1033 4507 pridem
1065 4423 1249 4490 luculenter
1272 4423 1535 4490 demonstratum
1560 4429 1622 4490 est.
1664 4421 1699 4486 fo

465 4529 549 4594 enim
582 4529 705 4596 directe
735 4529 916 4614 pertinent,
948 4551 1033 4612 quae
1065 4551 1165 4615 supra
1197 4530 1242 4610 (n.
1268 4531 1333 4595 292
1349 4530 1424 4612 sqq)
1457 4530 1498 4595 de
1528 4527 1696 4596 necessarii·

465 4657 549 4700 nexu
583 4635 800 4718 legislationis
830 4637 994 4721 positivae
1025 4659 1097 4702 cum
1129 4637 1203 4720 lege
1227 4636 1373 4703 naturali
1396 4641 1431 4702 et
1453 4640 1595 4703 aeterna
1616 4642 1698 4716 atque

464 4741 539 4806 inde
562 4743 721 4809 derivatis
744 4741 974 4809 essentialibus
998 4744 1082 4826 legis
1105 4743 1267 4827 positivae
1288 4742 1546 4828 proprietatibus
1563 4740 1696 4826 exposita

556 4955 562 4984 ¹
583 4951 623 5005 cf.
644 4951 745 5005 civite
764 4951 856 5006 cattol.
876 4969 928 5005 ser.
949 4951 982 5015 ll,
1002 4951 1041 5005 III
1062 4951 1128 5009 231:
1152 4953 1200 5005 Die
1215 4951 1387 5006 Grnudslttze
1405 4949 1455 5004 der
1467 4949 1635 5004 Sittlicbkeit
1651 4943 1692 4998 und

464 5041 512 5094 des
530 5037 633 5093 Rechts
652 5040 668 5107 ᾗ
690 5041 748 5092 121.
