3909 5842
577 677 618 732 De
636 679 789 734 ceasatmne
807 682 836 732 et
853 678 1004 733 mutatione
1022 678 1093 747 legis
1112 679 1256 749 positivae.
1473 685 1538 750 273

290 853 367 919 hinc
391 851 571 920 efficaciam
594 854 716 920 habere
738 855 819 920 iuris
841 855 944 921 validi
966 859 1036 922 tum
1061 857 1238 924 inducendi
1260 863 1330 925 tum
1347 861 1539 946 atropondi,

292 960 380 1044 apud
402 959 482 1026 iuris
505 960 673 1028 consultos
696 965 794 1028 extra
817 963 1077 1028 controversiam
1094 968 1221 1030 estnec
1237 965 1540 1051 nouphilosophice

291 1066 327 1131 in
349 1066 421 1151 ipsa
443 1071 563 1134 natura
586 1067 666 1133 iuris
688 1067 820 1134 socialis
842 1067 1032 1136 fundatur1.
1065 1069 1112 1136 Ut
1136 1074 1246 1137 sutem
1270 1073 1470 1140 consuetudo
1492 1071 1540 1137 le·

292 1173 410 1254 gitima
433 1179 468 1241 et
489 1173 557 1256 legi
580 1195 641 1258 par
664 1174 833 1242 aestimari
855 1175 970 1259 possit,
1001 1176 1189 1258 requiritur,
1217 1182 1255 1244 ut
1278 1179 1322 1244 sit
1345 1177 1379 1261 a)
1402 1178 1542 1245 honesta

292 1284 328 1345 et
357 1280 449 1346 utilis
478 1279 716 1358 communitati,
747 1277 781 1361 b)
805 1301 827 1346 a
849 1281 1084 1348 communitate
1113 1281 1186 1365 ipsa
1207 1281 1342 1349 inducta
1364 1303 1424 1367 per
1447 1288 1541 1348 actus

290 1385 452 1469 repetitos
469 1385 622 1469 publicos
637 1389 673 1452 et
688 1385 893 1452 voluntarios
908 1385 996 1467 (cum
1013 1386 1121 1453 animo
1137 1387 1297 1472 implicito
1313 1409 1349 1454 se
1365 1388 1539 1473 obligandi,

292 1513 365 1558 cum
390 1493 502 1576 agitur
519 1493 560 1558 de
575 1493 650 1575 legs
665 1493 873 1574 inducenda),
898 1490 930 1576 c)
945 1493 1101 1560 diuturna
1116 1499 1151 1561 et
1166 1494 1291 1578 absque
1306 1496 1542 1563 reclamatione

291 1599 425 1665 socialis
448 1599 659 1667 auctoritatis
681 1621 741 1684 per
763 1601 910 1667 notabile
933 1607 1063 1686 tempus
1087 1601 1248 1684 producta
1258 1603 1280 1668 ².

382 1706 424 1773 ll.
445 1707 580 1773 Tollitur
590 1711 641 1774 lec
656 1716 714 1773 out
727 1712 805 1794 lepis
820 1708 969 1793 oblipotio
985 1731 1023 1774 cn
1036 1717 1130 1795 parte
1146 1708 1196 1773 his
1212 1709 1386 1793 praecipue
1402 1709 1539 1786 actibus,

291 1812 481 1880 immediate
510 1817 570 1880 aut
598 1814 717 1880 saltem
747 1815 891 1881 mediate
914 1835 934 1879 a
957 1814 1149 1896 legislatore
1177 1815 1231 1880 vel
1259 1815 1329 1881 eius
1352 1835 1540 1881 successore

292 1919 519 1986 manantibus:

382 2028 413 2092 1.
438 2028 651 2112 deropotione,
675 2047 760 2108 quae
784 2031 836 2093 est
858 2027 1010 2111 partialis
1033 2027 1168 2093 abolitio
1192 2027 1292 2110 legis3

385 2135 415 2200 2.
438 2138 656 2219 suspensione,
679 2154 745 2215 qua
767 2134 810 2199 ad
833 2139 964 2218 tempus
987 2133 1071 2216 legis
1094 2134 1242 2202 efficacia
1264 2135 1408 2214 sistitur;

384 2243 414 2307 3.
439 2242 683 2328 dispensatione,
707 2263 792 2324 quae
813 2246 866 2308 est
885 2241 1096 2325 obligationis
1111 2243 1274 2309 relaxatio
1290 2247 1443 2328 respectu
1459 2263 1540 2307 nou·

294 2346 457 2412 nullomm
480 2369 540 2432 pro
564 2367 643 2413 casu
666 2347 869 2431 particulari,
893 2351 1048 2415 manente
1071 2350 1129 2416 illa
1151 2349 1273 2416 intuitu
1296 2349 1450 2421 aliorumz

384 2456 415 2519 4.
439 2457 641 2539 exemptione,
673 2473 757 2535 quse
785 2458 837 2519 est
868 2453 1069 2539 dispensatio
1100 2455 1350 2540 inperpetuum
1374 2475 1539 2522 concessa.

383 2558 511 2623 Partim
523 2559 565 2624 ed
578 2559 853 2644 dispensationem
866 2560 987 2644 partim
1003 2561 1045 2626 ad
1062 2561 1304 2646 exemptionem
1320 2562 1429 2646 aliquo
1445 2561 1540 2628 modo

293 2664 438 2747 pertinet
452 2665 508 2730 lex
524 2665 726 2744 favorabilis,
751 2687 835 2749 quae
854 2665 1094 2754 ,priuilepium‘¹
1112 2671 1252 2734 vocatur
1268 2673 1302 2736 et
1318 2668 1352 2734 vi
1373 2669 1464 2736 ouius
1480 2669 1540 2736 ali·

387 2883 395 2914 ¹
417 2881 528 2950 ,Omnis
547 2882 594 2936 lex
613 2884 794 2954 proficiscitur
812 2902 829 2937 a
847 2885 953 2938 ratione
972 2888 1001 2938 et
1012 2884 1154 2940 voluntate
1173 2885 1355 2953 legislatorie;
1374 2887 1420 2941 lex
1433 2886 1541 2956 quidem

293 2970 389 3024 diviua
408 2974 436 3024 et
454 2971 587 3026 naturalis
605 2991 622 3027 a
639 2972 796 3028 rationabili
815 2973 865 3027 Dei
884 2974 1034 3038 voluntate,
1053 2973 1099 3028 lex
1118 2978 1208 3030 autem
1227 2975 1345 3030 humana
1364 2994 1381 3029 a
1399 2976 1542 3030 voluntate

294 3059 412 3114 hominis
430 3061 535 3114 ratione
553 3059 689 3129 regulata.
708 3061 791 3130 ¹Sicut
810 3065 902 3117 autem
920 3064 990 3117 ratio
1010 3069 1038 3117 et
1050 3063 1178 3118 voluutas
1196 3065 1313 3119 hominis
1331 3065 1542 3119 manifestantur

294 3147 379 3202 verbo
397 3148 426 3202 in
444 3148 526 3202 rebus
544 3150 673 3216 agendis,
692 3150 732 3204 ita
751 3152 833 3204 etiam
852 3151 1065 3206 manifestantur
1083 3152 1168 3215 faoto;
1195 3152 1246 3206 hoc
1264 3153 1336 3206 enim
1354 3152 1541 3222 uuusquisque

293 3237 398 3303 eligere
416 3237 526 3291 videtur
549 3241 582 3291 ut
599 3238 713 3303 bonum,
740 3240 811 3307 quod
837 3257 918 3309 opere
937 3240 1040 3310 implet.
1077 3239 1254 3293 Manifestum
1276 3243 1320 3294 est
1337 3244 1443 3304 summ,
1470 3241 1541 3309 quod

294 3326 379 3380 verbo
397 3325 515 3380 humano
533 3331 624 3398 potest
642 3332 671 3381 et
689 3329 787 3382 mutari
806 3328 851 3381 lex
871 3332 899 3382 st
923 3328 1006 3382 etiam
1032 3332 1145 3398 exponi,
1171 3328 1199 3380 in
1224 3332 1356 3396 quantum
1381 3329 1542 3384 manifestat

293 3415 452 3469 interiorem
479 3418 583 3469 motum
610 3420 639 3470 et
665 3421 826 3487 conceptum
854 3418 968 3471 rationis
995 3417 1145 3482 humanse;
1176 3417 1247 3470 uude
1275 3417 1358 3471 etiam
1386 3435 1435 3486 per
1462 3421 1541 3472 actus

293 3504 415 3558 maxime
434 3503 645 3574 multiplicatos,
670 3505 716 3574 qui
736 3505 960 3560 consuetudinem
979 3505 1117 3571 efficiunt,
1142 3505 1243 3560 mutari
1268 3508 1359 3575 potest
1384 3505 1431 3560 lex
1450 3509 1477 3560 et
1496 3524 1541 3560 ex·

293 3592 373 3662 poni,
399 3597 427 3646 et
446 3593 529 3646 etiam
548 3593 650 3663 aliquid
669 3595 791 3659 causari,
810 3595 881 3664 quod
900 3595 970 3663 legis
989 3595 1120 3650 virtutem
1139 3595 1274 3662 obtineat,
1293 3595 1321 3648 iu
1340 3599 1471 3664 quantum
1490 3597 1542 3652 soi·

293 3681 362 3735 licet
385 3699 434 3753 per
458 3682 609 3736 exteriores
634 3688 713 3738 actus
738 3683 935 3754 multiplicatos
959 3683 1073 3738 interior
1091 3683 1242 3738 voluntatis
1266 3687 1358 3738 motus
1383 3685 1542 3740 strationis

294 3774 443 3840 conceptus
469 3771 660 3826 efficacissime
686 3771 848 3826 declaratur.
886 3772 953 3827 Cum
981 3773 1052 3826 euim
1078 3772 1181 3842 aliquid
1203 3771 1343 3827 multoties
1361 3773 1407 3836 lit,
1434 3773 1542 3828 videtur

294 3876 331 3912 ex
350 3858 498 3913 deliberato
517 3861 632 3914 rationis
650 3861 749 3914 iudicio
767 3860 920 3930 provenire.
951 3861 987 3914 nt
1006 3861 1154 3916 secundnm
1174 3861 1224 3915 hoc
1244 3865 1404 3916 consuetudo
1423 3869 1447 3916 et
1464 3865 1542 3918 habet

292 3949 349 3999 dm
374 3949 440 4015 lepis
465 3956 488 4001 et
512 3951 592 4017 lepem
618 3951 702 4003 addet
727 3957 751 4002 et
775 3959 812 4003 est
830 3951 917 4017 lepum
936 3954 1153 4018 interpretatrix.
1168 3991 1174 4003 .
1190 3991 1216 4004 ..
1254 3949 1414 4016 Multitudo,
1441 3951 1469 4004 in
1488 3969 1541 4020 qua

294 4037 463 4091 consuetudo
481 4037 676 4105 introducitur,
702 4039 818 4108 duplicis
844 4039 1010 4093 condicionis
1035 4056 1095 4094 essa
1121 4043 1219 4109 potest.
1257 4039 1284 4093 Si
1312 4039 1381 4093 enim
1401 4039 1438 4093 ait
1456 4039 1542 4094 libera

293 4125 451 4191 multitudo,
469 4143 540 4194 quse
558 4127 645 4196 possit
663 4127 715 4180 sibi
733 4127 823 4195 legem
842 4127 942 4195 facere,
960 4128 1023 4197 plus
1042 4129 1084 4181 est
1103 4145 1251 4182 consensus
1263 4127 1348 4182 totius
1360 4127 1542 4182 multitudinis

294 4216 331 4270 ad
350 4215 453 4285 aliquid
478 4215 692 4280 observandum,
718 4216 789 4284 quod
816 4218 982 4270 consuetudo
1001 4217 1174 4282 manifestat,
1203 4234 1283 4286 quam
1303 4219 1452 4271 auctoritas
1471 4218 1542 4287 prin·

295 4305 380 4374 cipis,
406 4305 453 4373 qui
477 4323 531 4358 non
556 4305 640 4358 habet
657 4309 823 4375 potestatem
841 4305 975 4359 condendi
993 4305 1097 4373 legem,
1123 4305 1176 4360 uisi
1195 4306 1222 4358 in
1241 4309 1374 4374 quantum
1393 4306 1465 4374 gerit
1483 4323 1542 4376 per·

294 4409 390 4446 sonam
410 4392 607 4458 multitudinis;
632 4393 703 4447 uude
721 4393 786 4448 licet
803 4393 928 4462 singulae
953 4411 1085 4464 personas
1111 4411 1162 4447 non
1189 4393 1294 4464 possint
1312 4394 1426 4448 condere
1445 4394 1542 4461 legem,

294 4484 389 4536 tamen
414 4487 489 4536 totus
514 4482 631 4552 populus
657 4483 771 4536 condere
797 4483 886 4550 legem
912 4485 1011 4552 potest.
1051 4483 1080 4536 Si
1105 4501 1170 4536 vero
1195 4483 1341 4536 multitudo
1366 4501 1419 4536 non
1444 4483 1544 4537 habeat

295 4570 411 4626 liberam
429 4575 594 4641 potestatem
621 4571 753 4625 condendi
776 4572 830 4626 sibi
851 4570 940 4640 legem
959 4571 1004 4624 vel
1023 4570 1113 4640 legem
1132 4587 1148 4624 a
1166 4570 1299 4641 superiori
1317 4574 1454 4640 potestate
1473 4572 1541 4642 posi-

293 4665 355 4716 tam
373 4660 545 4722 removendi,
570 4663 662 4714 tamen
686 4661 748 4729 ipsa
766 4660 932 4715 consuetudo
950 4659 979 4713 in
997 4657 1048 4714 tali
1066 4659 1240 4714 multitudiue
1258 4659 1421 4729 praevalens
1439 4661 1542 4717 obtinet

295 4749 353 4803 vim
372 4748 458 4816 legis,
482 4751 514 4802 in
532 4757 663 4818 qnantum
677 4766 731 4815 per
748 4766 790 4802 eos
814 4749 964 4816 toleratur,
989 4749 1027 4800 od
1051 4765 1116 4816 quos
1138 4751 1256 4815 pertinaci
1274 4748 1444 4802 multitudini
1462 4752 1542 4819 lepem

294 4845 433 4907 imponere
439 4858 449 4902 ,·
467 4857 502 4892 ex
519 4838 571 4893 hoo
590 4838 662 4891 enim
680 4839 739 4907 ipso
758 4837 886 4891 videntur
903 4837 1068 4907 approbare,
1088 4839 1159 4907 quod
1179 4837 1346 4892 consuetudo
1365 4839 1539 4894 introduxit.u

296 4931 326 4983 S.
349 4929 451 4996 raom,
470 4927 496 4981 S.
516 4927 597 4981 theol.
619 4928 642 4992 1,
661 4927 685 4990 2,
705 4944 731 4996 q.
751 4927 793 4990 97,
812 4943 837 4980 a.
857 4927 882 4980 3.
920 4927 961 4981 cf.
982 4927 1059 4982 Grai.
1079 4927 1185 4980 Decret.
1207 4927 1230 4990 1,
1249 4927 1312 4980 dist.
1334 4928 1356 4991 l,
1376 4945 1398 4980 o.
1418 4928 1443 4981 5.

389 5015 459 5070 ’Gt
479 5017 592 5082 Suorez,
610 5014 650 5068 De
668 5014 722 5081 leg.
741 5014 760 5067 l.
781 5015 804 5078 7,
824 5031 847 5068 c.
866 5015 956 5083 6sqq.

349 5110 460 5162 noyer.
473 5111 512 5152 Ius
525 5109 640 5153 naturale.
659 5110 677 5153 Ι.
697 5110 738 5152 Ed.
752 5111 773 5153 ἵ.
1302 5103 1335 5158 18
