3909 5842
883 1547 1052 1666 Sestio
1090 1550 1266 1664 ultera.

660 1749 772 1847 Ius
815 1751 1079 1850 sociale
1123 1750 1190 1848 iu
1235 1775 1500 1872 genere.

960 2087 1200 2182 Prologus

453 2241 524 2314 344.
615 2243 653 2308 In
673 2241 806 2309 homine
829 2216 1008 2310 secundum
1031 2265 1138 2310 manea
1159 2252 1298 2310 acturae
1321 2243 1521 2309 condiciones
1546 2247 1637 2310 recte
1651 2263 1694 2307 or

453 2347 596 2415 dinando
618 2349 674 2414 lex
696 2349 858 2416 naturalis
880 2354 1045 2416 versatur.
1092 2347 1208 2433 Itaque
1232 2349 1309 2416 ordo
1331 2351 1473 2432 moralia,
1497 2349 1596 2415 cuius
1618 2347 1694 2434 pn'n·

453 2455 539 2542 cipia
550 2462 585 2525 et
596 2457 770 2539 generales
782 2476 915 2522 normas
931 2455 1041 2523 ethica
1055 2456 1221 2540 generalis
1237 2455 1342 2536 docet,
1367 2459 1402 2522 et
1417 2455 1525 2538 qualis
1541 2477 1565 2524 a
1575 2456 1694 2539 sapien·

452 2561 580 2629 tissime
603 2567 744 2629 naturae
766 2561 958 2644 legislatore
974 2561 1158 2630 intenditur
1173 2566 1273 2645 atque
1289 2562 1446 2641 sancitur,
1470 2565 1509 2627 ut
1524 2561 1693 2629 secundum

452 2671 560 2736 totum
590 2688 686 2733 suum
716 2667 875 2734 ambitum
904 2667 1034 2752 integre
1064 2669 1276 2754 compleatur,
1307 2667 1479 2734 universos
1508 2669 1695 2735 essentiales

453 2777 592 2840 naturae
614 2773 778 2840 humanae
800 2779 970 2859 respectus
999 2775 1153 2858 vitaeque
1184 2775 1391 2843 condiciones
1420 2774 1453 2840 in
1483 2771 1524 2839 iis
1549 2773 1694 2842 fundatas

454 2879 488 2945 in
510 2899 548 2945 se
571 2879 828 2964 comprehendat
850 2901 985 2948 necesse
1008 2885 1070 2948 est.
1101 2881 1245 2958 Quorum
1267 2881 1296 2947 ei
1311 2882 1365 2948 vel
1385 2879 1482 2946 unica
1497 2901 1579 2966 pars
1595 2881 1695 2963 negle-

454 2985 555 3069 gitur,
578 3006 639 3051 nee
663 2986 841 3052 universim
864 2995 967 3054 rectae
989 2995 1129 3054 acturae
1151 2991 1240 3073 ordo,
1264 3007 1361 3070 quem
1384 2987 1438 3052 lex
1457 2985 1592 3053 servari
1606 2988 1693 3062 iubet

452 3111 531 3158 vere
560 3092 714 3176 cognosci
745 3113 851 3176 neque
880 3093 1050 3177 legitimae
1080 3093 1156 3161 inde
1179 3093 1404 3160 conclusiones
1426 3092 1469 3159 ad
1493 3113 1594 3160 casus
1616 3093 1695 3158 vilae

452 3197 671 3284 particulares
696 3198 815 3265 deduci
837 3205 986 3284 possunt.
1022 3199 1130 3277 Quare
1153 3205 1191 3267 ut
1214 3219 1256 3266 ex
1279 3200 1363 3284 legis
1385 3200 1569 3267 universali
1592 3219 1694 3267 nonna

452 3303 611 3372 hacteuus
641 3305 736 3370 nobis
769 3305 920 3389 cognita,
952 3305 1030 3388 quid
1060 3307 1093 3371 in
1125 3306 1234 3391 specie
1260 3309 1489 3391 praeceptum,
1521 3307 1603 3390 quid
1628 3325 1693 3392 pro·

451 3409 607 3489 bibitum,
638 3411 717 3493 quid
739 3411 865 3477 licitum
888 3412 948 3490 sit,
981 3411 1132 3478 derivare
1155 3413 1326 3479 valeamus
1353 3411 1398 3496 (id
1426 3413 1512 3494 quod
1537 3413 1574 3478 in
1599 3414 1693 3480 altera

452 3517 549 3584 huius
563 3516 673 3600 operis
688 3522 785 3601 parte
808 3517 902 3584 nobis
924 3518 1128 3603 propositum
1152 3517 1228 3600 eet),
1253 3523 1332 3585 ante
1355 3519 1466 3584 omnia
1488 3518 1598 3603 ipsam
1621 3517 1693 3601 legis

453 3623 669 3708 applicandae
703 3623 798 3707 quasi
832 3624 1054 3708 provinciam,
1091 3645 1155 3708 qua
1190 3626 1257 3693 late
1292 3629 1403 3710 patet,
1439 3626 1596 3704 lustrari,
1629 3628 1693 3692 uci-

453 3751 588 3812 oereum,
611 3731 754 3815 inquom,
779 3739 917 3798 naturae
932 3733 1094 3798 humanae
1110 3740 1189 3798 recte
1212 3733 1419 3798 ordinandae
1434 3734 1591 3798 ambitum
1608 3751 1692 3816 prae·

453 3835 539 3901 liniri
562 3839 704 3920 oportet.

541 3941 587 4008 Et
617 3941 687 4007 eius
718 3941 849 4025 quidem
879 3947 1008 4027 partem
1037 3943 1124 4011 haud
1148 3944 1302 4028 exiguam
1325 3944 1392 4011 iam
1415 3950 1620 4030 compertam
1642 3944 1691 4009 ha·

452 4047 576 4115 bemus.
635 4047 718 4113 Esse
748 4048 834 4113 enim
863 4048 1039 4116 humanam
1071 4054 1223 4117 naturam
1254 4051 1628 4118 sentitivo-rationalem
1659 4069 1691 4114 ao

453 4154 590 4239 proinde
619 4174 686 4236 qua
713 4153 815 4221 talem
846 4159 938 4221 recte
967 4155 1192 4234 ordinandam,
1217 4177 1276 4241 per
1299 4155 1537 4242 experientiam
1561 4156 1691 4242 psyche·

452 4261 594 4344 logicam
624 4260 786 4340 novimus,
817 4264 853 4326 et
882 4261 987 4328 sidem
1018 4263 1153 4330 veritati
1184 4283 1314 4330 omnem
1338 4264 1378 4329 de
1401 4263 1530 4330 actibus
1553 4261 1691 4330 humanis

453 4369 634 4434 tractatum
657 4366 950 4450 superstruximus.
997 4367 1114 4452 Neque
1138 4367 1178 4434 de
1201 4391 1354 4456 supremo
1378 4369 1468 4436 finali
1492 4369 1585 4456 apice
1600 4368 1690 4436 totius

453 4471 576 4538 ordinis
599 4471 734 4538 moralis
757 4471 963 4555 ambigimus,
1006 4473 1093 4540 Nam
1116 4477 1207 4540 recte
1231 4475 1417 4541 ordinatum
1440 4473 1474 4540 in
1497 4479 1571 4543 tota
1592 4491 1687 4540 rerum

453 4577 671 4644 universitate
701 4575 781 4643 nihil
812 4598 885 4644 esse
915 4582 1036 4662 potest,
1068 4579 1154 4662 quod
1178 4601 1243 4646 non
1267 4579 1321 4646 vel
1345 4580 1488 4648 mediate
1511 4581 1566 4648 vel
1586 4581 1688 4646 imme

453 4683 542 4750 diate
565 4683 608 4750 ad
631 4683 747 4762 Deum,
771 4685 869 4749 finem
893 4684 1043 4750 ultimum
1061 4685 1204 4751 omnium
1219 4707 1339 4765 rerum,
1363 4686 1508 4752 finaliter
1522 4686 1686 4753 ordinetur.

454 4789 556 4853 Immo
589 4809 632 4855 ex
665 4789 762 4855 dictis
794 4789 877 4856 sads
909 4793 1052 4868 constat,
1085 4790 1118 4857 in
1151 4791 1291 4858 hominis
1314 4797 1408 4860 recta
1430 4793 1632 4862 ordinatione
1652 4787 1685 4855 cd

453 4897 568 4976 Deum,
602 4896 644 4962 ad
676 4917 714 4962 se
738 4897 844 4982 ipsum
868 4902 904 4964 et
933 4897 976 4963 ad
999 4897 1081 4964 alios
1111 4899 1258 4966 homiues
1281 4899 1436 4967 universa
1459 4899 1544 4985 legis
1567 4894 1683 4967 moralis

453 5006 633 5087 praecepta
655 5003 821 5086 compleri.
