3909 5842
617 699 658 753 De
676 699 819 754 nativitate
838 701 932 756 sociali
950 700 1060 772 proprie
1078 701 1160 754 dicta.
1448 706 1513 770 323

263 869 507 955 imputabilitas
529 869 578 936 ita
601 869 664 934 soli
686 868 862 953 imperanti
884 873 1083 948 reservetur,
1106 873 1144 936 ut
1165 869 1288 936 subditi
1306 870 1442 954 imperio
1457 870 1515 936 ob·

263 979 493 1063 temperantes
516 996 556 1042 ea
579 976 711 1060 penitus
735 977 880 1061 exempti
905 978 1031 1043 censeri
1055 980 1188 1059 queant.
1221 977 1353 1044 Etenim
1376 981 1516 1044 naturae

264 1105 307 1150 ac
332 1083 487 1166 dignitati
509 1083 626 1149 morali
650 1083 755 1148 omnis
778 1084 924 1168 corporis
947 1084 1079 1150 socialis
1102 1084 1231 1168 (utpote
1255 1085 1339 1166 quod
1356 1084 1516 1168 personis,

264 1190 398 1257 ratione
420 1193 455 1256 st
478 1187 631 1254 libertate
654 1188 823 1254 utentibus
846 1190 990 1271 constat)
1014 1188 1235 1255 essentialiter
1258 1193 1422 1273 repugnat
1435 1189 1544 1255 illud·

263 1296 461 1381 principium
479 1295 705 1361 oboedientiae
721 1297 892 1378 absolutae,
919 1317 983 1379 quo
1006 1295 1129 1362 subditi
1150 1296 1257 1362 instar
1279 1295 1450 1361 machinae
1473 1297 1515 1362 ad

265 1395 387 1481 omnia,
412 1421 635 1485 quaecumque
650 1401 864 1486 imperantur,
888 1406 922 1469 et
943 1403 1038 1468 unice
1059 1401 1136 1485 quia
1150 1401 1362 1486 imperantur,
1387 1401 1517 1469 etiamsi

265 1509 413 1592 ipsorum
438 1507 657 1574 conscientias
681 1508 797 1574 morali
812 1508 986 1574 manifeste
1002 1508 1170 1574 contraria
1184 1509 1261 1585 sint,
1286 1529 1383 1575 caece
1399 1529 1516 1594 coope-

265 1615 336 1680 rari
359 1618 537 1680 teneantur
549 1617 571 1683 ¹.

726 1701 754 1754 B.
775 1699 842 1756 linis
861 1701 935 1756 sotus
953 1701 1061 1757 reddis

264 1789 335 1862 373.
427 1792 515 1858 Finis
539 1791 725 1860 essentialis
749 1792 970 1876 cuiuscunque
993 1793 1164 1860 societatis
1187 1814 1227 1859 ac
1250 1793 1385 1878 proinde
1416 1795 1516 1862 etiam

267 1906 397 1964 actuum
420 1901 594 1980 sociatione,
619 1903 656 1966 ut
679 1919 722 1964 ex
745 1899 841 1966 dictis
864 1900 976 1983 liquet,
1001 1903 1053 1966 est
1068 1901 1199 1982 aliquod
1216 1902 1329 1967 bonnm
1346 1924 1516 1984 commone,

270 2008 400 2070 interno
424 2013 453 2070 ot
476 2013 607 2072 externa
630 2009 864 2090 conspiratione
885 2007 1172 2092 prosequendum.

361 2111 486 2176 Bonum
511 2114 622 2176 autem
651 2115 846 2188 ,cornmanc“
874 2133 939 2177 non
963 2116 1016 2177 est
1030 2113 1150 2177 bonum
1166 2112 1297 2194 aliquod
1314 2113 1518 2178 abstractum

270 2237 330 2282 seu
353 2217 545 2284 societatem
568 2220 698 2283 tantum
722 2217 900 2282 secundum
925 2218 1129 2284 abstractam
1153 2218 1223 2283 eius
1245 2221 1428 2284 totalitatem
1444 2240 1519 2304 per·

269 2323 392 2400 ficiens
425 2322 484 2388 ssd
514 2345 684 2389 commune
714 2327 881 2407 sociorum,
913 2325 933 2389 i.
959 2345 987 2390 e.
1019 2324 1186 2402 eiusmodi,
1218 2325 1304 2408 quod
1334 2325 1449 2392 bonurn
1479 2329 1519 2392 sit

271 2437 423 2515 qnantum
446 2431 520 2514 fiori
539 2433 641 2514 possit
663 2433 802 2495 omnium
827 2432 1041 2496 menbrorum
1063 2433 1228 2496 societatis.

360 2535 450 2630 Idem
462 2537 581 2600 bonum
594 2540 746 2620 respectu
763 2535 933 2602 societatis
948 2537 982 2602 in
998 2536 1111 2601 ordine
1123 2537 1268 2602 naturali
1280 2538 1517 2614 consideratas,

272 2642 370 2708 debet
393 2661 465 2706 esse
485 2663 545 2726 per
567 2665 600 2707 so
623 2650 809 2724 οπωνιυοιγ
831 2642 864 2707 id
888 2643 994 2708 solum
1018 2643 1103 2708 enim
1127 2643 1279 2710 societati
1303 2644 1427 2711 directe
1442 2666 1519 2730 pro·

271 2749 494 2832 portionatum
518 2753 585 2824 est;
617 2752 654 2814 ut
677 2751 780 2833 patet,
805 2748 832 2813 si
856 2753 986 2825 natura,
1010 2749 1126 2814 modus
1149 2752 1184 2814 et
1206 2749 1314 2814 media
1337 2751 1519 2818 activitatis

272 2855 403 2920 socialis
424 2858 626 2938 spectantur,
651 2876 734 2938 quae
749 2877 815 2920 non
838 2856 1002 2922 internam
1026 2856 1141 2934 salum,
1166 2855 1224 2920 sed
1248 2861 1420 2922 externam
1443 2879 1520 2924 con-

273 2961 485 3044 spirationem
509 2980 567 3026 seu
590 2961 707 3026 virium
732 2964 767 3026 et
790 2962 1018 3045 operationum
1040 2962 1193 3027 unionem
1209 2962 1356 3046 exigunt.
1392 2963 1520 3032 Notan-

273 3067 349 3131 dum
379 3070 500 3146 tamen,
531 3067 651 3132 bonum
682 3068 802 3133 sociale
837 3071 1047 3147 ,externum“
1074 3090 1139 3134 non
1162 3069 1248 3133 idem
1272 3069 1458 3152 significare
1481 3092 1521 3136 ac

273 3193 362 3237 mera
385 3172 567 3251 materiale,
591 3173 650 3238 sed
673 3173 851 3238 universim
875 3174 917 3240 ad
941 3195 1037 3240 omne
1060 3175 1179 3240 honum
1202 3175 1390 3254 humanum,
1421 3176 1521 3242 etiam

273 3279 505 3344 intellectualis
529 3279 583 3344 vel
607 3280 741 3346 moralia
764 3279 896 3358 ordinis,
922 3280 1066 3358 extendi,
1090 3287 1253 3363 quatenus
1272 3281 1352 3346 illud
1367 3282 1401 3346 in
1417 3282 1521 3347 socie-

273 3389 345 3450 tate
368 3384 510 3451 humana
533 3385 641 3469 aliquo
665 3384 761 3450 modo
785 3389 822 3452 ut
844 3389 1017 3451 externum
1042 3387 1209 3452 aestimari
1230 3391 1349 3471 potest,
1374 3387 1394 3455 i.
1412 3409 1440 3454 e.
1458 3409 1523 3471 qua

273 3492 439 3557 resultans
460 3513 502 3557 ex
526 3493 768 3558 condicionibus
792 3496 827 3558 st
850 3494 1095 3577 operationibus
1118 3493 1266 3560 externis
1289 3499 1390 3577 atque
1404 3495 1438 3560 in
1454 3495 1522 3560 suis

274 3598 434 3662 fructibus
457 3599 655 3665 sensibiliter
679 3620 842 3684 apparens
867 3605 901 3666 et
924 3601 1227 3668 commensurabile.
1259 3602 1388 3668 Dicitur
1410 3604 1522 3667 autem

276 3727 355 3790 „por
377 3705 427 3771 so“
437 3730 451 3789 ;
472 3727 548 3772 nam
572 3711 609 3772 ut
632 3707 676 3773 sit
692 3707 811 3772 bonurn
827 3728 953 3787 verum,
978 3708 1075 3775 debet
1094 3729 1189 3773 omne
1205 3709 1325 3774 honum
1341 3729 1521 3786 commune,

272 3812 485 3893 quantumvis
508 3816 543 3877 in
566 3835 599 3878 so
622 3818 805 3892 externum,
831 3813 1009 3880 ultimatim
1032 3814 1074 3878 ad
1089 3815 1208 3879 bonum
1231 3818 1399 3898 internum,
1423 3816 1522 3879 finem

272 3917 401 3983 scilicet
433 3918 582 3983 ultimum
615 3919 765 3998 hominis,
799 3920 915 3985 referri
946 3919 1041 4002 eique
1071 3920 1287 3996 subordinari,
1318 3921 1371 3983 vel
1402 3919 1521 3985 saltem

272 4023 488 4109 potentialem
512 4025 554 4089 ad
578 4025 608 4090 id
633 4030 819 4109 respectum
842 4026 973 4092 habere.

274 4131 430 4139 ..-——--·-

372 4167 381 4197 ¹
400 4165 451 4219 Est
468 4165 536 4220 haec
554 4165 681 4218 nimirum
700 4165 812 4232 indigna
830 4165 878 4219 illa
895 4165 1030 4220 humanae
1042 4165 1178 4219 libertatis
1191 4168 1220 4218 et
1230 4161 1434 4234 personalitatis
1451 4163 1521 4223 idea,

274 4273 356 4324 quam
376 4259 439 4325 post
452 4254 617 4309 Hohhssium
638 4254 720 4308 etiam
733 4255 854 4308 moderni
875 4255 942 4309 iuris
955 4254 1127 4325 philosophia
1140 4254 1274 4324 quaedam
1286 4270 1339 4306 non
1352 4255 1521 4321 aspernatur.

273 4341 367 4397 Testis
386 4346 428 4396 est
447 4343 467 4396 I.
487 4343 521 4395 H.
542 4361 567 4396 v.
590 4341 753 4396 Kirchmann
779 4343 851 4394 inter
876 4341 1092 4396 fundamentalia
1117 4342 1280 4396 moralitatis
1306 4357 1339 4394 ac
1365 4339 1431 4394 iuris
1450 4341 1521 4410 prin·

274 4430 347 4501 cipis
366 4430 417 4484 hcc
436 4429 594 4485 enuntians:
625 4429 696 4496 ,Das
716 4429 804 4484 Gebot
829 4430 866 4484 ist
891 4431 939 4484 der
964 4433 1089 4498 olleinr'ye
1113 4431 1167 4484 und
1187 4427 1311 4498 zuglsich
1336 4430 1409 4481 lone
1428 4426 1521 4481 Grund

275 4521 325 4575 des
350 4517 531 4572 Marelischen
558 4520 608 4572 wie
634 4519 682 4572 des
709 4518 835 4572 Rechts*
882 4517 932 4572 Die
959 4517 1167 4585 Grundhagriffe
1193 4519 1241 4572 des
1265 4517 1370 4571 Rechts
1393 4516 1448 4569 und
1474 4515 1522 4568 der

275 4607 372 4672 Moral,
392 4606 482 4660 Berlin
503 4607 579 4671 1869,
600 4608 660 4660 137.
699 4607 752 4673 (cf.
772 4623 855 4675 supra
874 4609 968 4660 notata
987 4607 1021 4660 ad
1040 4624 1066 4659 n.
1088 4608 1159 4674 144.)

365 4695 559 4762 'Aristotelen
578 4695 658 4748 Polit.
678 4697 710 4748 A.
730 4693 834 4758 11252,
854 4712 877 4758 a,
900 4695 929 4748 l:
948 4691 1048 4764 Ἐπειδὴ
1068 4700 1155 4748 πᾶσαν
1173 4695 1246 4747 πόλιν
1264 4697 1370 4763 ὁρῶμεν
1386 4694 1523 4746 κοινωνίαν

276 4785 333 4840 τινὰ
352 4783 433 4835 οὖσαν
452 4783 494 4834 καὶ
515 4789 602 4836 πᾶσαν
619 4783 754 4836 κοινωνίαν
773 4784 882 4850 ἀγαθοῦ
901 4785 969 4842 τινὸς
988 4783 1074 4835 ἕνεκεν
1099 4788 1279 4836 ουνεοτεκυῖαν
1302 4786 1365 4847 (τοῦ
1384 4781 1437 4851 γὰρ
1456 4781 1521 4833 εἶναι

276 4877 415 4931 δοκοῦντος
435 4873 543 4940 ἀγαθοῦ
559 4873 638 4941 χάριν
664 4873 749 4924 πάντα
769 4873 913 4939 πράττουσι
932 4871 1058 4936 πάντες),
1085 4872 1165 4940 δῆλον
1190 4873 1228 4931 ὡς
1246 4875 1328 4922 πᾶσαι
1344 4871 1394 4933 μὲν
1413 4870 1522 4938 ἀγαθοῦ

276 4963 345 5020 τινὸς
362 4961 551 5029 στοχάζονται,
575 4959 688 5022 μάλιστα
716 4961 747 5011 θέ
764 4959 807 5010 καὶ
827 4963 873 5011 τοῦ
898 4961 1064 5026 κυριωτάτου
1083 4961 1200 5024 πάντων,
1227 4955 1353 5028 ἡπαοιῦν
1370 4959 1520 5026 κυριωτάτη

275 5051 318 5102 καὶ
338 5051 425 5107 πάσας
444 5049 603 5117 περιέχουσα
623 5048 671 5106 τὰς
689 5045 778 5107 ἄλλος.

1258 5125 1312 5179 21’Ι
