<?xml version="1.0" encoding="UTF-8"?>
<!DOCTYPE html PUBLIC "-//W3C//DTD XHTML 1.0 Transitional//EN"
    "http://www.w3.org/TR/xhtml1/DTD/xhtml1-transitional.dtd">
<html xmlns="http://www.w3.org/1999/xhtml" xml:lang="en" lang="en">
 <head>
  <title>
</title>
<meta http-equiv="Content-Type" content="text/html;charset=utf-8" />
  <meta name='ocr-system' content='tesseract 3.04.00' />
  <meta name='ocr-capabilities' content='ocr_page ocr_carea ocr_par ocr_line ocrx_word'/>
</head>
<body>
  <div class='ocr_page' id='page_1' title='image "./institutionesiu00meyegoog_0321.png"; bbox 0 0 3909 5842; ppageno 0'>
   <div class='ocr_carea' id='block_1_1' title="bbox 507 690 1531 762">
    <p class='ocr_par' dir='ltr' id='par_1_1' title="bbox 507 690 1531 762">
     <span class='ocr_line' id='line_1_1' title="bbox 507 690 1531 762; baseline 0.006 -17"><span class='ocrx_word' id='word_1_1' title='bbox 507 690 686 746; x_wconf 82' lang='lat' dir='ltr'><strong>Condiciones</strong></span> <span class='ocrx_word' id='word_1_2' title='bbox 704 691 866 746; x_wconf 75' lang='lat' dir='ltr'><strong>essentiales</strong></span> <span class='ocrx_word' id='word_1_3' title='bbox 884 691 919 745; x_wconf 86' lang='lat' dir='ltr'><strong>ad</strong></span> <span class='ocrx_word' id='word_1_4' title='bbox 937 691 1059 746; x_wconf 85' lang='lat' dir='ltr'><strong>valorem</strong></span> <span class='ocrx_word' id='word_1_5' title='bbox 1077 691 1148 760; x_wconf 82' lang='lat' dir='ltr'><strong>legis</strong></span> <span class='ocrx_word' id='word_1_6' title='bbox 1167 693 1309 762; x_wconf 70' lang='lat' dir='ltr'><strong>positivae.</strong></span> <span class='ocrx_word' id='word_1_7' title='bbox 1467 697 1531 762; x_wconf 84' lang='grc'><strong>269</strong></span> 
     </span>
    </p>
   </div>
   <div class='ocr_carea' id='block_1_2' title="bbox 280 866 1538 4145">
    <p class='ocr_par' dir='ltr' id='par_1_2' title="bbox 280 866 1533 1592">
     <span class='ocr_line' id='line_1_2' title="bbox 370 866 1532 954; baseline 0.003 -22"><span class='ocrx_word' id='word_1_8' title='bbox 370 866 417 933; x_wconf 80' lang='lat' dir='ltr'><strong>At</strong></span> <span class='ocrx_word' id='word_1_9' title='bbox 439 887 504 933; x_wconf 91' lang='lat' dir='ltr'><strong>non</strong></span> <span class='ocrx_word' id='word_1_10' title='bbox 532 867 719 948; x_wconf 84' lang='lat' dir='ltr'><strong>advertunt,</strong></span> <span class='ocrx_word' id='word_1_11' title='bbox 750 870 875 934; x_wconf 75' lang='lat' dir='ltr'><strong>nudam</strong></span> <span class='ocrx_word' id='word_1_12' title='bbox 897 867 996 952; x_wconf 87' lang='lat' dir='ltr'><strong>plane</strong></span> <span class='ocrx_word' id='word_1_13' title='bbox 1019 888 1124 950; x_wconf 86' lang='lat' dir='ltr'><strong>neque</strong></span> <span class='ocrx_word' id='word_1_14' title='bbox 1146 867 1402 950; x_wconf 78' lang='lat' dir='ltr'><strong>magistratuum</strong></span> <span class='ocrx_word' id='word_1_15' title='bbox 1426 891 1532 954; x_wconf 89' lang='lat' dir='ltr'><strong>neque</strong></span> 
     </span>
     <span class='ocr_line' id='line_1_3' title="bbox 282 973 1531 1061; baseline 0.003 -23"><span class='ocrx_word' id='word_1_16' title='bbox 282 973 488 1056; x_wconf 87' lang='lat' dir='ltr'><strong>privatorum</strong></span> <span class='ocrx_word' id='word_1_17' title='bbox 519 976 648 1040; x_wconf 86' lang='lat' dir='ltr'><strong>firmam</strong></span> <span class='ocrx_word' id='word_1_18' title='bbox 678 977 898 1060; x_wconf 81' lang='lat' dir='ltr'><strong>oblipalionem</strong></span> <span class='ocrx_word' id='word_1_19' title='bbox 930 994 1013 1054; x_wconf 88' lang='lat' dir='ltr'><strong>esse,</strong></span> <span class='ocrx_word' id='word_1_20' title='bbox 1047 995 1131 1058; x_wconf 88' lang='lat' dir='ltr'><strong>quae</strong></span> <span class='ocrx_word' id='word_1_21' title='bbox 1160 998 1220 1061; x_wconf 78' lang='lat' dir='ltr'><strong>par</strong></span> <span class='ocrx_word' id='word_1_22' title='bbox 1249 977 1313 1042; x_wconf 83' lang='lat' dir='ltr'><strong>Dei</strong></span> <span class='ocrx_word' id='word_1_23' title='bbox 1342 979 1531 1043; x_wconf 80' lang='lat' dir='ltr'><strong>voluntatem</strong></span> 
     </span>
     <span class='ocr_line' id='line_1_4' title="bbox 280 1081 1533 1169; baseline 0.003 -23"><span class='ocrx_word' id='word_1_24' title='bbox 280 1085 358 1148; x_wconf 88' lang='lat' dir='ltr'><strong>rata</strong></span> <span class='ocrx_word' id='word_1_25' title='bbox 387 1102 451 1147; x_wconf 92' lang='lat' dir='ltr'><strong>non</strong></span> <span class='ocrx_word' id='word_1_26' title='bbox 481 1081 535 1158; x_wconf 89' lang='lat' dir='ltr'><strong>eit,</strong></span> <span class='ocrx_word' id='word_1_27' title='bbox 566 1085 675 1148; x_wconf 88' lang='lat' dir='ltr'><strong>ratem</strong></span> <span class='ocrx_word' id='word_1_28' title='bbox 705 1087 817 1148; x_wconf 88' lang='lat' dir='ltr'><strong>autem</strong></span> <span class='ocrx_word' id='word_1_29' title='bbox 848 1103 908 1166; x_wconf 93' lang='lat' dir='ltr'><strong>per</strong></span> <span class='ocrx_word' id='word_1_30' title='bbox 929 1083 1035 1147; x_wconf 91' lang='lat' dir='ltr'><strong>Deum</strong></span> <span class='ocrx_word' id='word_1_31' title='bbox 1067 1083 1189 1148; x_wconf 92' lang='lat' dir='ltr'><strong>nullam</strong></span> <span class='ocrx_word' id='word_1_32' title='bbox 1222 1103 1294 1148; x_wconf 87' lang='lat' dir='ltr'><strong>csse</strong></span> <span class='ocrx_word' id='word_1_33' title='bbox 1317 1105 1417 1169; x_wconf 78' lang='lat' dir='ltr'><strong>pocae,</strong></span> <span class='ocrx_word' id='word_1_34' title='bbox 1449 1104 1533 1166; x_wconf 86' lang='lat' dir='ltr'><strong>quae</strong></span> 
     </span>
     <span class='ocr_line' id='line_1_5' title="bbox 283 1188 1533 1273; baseline 0.002 -20"><span class='ocrx_word' id='word_1_35' title='bbox 283 1188 393 1254; x_wconf 89' lang='lat' dir='ltr'><strong>divino</strong></span> <span class='ocrx_word' id='word_1_36' title='bbox 416 1189 480 1254; x_wconf 91' lang='lat' dir='ltr'><strong>iuri</strong></span> <span class='ocrx_word' id='word_1_37' title='bbox 503 1192 676 1273; x_wconf 88' lang='lat' dir='ltr'><strong>repugnet.</strong></span> <span class='ocrx_word' id='word_1_38' title='bbox 712 1189 836 1255; x_wconf 79' lang='lat' dir='ltr'><strong>Errant</strong></span> <span class='ocrx_word' id='word_1_39' title='bbox 852 1209 990 1271; x_wconf 90' lang='lat' dir='ltr'><strong>quoque,</strong></span> <span class='ocrx_word' id='word_1_40' title='bbox 1016 1188 1043 1253; x_wconf 92' lang='lat' dir='ltr'><strong>si</strong></span> <span class='ocrx_word' id='word_1_41' title='bbox 1060 1189 1274 1268; x_wconf 75' lang='lat' dir='ltr'><strong>arbitrantur,</strong></span> <span class='ocrx_word' id='word_1_42' title='bbox 1299 1189 1462 1256; x_wconf 88' lang='lat' dir='ltr'><strong>hominem</strong></span> <span class='ocrx_word' id='word_1_43' title='bbox 1479 1213 1533 1256; x_wconf 82' lang='lat' dir='ltr'><strong>ra-</strong></span> 
     </span>
     <span class='ocr_line' id='line_1_6' title="bbox 282 1295 1533 1381; baseline 0.002 -21"><span class='ocrx_word' id='word_1_44' title='bbox 282 1297 441 1380; x_wconf 72' lang='lat' dir='ltr'><strong>tionales,</strong></span> <span class='ocrx_word' id='word_1_45' title='bbox 465 1295 552 1378; x_wconf 93' lang='lat' dir='ltr'><strong>quod</strong></span> <span class='ocrx_word' id='word_1_46' title='bbox 568 1298 718 1380; x_wconf 86' lang='lat' dir='ltr'><strong>potestas</strong></span> <span class='ocrx_word' id='word_1_47' title='bbox 740 1295 871 1380; x_wconf 90' lang='lat' dir='ltr'><strong>publica</strong></span> <span class='ocrx_word' id='word_1_48' title='bbox 894 1315 966 1360; x_wconf 90' lang='lat' dir='ltr'><strong>eum</strong></span> <span class='ocrx_word' id='word_1_49' title='bbox 991 1295 1175 1361; x_wconf 90' lang='lat' dir='ltr'><strong>machinam</strong></span> <span class='ocrx_word' id='word_1_50' title='bbox 1199 1317 1272 1362; x_wconf 89' lang='lat' dir='ltr'><strong>esse</strong></span> <span class='ocrx_word' id='word_1_51' title='bbox 1295 1301 1469 1381; x_wconf 85' lang='lat' dir='ltr'><strong>supponat,</strong></span> <span class='ocrx_word' id='word_1_52' title='bbox 1495 1317 1533 1362; x_wconf 89' lang='lat' dir='ltr'><strong>eo</strong></span> 
     </span>
     <span class='ocr_line' id='line_1_7' title="bbox 281 1392 1531 1485; baseline 0.002 -20"><span class='ocrx_word' id='word_1_53' title='bbox 281 1392 353 1485; x_wconf 91' lang='lat' dir='ltr'><strong>ipso</strong></span> <span class='ocrx_word' id='word_1_54' title='bbox 378 1402 479 1468; x_wconf 88' lang='lat' dir='ltr'><strong>etiam</strong></span> <span class='ocrx_word' id='word_1_55' title='bbox 503 1423 613 1469; x_wconf 88' lang='lat' dir='ltr'><strong>coram</strong></span> <span class='ocrx_word' id='word_1_56' title='bbox 633 1403 704 1468; x_wconf 92' lang='lat' dir='ltr'><strong>Deo</strong></span> <span class='ocrx_word' id='word_1_57' title='bbox 728 1405 765 1468; x_wconf 93' lang='lat' dir='ltr'><strong>ut</strong></span> <span class='ocrx_word' id='word_1_58' title='bbox 789 1421 921 1468; x_wconf 89' lang='lat' dir='ltr'><strong>caecam</strong></span> <span class='ocrx_word' id='word_1_59' title='bbox 944 1400 1128 1468; x_wconf 89' lang='lat' dir='ltr'><strong>machinam</strong></span> <span class='ocrx_word' id='word_1_60' title='bbox 1152 1401 1275 1480; x_wconf 88' lang='lat' dir='ltr'><strong>haberi,</strong></span> <span class='ocrx_word' id='word_1_61' title='bbox 1299 1423 1384 1485; x_wconf 88' lang='lat' dir='ltr'><strong>quae</strong></span> <span class='ocrx_word' id='word_1_62' title='bbox 1400 1425 1531 1469; x_wconf 89' lang='lat' dir='ltr'><strong>suorum</strong></span> 
     </span>
     <span class='ocr_line' id='line_1_8' title="bbox 282 1507 996 1592; baseline 0 -18"><span class='ocrx_word' id='word_1_63' title='bbox 282 1510 415 1574; x_wconf 87' lang='lat' dir='ltr'><strong>actuum</strong></span> <span class='ocrx_word' id='word_1_64' title='bbox 437 1507 696 1592; x_wconf 75' lang='lat' dir='ltr'><strong>imputribilitate</strong></span> <span class='ocrx_word' id='word_1_65' title='bbox 718 1507 850 1574; x_wconf 90' lang='lat' dir='ltr'><strong>omnino</strong></span> <span class='ocrx_word' id='word_1_66' title='bbox 873 1512 996 1574; x_wconf 88' lang='lat' dir='ltr'><strong>careat.</strong></span> 
     </span>
    </p>

    <p class='ocr_par' dir='ltr' id='par_1_3' title="bbox 282 1613 1532 2121">
     <span class='ocr_line' id='line_1_9' title="bbox 372 1613 1532 1698; baseline 0 -18"><span class='ocrx_word' id='word_1_67' title='bbox 372 1615 585 1680; x_wconf 81' lang='lat' dir='ltr'><strong>Gravissimis</strong></span> <span class='ocrx_word' id='word_1_68' title='bbox 607 1613 697 1681; x_wconf 88' lang='lat' dir='ltr'><strong>hisce</strong></span> <span class='ocrx_word' id='word_1_69' title='bbox 719 1614 912 1692; x_wconf 89' lang='lat' dir='ltr'><strong>rationibus,</strong></span> <span class='ocrx_word' id='word_1_70' title='bbox 937 1614 1012 1679; x_wconf 90' lang='lat' dir='ltr'><strong>fidei</strong></span> <span class='ocrx_word' id='word_1_71' title='bbox 1035 1613 1157 1679; x_wconf 89' lang='lat' dir='ltr'><strong>lumine</strong></span> <span class='ocrx_word' id='word_1_72' title='bbox 1172 1614 1305 1698; x_wconf 80' lang='lat' dir='ltr'><strong>insuper</strong></span> <span class='ocrx_word' id='word_1_73' title='bbox 1321 1615 1532 1692; x_wconf 88' lang='lat' dir='ltr'><strong>confirmatis,</strong></span> 
     </span>
     <span class='ocr_line' id='line_1_10' title="bbox 282 1719 1532 1805; baseline 0.001 -20"><span class='ocrx_word' id='word_1_74' title='bbox 282 1720 409 1786; x_wconf 84' lang='lat' dir='ltr'><strong>frustra</strong></span> <span class='ocrx_word' id='word_1_75' title='bbox 432 1722 624 1805; x_wconf 88' lang='lat' dir='ltr'><strong>opponitur:</strong></span> <span class='ocrx_word' id='word_1_76' title='bbox 647 1720 710 1787; x_wconf 88' lang='lat' dir='ltr'><strong>tali</strong></span> <span class='ocrx_word' id='word_1_77' title='bbox 732 1721 829 1786; x_wconf 92' lang='lat' dir='ltr'><strong>modo</strong></span> <span class='ocrx_word' id='word_1_78' title='bbox 857 1719 1092 1804; x_wconf 86' lang='lat' dir='ltr'><strong>,perniciosum</strong></span> <span class='ocrx_word' id='word_1_79' title='bbox 1116 1719 1412 1787; x_wconf 85' lang='lat' dir='ltr'><strong>subiaotivismum“</strong></span> <span class='ocrx_word' id='word_1_80' title='bbox 1432 1721 1465 1784; x_wconf 89' lang='lat' dir='ltr'><strong>in</strong></span> <span class='ocrx_word' id='word_1_81' title='bbox 1481 1720 1532 1786; x_wconf 89' lang='lat' dir='ltr'><strong>ius</strong></span> 
     </span>
     <span class='ocr_line' id='line_1_11' title="bbox 282 1825 1532 1910; baseline 0.002 -20"><span class='ocrx_word' id='word_1_82' title='bbox 282 1825 447 1910; x_wconf 88' lang='lat' dir='ltr'><strong>publicum</strong></span> <span class='ocrx_word' id='word_1_83' title='bbox 470 1825 645 1904; x_wconf 82' lang='lat' dir='ltr'><strong>introduci,</strong></span> <span class='ocrx_word' id='word_1_84' title='bbox 669 1846 733 1908; x_wconf 93' lang='lat' dir='ltr'><strong>quo</strong></span> <span class='ocrx_word' id='word_1_85' title='bbox 756 1845 818 1890; x_wconf 93' lang='lat' dir='ltr'><strong>nec</strong></span> <span class='ocrx_word' id='word_1_86' title='bbox 846 1825 947 1907; x_wconf 83' lang='lat' dir='ltr'><strong>,legis</strong></span> <span class='ocrx_word' id='word_1_87' title='bbox 969 1825 1146 1892; x_wconf 80' lang='lat' dir='ltr'><strong>maiestas“</strong></span> <span class='ocrx_word' id='word_1_88' title='bbox 1173 1845 1234 1891; x_wconf 90' lang='lat' dir='ltr'><strong>nec</strong></span> <span class='ocrx_word' id='word_1_89' title='bbox 1250 1825 1330 1890; x_wconf 89' lang='lat' dir='ltr'><strong>iuris</strong></span> <span class='ocrx_word' id='word_1_90' title='bbox 1346 1825 1532 1892; x_wconf 87' lang='lat' dir='ltr'><strong>essentialis</strong></span> 
     </span>
     <span class='ocr_line' id='line_1_12' title="bbox 284 1931 1532 2016; baseline -0.001 -18"><span class='ocrx_word' id='word_1_91' title='bbox 284 1931 534 2010; x_wconf 54' lang='lat' dir='ltr'><strong>„obiectiviteffl</strong></span> <span class='ocrx_word' id='word_1_92' title='bbox 568 1936 603 2000; x_wconf 89' lang='lat' dir='ltr'><strong>et</strong></span> <span class='ocrx_word' id='word_1_93' title='bbox 631 1932 757 1999; x_wconf 88' lang='lat' dir='ltr'><strong>invicta</strong></span> <span class='ocrx_word' id='word_1_94' title='bbox 787 1931 936 1998; x_wconf 87' lang='lat' dir='ltr'><strong>efficacia</strong></span> <span class='ocrx_word' id='word_1_95' title='bbox 961 1932 1058 1998; x_wconf 88' lang='lat' dir='ltr'><strong>salva</strong></span> <span class='ocrx_word' id='word_1_96' title='bbox 1080 1952 1214 1998; x_wconf 89' lang='lat' dir='ltr'><strong>manere</strong></span> <span class='ocrx_word' id='word_1_97' title='bbox 1237 1933 1351 2016; x_wconf 85' lang='lat' dir='ltr'><strong>possit.</strong></span> <span class='ocrx_word' id='word_1_98' title='bbox 1399 1932 1457 1998; x_wconf 84' lang='lat' dir='ltr'><strong>Oui</strong></span> <span class='ocrx_word' id='word_1_99' title='bbox 1480 1953 1532 1998; x_wconf 89' lang='lat' dir='ltr'><strong>re·</strong></span> 
     </span>
     <span class='ocr_line' id='line_1_13' title="bbox 283 2038 497 2121; baseline 0.009 -19"><span class='ocrx_word' id='word_1_100' title='bbox 283 2038 497 2121; x_wconf 87' lang='lat' dir='ltr'><strong>spondemus:</strong></span> 
     </span>
    </p>

    <p class='ocr_par' dir='ltr' id='par_1_4' title="bbox 283 2143 1532 2865">
     <span class='ocr_line' id='line_1_14' title="bbox 375 2143 1531 2229; baseline 0 -21"><span class='ocrx_word' id='word_1_101' title='bbox 375 2147 403 2210; x_wconf 93' lang='lat'><strong>1.</strong></span> <span class='ocrx_word' id='word_1_102' title='bbox 428 2145 625 2228; x_wconf 85' lang='lat' dir='ltr'><strong>Negandum</strong></span> <span class='ocrx_word' id='word_1_103' title='bbox 653 2147 761 2229; x_wconf 89' lang='lat' dir='ltr'><strong>plane,</strong></span> <span class='ocrx_word' id='word_1_104' title='bbox 791 2146 971 2210; x_wconf 90' lang='lat' dir='ltr'><strong>secundum</strong></span> <span class='ocrx_word' id='word_1_105' title='bbox 1001 2144 1186 2228; x_wconf 89' lang='lat' dir='ltr'><strong>expositam</strong></span> <span class='ocrx_word' id='word_1_106' title='bbox 1216 2143 1397 2210; x_wconf 80' lang='lat' dir='ltr'><strong>doctrinam</strong></span> <span class='ocrx_word' id='word_1_107' title='bbox 1428 2143 1531 2209; x_wconf 90' lang='lat' dir='ltr'><strong>ullum</strong></span> 
     </span>
     <span class='ocr_line' id='line_1_15' title="bbox 284 2247 1531 2335; baseline -0.001 -20"><span class='ocrx_word' id='word_1_108' title='bbox 284 2249 563 2317; x_wconf 89' lang='lat' dir='ltr'><strong>subiectivismum</strong></span> <span class='ocrx_word' id='word_1_109' title='bbox 592 2251 627 2316; x_wconf 92' lang='lat' dir='ltr'><strong>in</strong></span> <span class='ocrx_word' id='word_1_110' title='bbox 656 2250 707 2317; x_wconf 85' lang='lat' dir='ltr'><strong>ius</strong></span> <span class='ocrx_word' id='word_1_111' title='bbox 730 2251 895 2335; x_wconf 90' lang='lat' dir='ltr'><strong>publicum</strong></span> <span class='ocrx_word' id='word_1_112' title='bbox 924 2251 1045 2329; x_wconf 89' lang='lat' dir='ltr'><strong>induci,</strong></span> <span class='ocrx_word' id='word_1_113' title='bbox 1078 2255 1116 2317; x_wconf 86' lang='lat' dir='ltr'><strong>ut</strong></span> <span class='ocrx_word' id='word_1_114' title='bbox 1147 2271 1190 2316; x_wconf 86' lang='lat' dir='ltr'><strong>ex</strong></span> <span class='ocrx_word' id='word_1_115' title='bbox 1222 2249 1346 2332; x_wconf 83' lang='lat' dir='ltr'><strong>regulis</strong></span> <span class='ocrx_word' id='word_1_116' title='bbox 1377 2247 1531 2333; x_wconf 86' lang='lat' dir='ltr'><strong>practicis</strong></span> 
     </span>
     <span class='ocr_line' id='line_1_16' title="bbox 283 2355 1531 2441; baseline -0.001 -20"><span class='ocrx_word' id='word_1_117' title='bbox 283 2356 371 2422; x_wconf 86' lang='lat' dir='ltr'><strong>infra</strong></span> <span class='ocrx_word' id='word_1_118' title='bbox 394 2356 590 2423; x_wconf 83' lang='lat' dir='ltr'><strong>subiciendis</strong></span> <span class='ocrx_word' id='word_1_119' title='bbox 613 2357 655 2422; x_wconf 88' lang='lat' dir='ltr'><strong>ad</strong></span> <span class='ocrx_word' id='word_1_120' title='bbox 680 2357 807 2422; x_wconf 90' lang='lat' dir='ltr'><strong>oculum</strong></span> <span class='ocrx_word' id='word_1_121' title='bbox 832 2356 969 2441; x_wconf 87' lang='lat' dir='ltr'><strong>patebit.</strong></span> <span class='ocrx_word' id='word_1_122' title='bbox 1013 2356 1115 2422; x_wconf 90' lang='lat' dir='ltr'><strong>Immo</strong></span> <span class='ocrx_word' id='word_1_123' title='bbox 1137 2355 1336 2422; x_wconf 90' lang='lat' dir='ltr'><strong>contrarium</strong></span> <span class='ocrx_word' id='word_1_124' title='bbox 1360 2355 1531 2420; x_wconf 85' lang='lat' dir='ltr'><strong>verissime</strong></span> 
     </span>
     <span class='ocr_line' id='line_1_17' title="bbox 284 2461 1531 2531; baseline -0.002 -3"><span class='ocrx_word' id='word_1_125' title='bbox 284 2463 473 2531; x_wconf 88' lang='lat' dir='ltr'><strong>dicendum:</strong></span> <span class='ocrx_word' id='word_1_126' title='bbox 497 2463 631 2530; x_wconf 90' lang='lat' dir='ltr'><strong>humani</strong></span> <span class='ocrx_word' id='word_1_127' title='bbox 654 2463 783 2530; x_wconf 89' lang='lat' dir='ltr'><strong>arbitrii</strong></span> <span class='ocrx_word' id='word_1_128' title='bbox 805 2463 1050 2529; x_wconf 89' lang='lat' dir='ltr'><strong>subiectivismo</strong></span> <span class='ocrx_word' id='word_1_129' title='bbox 1074 2461 1167 2528; x_wconf 88' lang='lat' dir='ltr'><strong>unice</strong></span> <span class='ocrx_word' id='word_1_130' title='bbox 1183 2483 1297 2528; x_wconf 89' lang='lat' dir='ltr'><strong>verum</strong></span> <span class='ocrx_word' id='word_1_131' title='bbox 1321 2466 1356 2528; x_wconf 89' lang='lat' dir='ltr'><strong>et</strong></span> <span class='ocrx_word' id='word_1_132' title='bbox 1378 2462 1531 2527; x_wconf 88' lang='lat' dir='ltr'><strong>immuta-</strong></span> 
     </span>
     <span class='ocr_line' id='line_1_18' title="bbox 284 2567 1529 2652; baseline -0.002 -18"><span class='ocrx_word' id='word_1_133' title='bbox 284 2568 382 2634; x_wconf 86' lang='lat' dir='ltr'><strong>bilem</strong></span> <span class='ocrx_word' id='word_1_134' title='bbox 413 2568 713 2646; x_wconf 82' lang='lat' dir='ltr'><strong>,ohiectivismum“</strong></span> <span class='ocrx_word' id='word_1_135' title='bbox 747 2570 913 2638; x_wconf 86' lang='lat' dir='ltr'><strong>substitui.</strong></span> <span class='ocrx_word' id='word_1_136' title='bbox 958 2568 1041 2646; x_wconf 83' lang='lat' dir='ltr'><strong>Quid</strong></span> <span class='ocrx_word' id='word_1_137' title='bbox 1071 2567 1156 2634; x_wconf 91' lang='lat' dir='ltr'><strong>enim</strong></span> <span class='ocrx_word' id='word_1_138' title='bbox 1187 2568 1292 2652; x_wconf 87' lang='lat' dir='ltr'><strong>magis</strong></span> <span class='ocrx_word' id='word_1_139' title='bbox 1322 2568 1529 2644; x_wconf 88' lang='lat' dir='ltr'><strong>obiectivum‚</strong></span> 
     </span>
     <span class='ocr_line' id='line_1_19' title="bbox 284 2673 1532 2762; baseline 0 -22"><span class='ocrx_word' id='word_1_140' title='bbox 284 2695 382 2757; x_wconf 88' lang='lat' dir='ltr'><strong>quam</strong></span> <span class='ocrx_word' id='word_1_141' title='bbox 407 2679 545 2742; x_wconf 87' lang='lat' dir='ltr'><strong>aeterna</strong></span> <span class='ocrx_word' id='word_1_142' title='bbox 567 2676 715 2743; x_wconf 85' lang='lat' dir='ltr'><strong>iustitiae</strong></span> <span class='ocrx_word' id='word_1_143' title='bbox 737 2677 906 2762; x_wconf 84' lang='lat' dir='ltr'><strong>principia,</strong></span> <span class='ocrx_word' id='word_1_144' title='bbox 936 2675 970 2740; x_wconf 92' lang='lat' dir='ltr'><strong>in</strong></span> <span class='ocrx_word' id='word_1_145' title='bbox 996 2679 1132 2742; x_wconf 87' lang='lat' dir='ltr'><strong>aeterna</strong></span> <span class='ocrx_word' id='word_1_146' title='bbox 1155 2673 1216 2740; x_wconf 91' lang='lat' dir='ltr'><strong>Dei</strong></span> <span class='ocrx_word' id='word_1_147' title='bbox 1239 2675 1313 2756; x_wconf 82' lang='lat' dir='ltr'><strong>lege</strong></span> <span class='ocrx_word' id='word_1_148' title='bbox 1337 2673 1475 2739; x_wconf 86' lang='lat' dir='ltr'><strong>fundata</strong></span> <span class='ocrx_word' id='word_1_149' title='bbox 1498 2679 1532 2740; x_wconf 87' lang='lat' dir='ltr'><strong>et</strong></span> 
     </span>
     <span class='ocr_line' id='line_1_20' title="bbox 283 2781 1213 2865; baseline -0.001 -19"><span class='ocrx_word' id='word_1_150' title='bbox 283 2781 407 2846; x_wconf 88' lang='lat' dir='ltr'><strong>homini</strong></span> <span class='ocrx_word' id='word_1_151' title='bbox 429 2802 489 2865; x_wconf 91' lang='lat' dir='ltr'><strong>per</strong></span> <span class='ocrx_word' id='word_1_152' title='bbox 510 2783 641 2848; x_wconf 89' lang='lat' dir='ltr'><strong>modum</strong></span> <span class='ocrx_word' id='word_1_153' title='bbox 665 2787 806 2850; x_wconf 88' lang='lat' dir='ltr'><strong>naturae</strong></span> <span class='ocrx_word' id='word_1_154' title='bbox 827 2781 1001 2848; x_wconf 88' lang='lat' dir='ltr'><strong>rationalis</strong></span> <span class='ocrx_word' id='word_1_155' title='bbox 1024 2781 1213 2848; x_wconf 78' lang='lat' dir='ltr'><strong>evidentia?</strong></span> 
     </span>
    </p>

    <p class='ocr_par' dir='ltr' id='par_1_5' title="bbox 282 2887 1532 3292">
     <span class='ocr_line' id='line_1_21' title="bbox 375 2887 1532 2972; baseline -0.001 -20"><span class='ocrx_word' id='word_1_156' title='bbox 375 2889 406 2954; x_wconf 83' lang='lat'><strong>2.</strong></span> <span class='ocrx_word' id='word_1_157' title='bbox 435 2887 551 2971; x_wconf 79' lang='lat' dir='ltr'><strong>,Legis</strong></span> <span class='ocrx_word' id='word_1_158' title='bbox 572 2888 757 2956; x_wconf 85' lang='lat' dir='ltr'><strong>maiestati“</strong></span> <span class='ocrx_word' id='word_1_159' title='bbox 780 2889 826 2954; x_wconf 94' lang='lat' dir='ltr'><strong>nil</strong></span> <span class='ocrx_word' id='word_1_160' title='bbox 842 2888 1038 2966; x_wconf 72' lang='lat' dir='ltr'><strong>donamur,</strong></span> <span class='ocrx_word' id='word_1_161' title='bbox 1063 2888 1120 2953; x_wconf 89' lang='lat' dir='ltr'><strong>sed</strong></span> <span class='ocrx_word' id='word_1_162' title='bbox 1137 2888 1241 2954; x_wconf 89' lang='lat' dir='ltr'><strong>eidem</strong></span> <span class='ocrx_word' id='word_1_163' title='bbox 1257 2890 1440 2972; x_wconf 89' lang='lat' dir='ltr'><strong>opportune</strong></span> <span class='ocrx_word' id='word_1_164' title='bbox 1455 2906 1532 2970; x_wconf 89' lang='lat' dir='ltr'><strong>pro-</strong></span> 
     </span>
     <span class='ocr_line' id='line_1_22' title="bbox 283 2993 1531 3077; baseline 0 -17"><span class='ocrx_word' id='word_1_165' title='bbox 283 2993 427 3061; x_wconf 90' lang='lat' dir='ltr'><strong>videtur.</strong></span> <span class='ocrx_word' id='word_1_166' title='bbox 472 2995 543 3062; x_wconf 85' lang='lat' dir='ltr'><strong>Lex</strong></span> <span class='ocrx_word' id='word_1_167' title='bbox 567 2996 654 3062; x_wconf 89' lang='lat' dir='ltr'><strong>enim</strong></span> <span class='ocrx_word' id='word_1_168' title='bbox 677 3018 719 3062; x_wconf 89' lang='lat' dir='ltr'><strong>ne</strong></span> <span class='ocrx_word' id='word_1_169' title='bbox 741 2995 918 3062; x_wconf 88' lang='lat' dir='ltr'><strong>maiestate</strong></span> <span class='ocrx_word' id='word_1_170' title='bbox 941 3017 1002 3061; x_wconf 90' lang='lat' dir='ltr'><strong>sua</strong></span> <span class='ocrx_word' id='word_1_171' title='bbox 1025 2994 1167 3072; x_wconf 84' lang='lat' dir='ltr'><strong>excidat,</strong></span> <span class='ocrx_word' id='word_1_172' title='bbox 1197 2995 1286 3061; x_wconf 90' lang='lat' dir='ltr'><strong>iusta</strong></span> <span class='ocrx_word' id='word_1_173' title='bbox 1316 2993 1360 3060; x_wconf 88' lang='lat' dir='ltr'><strong>sit</strong></span> <span class='ocrx_word' id='word_1_174' title='bbox 1383 2997 1531 3077; x_wconf 82' lang='lat' dir='ltr'><strong>oportet3</strong></span> 
     </span>
     <span class='ocr_line' id='line_1_23' title="bbox 282 3100 1532 3183; baseline -0.001 -18"><span class='ocrx_word' id='word_1_175' title='bbox 282 3101 350 3183; x_wconf 84' lang='lat' dir='ltr'><strong>legi</strong></span> <span class='ocrx_word' id='word_1_176' title='bbox 374 3105 485 3168; x_wconf 90' lang='lat' dir='ltr'><strong>autem</strong></span> <span class='ocrx_word' id='word_1_177' title='bbox 501 3101 676 3168; x_wconf 86' lang='lat' dir='ltr'><strong>manifesto</strong></span> <span class='ocrx_word' id='word_1_178' title='bbox 691 3102 834 3168; x_wconf 87' lang='lat' dir='ltr'><strong>iniustae</strong></span> <span class='ocrx_word' id='word_1_179' title='bbox 849 3102 1058 3168; x_wconf 85' lang='lat' dir='ltr'><strong>maiestatem</strong></span> <span class='ocrx_word' id='word_1_180' title='bbox 1075 3100 1241 3166; x_wconf 88' lang='lat' dir='ltr'><strong>vindicare</strong></span> <span class='ocrx_word' id='word_1_181' title='bbox 1257 3104 1309 3166; x_wconf 88' lang='lat' dir='ltr'><strong>est</strong></span> <span class='ocrx_word' id='word_1_182' title='bbox 1324 3101 1532 3166; x_wconf 88' lang='lat' dir='ltr'><strong>maiestatem</strong></span> 
     </span>
     <span class='ocr_line' id='line_1_24' title="bbox 284 3208 523 3292; baseline 0.008 -18"><span class='ocrx_word' id='word_1_183' title='bbox 284 3208 523 3292; x_wconf 86' lang='lat' dir='ltr'><strong>blasphemare.</strong></span> 
     </span>
    </p>

    <p class='ocr_par' dir='ltr' id='par_1_6' title="bbox 283 3311 1538 4145">
     <span class='ocr_line' id='line_1_25' title="bbox 376 3311 1533 3393; baseline -0.003 -14"><span class='ocrx_word' id='word_1_184' title='bbox 376 3317 406 3380; x_wconf 85' lang='lat'><strong>3.</strong></span> <span class='ocrx_word' id='word_1_185' title='bbox 432 3313 701 3382; x_wconf 79' lang='lat' dir='ltr'><strong>Confundendnm</strong></span> <span class='ocrx_word' id='word_1_186' title='bbox 724 3337 790 3382; x_wconf 92' lang='lat' dir='ltr'><strong>non</strong></span> <span class='ocrx_word' id='word_1_187' title='bbox 813 3316 939 3382; x_wconf 91' lang='lat' dir='ltr'><strong>estius</strong></span> <span class='ocrx_word' id='word_1_188' title='bbox 962 3337 1036 3381; x_wconf 91' lang='lat' dir='ltr'><strong>cum</strong></span> <span class='ocrx_word' id='word_1_189' title='bbox 1059 3315 1295 3381; x_wconf 74' lang='lat' dir='ltr'><strong>iurisdictione</strong></span> <span class='ocrx_word' id='word_1_190' title='bbox 1318 3333 1406 3378; x_wconf 91' lang='lat' dir='ltr'><strong>mere</strong></span> <span class='ocrx_word' id='word_1_191' title='bbox 1434 3311 1533 3393; x_wconf 84' lang='lat' dir='ltr'><strong>legali</strong></span> 
     </span>
     <span class='ocr_line' id='line_1_26' title="bbox 283 3419 1534 3489; baseline -0.003 -3"><span class='ocrx_word' id='word_1_192' title='bbox 283 3425 317 3487; x_wconf 89' lang='lat' dir='ltr'><strong>et</strong></span> <span class='ocrx_word' id='word_1_193' title='bbox 345 3421 529 3488; x_wconf 88' lang='lat' dir='ltr'><strong>arbitraria.</strong></span> <span class='ocrx_word' id='word_1_194' title='bbox 578 3422 683 3488; x_wconf 87' lang='lat' dir='ltr'><strong>Omne</strong></span> <span class='ocrx_word' id='word_1_195' title='bbox 705 3443 821 3488; x_wconf 89' lang='lat' dir='ltr'><strong>verum</strong></span> <span class='ocrx_word' id='word_1_196' title='bbox 843 3423 895 3489; x_wconf 93' lang='lat' dir='ltr'><strong>ius</strong></span> <span class='ocrx_word' id='word_1_197' title='bbox 917 3443 1011 3489; x_wconf 88' lang='lat' dir='ltr'><strong>snam</strong></span> <span class='ocrx_word' id='word_1_198' title='bbox 1035 3421 1244 3488; x_wconf 86' lang='lat' dir='ltr'><strong>essentialem</strong></span> <span class='ocrx_word' id='word_1_199' title='bbox 1275 3419 1534 3486; x_wconf 89' lang='lat' dir='ltr'><strong>obiectivitatem</strong></span> 
     </span>
     <span class='ocr_line' id='line_1_27' title="bbox 283 3526 1536 3612; baseline -0.004 -20"><span class='ocrx_word' id='word_1_200' title='bbox 283 3531 317 3594; x_wconf 91' lang='lat' dir='ltr'><strong>et</strong></span> <span class='ocrx_word' id='word_1_201' title='bbox 343 3526 502 3594; x_wconf 89' lang='lat' dir='ltr'><strong>invictam</strong></span> <span class='ocrx_word' id='word_1_202' title='bbox 525 3526 711 3612; x_wconf 85' lang='lat' dir='ltr'><strong>(moralem)</strong></span> <span class='ocrx_word' id='word_1_203' title='bbox 735 3528 916 3594; x_wconf 89' lang='lat' dir='ltr'><strong>efficaciam</strong></span> <span class='ocrx_word' id='word_1_204' title='bbox 939 3549 1005 3594; x_wconf 90' lang='lat' dir='ltr'><strong>non</strong></span> <span class='ocrx_word' id='word_1_205' title='bbox 1029 3527 1160 3594; x_wconf 87' lang='lat' dir='ltr'><strong>aliunde</strong></span> <span class='ocrx_word' id='word_1_206' title='bbox 1175 3527 1286 3604; x_wconf 89' lang='lat' dir='ltr'><strong>habet,</strong></span> <span class='ocrx_word' id='word_1_207' title='bbox 1310 3545 1408 3608; x_wconf 90' lang='lat' dir='ltr'><strong>quam</strong></span> <span class='ocrx_word' id='word_1_208' title='bbox 1425 3544 1466 3588; x_wconf 91' lang='lat' dir='ltr'><strong>ex</strong></span> <span class='ocrx_word' id='word_1_209' title='bbox 1483 3543 1536 3588; x_wconf 90' lang='lat' dir='ltr'><strong>or·</strong></span> 
     </span>
     <span class='ocr_line' id='line_1_28' title="bbox 284 3630 1536 3712; baseline -0.002 -14"><span class='ocrx_word' id='word_1_210' title='bbox 284 3633 361 3698; x_wconf 91' lang='lat' dir='ltr'><strong>dine</strong></span> <span class='ocrx_word' id='word_1_211' title='bbox 384 3632 540 3699; x_wconf 88' lang='lat' dir='ltr'><strong>rationali</strong></span> <span class='ocrx_word' id='word_1_212' title='bbox 562 3634 721 3700; x_wconf 88' lang='lat' dir='ltr'><strong>divinitus</strong></span> <span class='ocrx_word' id='word_1_213' title='bbox 743 3633 888 3712; x_wconf 88' lang='lat' dir='ltr'><strong>sancito;</strong></span> <span class='ocrx_word' id='word_1_214' title='bbox 919 3635 976 3700; x_wconf 90' lang='lat' dir='ltr'><strong>lex</strong></span> <span class='ocrx_word' id='word_1_215' title='bbox 998 3638 1111 3700; x_wconf 86' lang='lat' dir='ltr'><strong>autem</strong></span> <span class='ocrx_word' id='word_1_216' title='bbox 1133 3633 1212 3698; x_wconf 92' lang='lat' dir='ltr'><strong>huic</strong></span> <span class='ocrx_word' id='word_1_217' title='bbox 1232 3631 1338 3698; x_wconf 92' lang='lat' dir='ltr'><strong>ordini</strong></span> <span class='ocrx_word' id='word_1_218' title='bbox 1361 3630 1536 3697; x_wconf 85' lang='lat' dir='ltr'><strong>manifeste</strong></span> 
     </span>
     <span class='ocr_line' id='line_1_29' title="bbox 287 3739 1534 3824; baseline -0.002 -20"><span class='ocrx_word' id='word_1_219' title='bbox 287 3739 527 3818; x_wconf 87' lang='lat' dir='ltr'><strong>contradicens,</strong></span> <span class='ocrx_word' id='word_1_220' title='bbox 561 3741 774 3822; x_wconf 88' lang='lat' dir='ltr'><strong>quantumvis</strong></span> <span class='ocrx_word' id='word_1_221' title='bbox 805 3741 935 3807; x_wconf 89' lang='lat' dir='ltr'><strong>inanem</strong></span> <span class='ocrx_word' id='word_1_222' title='bbox 965 3739 1047 3806; x_wconf 88' lang='lat' dir='ltr'><strong>iuris</strong></span> <span class='ocrx_word' id='word_1_223' title='bbox 1077 3740 1217 3806; x_wconf 84' lang='lat' dir='ltr'><strong>formam</strong></span> <span class='ocrx_word' id='word_1_224' title='bbox 1247 3759 1327 3824; x_wconf 89' lang='lat' dir='ltr'><strong>prae</strong></span> <span class='ocrx_word' id='word_1_225' title='bbox 1355 3739 1534 3814; x_wconf 78' lang='lat' dir='ltr'><strong>solarere,</strong></span> 
     </span>
     <span class='ocr_line' id='line_1_30' title="bbox 287 3843 1536 3933; baseline -0.003 -21"><span class='ocrx_word' id='word_1_226' title='bbox 287 3847 378 3913; x_wconf 90' lang='lat' dir='ltr'><strong>illam</strong></span> <span class='ocrx_word' id='word_1_227' title='bbox 410 3847 670 3914; x_wconf 87' lang='lat' dir='ltr'><strong>obiectivitatem</strong></span> <span class='ocrx_word' id='word_1_228' title='bbox 699 3848 762 3914; x_wconf 91' lang='lat' dir='ltr'><strong>iuri</strong></span> <span class='ocrx_word' id='word_1_229' title='bbox 792 3849 959 3933; x_wconf 88' lang='lat' dir='ltr'><strong>propriam</strong></span> <span class='ocrx_word' id='word_1_230' title='bbox 983 3869 1043 3914; x_wconf 87' lang='lat' dir='ltr'><strong>nec</strong></span> <span class='ocrx_word' id='word_1_231' title='bbox 1065 3850 1177 3931; x_wconf 86' lang='lat' dir='ltr'><strong>potest</strong></span> <span class='ocrx_word' id='word_1_232' title='bbox 1199 3867 1260 3912; x_wconf 92' lang='lat' dir='ltr'><strong>neo</strong></span> <span class='ocrx_word' id='word_1_233' title='bbox 1284 3846 1381 3912; x_wconf 88' lang='lat' dir='ltr'><strong>debet</strong></span> <span class='ocrx_word' id='word_1_234' title='bbox 1404 3843 1536 3910; x_wconf 89' lang='lat' dir='ltr'><strong>hahere.</strong></span> 
     </span>
     <span class='ocr_line' id='line_1_31' title="bbox 287 3947 1538 4042; baseline -0.005 -23"><span class='ocrx_word' id='word_1_235' title='bbox 287 3953 409 4030; x_wconf 82' lang='lat' dir='ltr'><strong>Quodsi</strong></span> <span class='ocrx_word' id='word_1_236' title='bbox 432 3954 642 4020; x_wconf 89' lang='lat' dir='ltr'><strong>nihilominus</strong></span> <span class='ocrx_word' id='word_1_237' title='bbox 664 3957 837 4020; x_wconf 84' lang='lat' dir='ltr'><strong>externam</strong></span> <span class='ocrx_word' id='word_1_238' title='bbox 860 3955 1041 4042; x_wconf 82' lang='lat' dir='ltr'><strong>efficaciam</strong></span> <span class='ocrx_word' id='word_1_239' title='bbox 1066 3953 1127 4018; x_wconf 87' lang='lat' dir='ltr'><strong>sibi</strong></span> <span class='ocrx_word' id='word_1_240' title='bbox 1152 3957 1297 4036; x_wconf 83' lang='lat' dir='ltr'><strong>arrogat,</strong></span> <span class='ocrx_word' id='word_1_241' title='bbox 1322 3973 1362 4018; x_wconf 90' lang='lat' dir='ltr'><strong>ea</strong></span> <span class='ocrx_word' id='word_1_242' title='bbox 1377 3970 1443 4016; x_wconf 90' lang='lat' dir='ltr'><strong>non</strong></span> <span class='ocrx_word' id='word_1_243' title='bbox 1458 3947 1538 4014; x_wconf 90' lang='lat' dir='ltr'><strong>iuris</strong></span> 
     </span>
     <span class='ocr_line' id='line_1_32' title="bbox 288 4057 1376 4145; baseline 0.001 -21"><span class='ocrx_word' id='word_1_244' title='bbox 288 4059 438 4126; x_wconf 88' lang='lat' dir='ltr'><strong>efficacia</strong></span> <span class='ocrx_word' id='word_1_245' title='bbox 461 4066 522 4140; x_wconf 88' lang='lat' dir='ltr'><strong>est,</strong></span> <span class='ocrx_word' id='word_1_246' title='bbox 547 4062 606 4126; x_wconf 88' lang='lat' dir='ltr'><strong>sed</strong></span> <span class='ocrx_word' id='word_1_247' title='bbox 628 4083 718 4127; x_wconf 89' lang='lat' dir='ltr'><strong>mere</strong></span> <span class='ocrx_word' id='word_1_248' title='bbox 741 4060 899 4145; x_wconf 89' lang='lat' dir='ltr'><strong>physicae</strong></span> <span class='ocrx_word' id='word_1_249' title='bbox 922 4059 1101 4127; x_wconf 88' lang='lat' dir='ltr'><strong>coactionis</strong></span> <span class='ocrx_word' id='word_1_250' title='bbox 1125 4062 1160 4126; x_wconf 92' lang='lat' dir='ltr'><strong>et</strong></span> <span class='ocrx_word' id='word_1_251' title='bbox 1181 4057 1376 4143; x_wconf 87' lang='lat' dir='ltr'><strong>tyrannidis.</strong></span> 
     </span>
    </p>
   </div>
   <div class='ocr_carea' id='block_1_3' title="bbox 289 4306 1539 5076">
    <p class='ocr_par' dir='ltr' id='par_1_7' title="bbox 289 4306 1539 5076">
     <span class='ocr_line' id='line_1_33' title="bbox 289 4306 1538 4382; baseline -0.006 -15"><span class='ocrx_word' id='word_1_252' title='bbox 289 4330 340 4366; x_wconf 84' lang='lat' dir='ltr'><strong>nur</strong></span> <span class='ocrx_word' id='word_1_253' title='bbox 366 4317 442 4367; x_wconf 61' lang='lat' dir='ltr'><strong>doen</strong></span> <span class='ocrx_word' id='word_1_254' title='bbox 467 4313 554 4381; x_wconf 83' lang='lat' dir='ltr'><strong>Weg,</strong></span> <span class='ocrx_word' id='word_1_255' title='bbox 580 4312 651 4367; x_wconf 86' lang='lat' dir='ltr'><strong>ohne</strong></span> <span class='ocrx_word' id='word_1_256' title='bbox 676 4312 781 4382; x_wconf 83' lang='lat' dir='ltr'><strong>Kampl</strong></span> <span class='ocrx_word' id='word_1_257' title='bbox 804 4312 856 4366; x_wconf 90' lang='lat' dir='ltr'><strong>den</strong></span> <span class='ocrx_word' id='word_1_258' title='bbox 881 4311 1007 4365; x_wconf 80' lang='lat' dir='ltr'><strong>Konflilrt</strong></span> <span class='ocrx_word' id='word_1_259' title='bbox 1032 4329 1065 4364; x_wconf 88' lang='lat' dir='ltr'><strong>zu</strong></span> <span class='ocrx_word' id='word_1_260' title='bbox 1090 4309 1192 4372; x_wconf 73' lang='lat' dir='ltr'><strong>hobam</strong></span> <span class='ocrx_word' id='word_1_261' title='bbox 1220 4307 1340 4362; x_wconf 81' lang='lat' dir='ltr'><strong>ntmlich</strong></span> <span class='ocrx_word' id='word_1_262' title='bbox 1365 4307 1431 4372; x_wconf 87' lang='lat' dir='ltr'><strong>den,</strong></span> <span class='ocrx_word' id='word_1_263' title='bbox 1460 4306 1538 4362; x_wconf 88' lang='lat' dir='ltr'><strong>einen</strong></span> 
     </span>
     <span class='ocr_line' id='line_1_34' title="bbox 290 4385 1538 4469; baseline -0.005 -16"><span class='ocrx_word' id='word_1_264' title='bbox 290 4400 441 4469; x_wconf 76' lang='lat' dir='ltr'><strong>geaelligen</strong></span> <span class='ocrx_word' id='word_1_265' title='bbox 471 4401 590 4455; x_wconf 84' lang='lat' dir='ltr'><strong>Zustend</strong></span> <span class='ocrx_word' id='word_1_266' title='bbox 622 4419 655 4454; x_wconf 88' lang='lat' dir='ltr'><strong>zu</strong></span> <span class='ocrx_word' id='word_1_267' title='bbox 685 4401 843 4464; x_wconf 83' lang='lat' dir='ltr'><strong>verlessan,</strong></span> <span class='ocrx_word' id='word_1_268' title='bbox 874 4399 923 4452; x_wconf 90' lang='lat' dir='ltr'><strong>der</strong></span> <span class='ocrx_word' id='word_1_269' title='bbox 952 4397 1023 4452; x_wconf 88' lang='lat' dir='ltr'><strong>nach</strong></span> <span class='ocrx_word' id='word_1_270' title='bbox 1054 4398 1145 4451; x_wconf 90' lang='lat' dir='ltr'><strong>seiner</strong></span> <span class='ocrx_word' id='word_1_271' title='bbox 1171 4385 1374 4463; x_wconf 77' lang='lat' dir='ltr'><strong>llborzeugung</strong></span> <span class='ocrx_word' id='word_1_272' title='bbox 1401 4394 1449 4448; x_wconf 87' lang='lat' dir='ltr'><strong>der</strong></span> <span class='ocrx_word' id='word_1_273' title='bbox 1476 4394 1538 4448; x_wconf 90' lang='lat' dir='ltr'><strong>ldee</strong></span> 
     </span>
     <span class='ocr_line' id='line_1_35' title="bbox 290 4483 1537 4558; baseline -0.005 -14"><span class='ocrx_word' id='word_1_274' title='bbox 290 4489 338 4543; x_wconf 91' lang='lat' dir='ltr'><strong>der</strong></span> <span class='ocrx_word' id='word_1_275' title='bbox 364 4489 572 4558; x_wconf 75' lang='lat' dir='ltr'><strong>Gerechtiglreit</strong></span> <span class='ocrx_word' id='word_1_276' title='bbox 596 4489 672 4544; x_wconf 89' lang='lat' dir='ltr'><strong>nicht</strong></span> <span class='ocrx_word' id='word_1_277' title='bbox 695 4496 805 4558; x_wconf 75' lang='lat' dir='ltr'><strong>gambas</strong></span> <span class='ocrx_word' id='word_1_278' title='bbox 831 4488 995 4558; x_wconf 82' lang='lat' dir='ltr'><strong>organisiert</strong></span> <span class='ocrx_word' id='word_1_279' title='bbox 1020 4487 1065 4541; x_wconf 84' lang='lat' dir='ltr'><strong>ist</strong></span> <span class='ocrx_word' id='word_1_280' title='bbox 1102 4486 1152 4540; x_wconf 89' lang='lat' dir='ltr'><strong>Als</strong></span> <span class='ocrx_word' id='word_1_281' title='bbox 1179 4485 1340 4540; x_wconf 85' lang='lat' dir='ltr'><strong>moralische</strong></span> <span class='ocrx_word' id='word_1_282' title='bbox 1365 4485 1454 4552; x_wconf 78' lang='lat' dir='ltr'><strong>Frage</strong></span> <span class='ocrx_word' id='word_1_283' title='bbox 1479 4483 1537 4539; x_wconf 83' lang='lat' dir='ltr'><strong>aul·</strong></span> 
     </span>
     <span class='ocr_line' id='line_1_36' title="bbox 290 4572 1539 4645; baseline -0.004 -13"><span class='ocrx_word' id='word_1_284' title='bbox 290 4578 403 4645; x_wconf 74' lang='lat' dir='ltr'><strong>gelasst,</strong></span> <span class='ocrx_word' id='word_1_285' title='bbox 430 4579 469 4632; x_wconf 87' lang='lat' dir='ltr'><strong>ist</strong></span> <span class='ocrx_word' id='word_1_286' title='bbox 490 4579 531 4632; x_wconf 89' lang='lat' dir='ltr'><strong>sie</strong></span> <span class='ocrx_word' id='word_1_287' title='bbox 556 4578 617 4632; x_wconf 90' lang='lat' dir='ltr'><strong>eine</strong></span> <span class='ocrx_word' id='word_1_288' title='bbox 642 4577 690 4631; x_wconf 90' lang='lat' dir='ltr'><strong>der</strong></span> <span class='ocrx_word' id='word_1_289' title='bbox 714 4576 1006 4644; x_wconf 79' lang='lat' dir='ltr'><strong>bedontungsvollsten</strong></span> <span class='ocrx_word' id='word_1_290' title='bbox 1031 4575 1085 4630; x_wconf 88' lang='lat' dir='ltr'><strong>und</strong></span> <span class='ocrx_word' id='word_1_291' title='bbox 1108 4574 1323 4642; x_wconf 77' lang='lat' dir='ltr'><strong>sohwierigsten.</strong></span> <span class='ocrx_word' id='word_1_292' title='bbox 1360 4572 1415 4626; x_wconf 90' lang='lat' dir='ltr'><strong>Der</strong></span> <span class='ocrx_word' id='word_1_293' title='bbox 1440 4572 1539 4627; x_wconf 83' lang='lat' dir='ltr'><strong>andere</strong></span> 
     </span>
     <span class='ocr_line' id='line_1_37' title="bbox 290 4662 1538 4733; baseline -0.002 -15"><span class='ocrx_word' id='word_1_294' title='bbox 290 4664 439 4721; x_wconf 87' lang='lat' dir='ltr'><strong>Denkende</strong></span> <span class='ocrx_word' id='word_1_295' title='bbox 466 4666 540 4721; x_wconf 85' lang='lat' dir='ltr'><strong>kann</strong></span> <span class='ocrx_word' id='word_1_296' title='bbox 570 4667 621 4720; x_wconf 91' lang='lat' dir='ltr'><strong>mit</strong></span> <span class='ocrx_word' id='word_1_297' title='bbox 652 4667 712 4720; x_wconf 91' lang='lat' dir='ltr'><strong>dem</strong></span> <span class='ocrx_word' id='word_1_298' title='bbox 740 4665 926 4720; x_wconf 85' lang='lat' dir='ltr'><strong>bestehenden</strong></span> <span class='ocrx_word' id='word_1_299' title='bbox 952 4663 1057 4718; x_wconf 86' lang='lat' dir='ltr'><strong>Rechts</strong></span> <span class='ocrx_word' id='word_1_300' title='bbox 1087 4664 1114 4716; x_wconf 88' lang='lat' dir='ltr'><strong>in</strong></span> <span class='ocrx_word' id='word_1_301' title='bbox 1144 4663 1246 4733; x_wconf 87' lang='lat' dir='ltr'><strong>Kampl</strong></span> <span class='ocrx_word' id='word_1_302' title='bbox 1275 4666 1364 4717; x_wconf 85' lang='lat' dir='ltr'><strong>treton</strong></span> <span class='ocrx_word' id='word_1_303' title='bbox 1395 4662 1451 4716; x_wconf 88' lang='lat' dir='ltr'><strong>und</strong></span> <span class='ocrx_word' id='word_1_304' title='bbox 1479 4679 1538 4716; x_wconf 87' lang='lat' dir='ltr'><strong>ver·-</strong></span> 
     </span>
     <span class='ocr_line' id='line_1_38' title="bbox 291 4749 1538 4822; baseline -0.003 -14"><span class='ocrx_word' id='word_1_305' title='bbox 291 4754 392 4810; x_wconf 89' lang='lat' dir='ltr'><strong>snohen</strong></span> <span class='ocrx_word' id='word_1_306' title='bbox 420 4755 484 4820; x_wconf 86' lang='lat' dir='ltr'><strong>das,</strong></span> <span class='ocrx_word' id='word_1_307' title='bbox 511 4772 570 4808; x_wconf 83' lang='lat' dir='ltr'><strong>was</strong></span> <span class='ocrx_word' id='word_1_308' title='bbox 595 4773 625 4808; x_wconf 89' lang='lat' dir='ltr'><strong>er</strong></span> <span class='ocrx_word' id='word_1_309' title='bbox 649 4757 694 4808; x_wconf 77' lang='lat' dir='ltr'><strong>fur</strong></span> <span class='ocrx_word' id='word_1_310' title='bbox 719 4753 808 4808; x_wconf 85' lang='lat' dir='ltr'><strong>Recht</strong></span> <span class='ocrx_word' id='word_1_311' title='bbox 833 4753 906 4816; x_wconf 78' lang='lat' dir='ltr'><strong>halt,</strong></span> <span class='ocrx_word' id='word_1_312' title='bbox 932 4771 968 4807; x_wconf 87' lang='lat' dir='ltr'><strong>an</strong></span> <span class='ocrx_word' id='word_1_313' title='bbox 992 4753 1036 4807; x_wconf 91' lang='lat' dir='ltr'><strong>die</strong></span> <span class='ocrx_word' id='word_1_314' title='bbox 1054 4752 1139 4807; x_wconf 82' lang='lat' dir='ltr'><strong>Stella</strong></span> <span class='ocrx_word' id='word_1_315' title='bbox 1166 4753 1215 4806; x_wconf 88' lang='lat' dir='ltr'><strong>des</strong></span> <span class='ocrx_word' id='word_1_316' title='bbox 1238 4751 1308 4822; x_wconf 83' lang='lat' dir='ltr'><strong>jetzt</strong></span> <span class='ocrx_word' id='word_1_317' title='bbox 1332 4749 1479 4820; x_wconf 80' lang='lat' dir='ltr'><strong>geltenden</strong></span> <span class='ocrx_word' id='word_1_318' title='bbox 1505 4769 1538 4804; x_wconf 89' lang='lat' dir='ltr'><strong>zu</strong></span> 
     </span>
     <span class='ocr_line' id='line_1_39' title="bbox 291 4839 1538 4914; baseline -0.005 -15"><span class='ocrx_word' id='word_1_319' title='bbox 291 4848 392 4899; x_wconf 84' lang='lat' dir='ltr'><strong>setzen.</strong></span> <span class='ocrx_word' id='word_1_320' title='bbox 428 4845 507 4914; x_wconf 81' lang='lat' dir='ltr'><strong>Siegt</strong></span> <span class='ocrx_word' id='word_1_321' title='bbox 530 4863 561 4898; x_wconf 91' lang='lat' dir='ltr'><strong>er</strong></span> <span class='ocrx_word' id='word_1_322' title='bbox 577 4844 607 4898; x_wconf 94' lang='lat' dir='ltr'><strong>in</strong></span> <span class='ocrx_word' id='word_1_323' title='bbox 632 4845 734 4898; x_wconf 87' lang='lat' dir='ltr'><strong>diesem</strong></span> <span class='ocrx_word' id='word_1_324' title='bbox 753 4843 885 4913; x_wconf 86' lang='lat' dir='ltr'><strong>Kampfe,</strong></span> <span class='ocrx_word' id='word_1_325' title='bbox 910 4860 942 4896; x_wconf 88' lang='lat' dir='ltr'><strong>so</strong></span> <span class='ocrx_word' id='word_1_326' title='bbox 960 4842 1029 4897; x_wconf 81' lang='lat' dir='ltr'><strong>wird</strong></span> <span class='ocrx_word' id='word_1_327' title='bbox 1048 4859 1078 4896; x_wconf 92' lang='lat' dir='ltr'><strong>er</strong></span> <span class='ocrx_word' id='word_1_328' title='bbox 1096 4843 1140 4897; x_wconf 91' lang='lat' dir='ltr'><strong>ein</strong></span> <span class='ocrx_word' id='word_1_329' title='bbox 1159 4841 1244 4906; x_wconf 88' lang='lat' dir='ltr'><strong>Held;</strong></span> <span class='ocrx_word' id='word_1_330' title='bbox 1269 4840 1418 4910; x_wconf 79' lang='lat' dir='ltr'><strong>untarliegt</strong></span> <span class='ocrx_word' id='word_1_331' title='bbox 1445 4858 1475 4894; x_wconf 88' lang='lat' dir='ltr'><strong>er</strong></span> <span class='ocrx_word' id='word_1_332' title='bbox 1493 4839 1538 4894; x_wconf 85' lang='lat' dir='ltr'><strong>ffir</strong></span> 
     </span>
     <span class='ocr_line' id='line_1_40' title="bbox 292 4928 1537 5003; baseline 0 -19"><span class='ocrx_word' id='word_1_333' title='bbox 292 4931 351 4986; x_wconf 86' lang='lat' dir='ltr'><strong>eine</strong></span> <span class='ocrx_word' id='word_1_334' title='bbox 377 4933 437 4987; x_wconf 87' lang='lat' dir='ltr'><strong>edla</strong></span> <span class='ocrx_word' id='word_1_335' title='bbox 462 4951 557 5002; x_wconf 81' lang='lat' dir='ltr'><strong>grosse</strong></span> <span class='ocrx_word' id='word_1_336' title='bbox 575 4933 677 4998; x_wconf 75' lang='lat' dir='ltr'><strong>sache,</strong></span> <span class='ocrx_word' id='word_1_337' title='bbox 703 4933 747 4987; x_wconf 91' lang='lat' dir='ltr'><strong>ein</strong></span> <span class='ocrx_word' id='word_1_338' title='bbox 764 4932 909 5003; x_wconf 58' lang='lat' dir='ltr'><strong>Martyres</strong></span> <span class='ocrx_word' id='word_1_339' title='bbox 935 4929 1061 5000; x_wconf 80' lang='lat' dir='ltr'><strong>obgleich</strong></span> <span class='ocrx_word' id='word_1_340' title='bbox 1080 4949 1109 4984; x_wconf 89' lang='lat' dir='ltr'><strong>er</strong></span> <span class='ocrx_word' id='word_1_341' title='bbox 1128 4949 1177 4984; x_wconf 82' lang='lat' dir='ltr'><strong>ror</strong></span> <span class='ocrx_word' id='word_1_342' title='bbox 1196 4930 1257 4984; x_wconf 90' lang='lat' dir='ltr'><strong>dem</strong></span> <span class='ocrx_word' id='word_1_343' title='bbox 1276 4929 1392 4984; x_wconf 84' lang='lat' dir='ltr'><strong>Gesetze</strong></span> <span class='ocrx_word' id='word_1_344' title='bbox 1411 4928 1452 4983; x_wconf 87' lang='lat' dir='ltr'><strong>als</strong></span> <span class='ocrx_word' id='word_1_345' title='bbox 1470 4929 1537 4984; x_wconf 90' lang='lat' dir='ltr'><strong>Ver-</strong></span> 
     </span>
     <span class='ocr_line' id='line_1_41' title="bbox 293 5019 558 5076; baseline 0.011 -2"><span class='ocrx_word' id='word_1_346' title='bbox 293 5019 405 5075; x_wconf 89' lang='lat' dir='ltr'><strong>breoher</strong></span> <span class='ocrx_word' id='word_1_347' title='bbox 424 5022 558 5076; x_wconf 52' lang='grc' dir='ltr'><strong>(16616111)ς</strong></span> 
     </span>
    </p>
   </div>
   <div class='ocr_carea' id='block_1_4' title="bbox 0 0 1974 5842">
    <p class='ocr_par' dir='ltr' id='par_1_8' title="bbox 0 0 1974 5842">
     <span class='ocr_line' id='line_1_42' title="bbox 0 0 1974 5842; baseline 0 0"><span class='ocrx_word' id='word_1_348' title='bbox 0 0 1974 5842; x_wconf 95' lang='lat' dir='ltr'><strong> </strong></span> 
     </span>
    </p>
   </div>
  </div>
 </body>
</html>
