3909 5842
701 665 844 721 Generalis
861 664 936 719 notio
954 664 1097 719 libertatis
1477 667 1518 731 73

268 843 492 924 cognitionem
508 842 655 909 alterius.
686 842 783 908 Unde
798 840 929 925 proprie
945 840 986 905 de
1002 840 1262 906 conclusionibus
1278 839 1519 918 ratiocinamur,

270 969 354 1030 quae
379 970 422 1015 ex
445 948 614 1033 principiis
637 948 855 1014 innotescunt.
896 946 1053 1013 Similiter
1076 967 1117 1013 ex
1140 950 1236 1032 parte
1259 946 1426 1030 appet'tus
1448 948 1521 1012 vete

269 1054 432 1138 importat
453 1054 633 1139 simplicem
657 1053 841 1138 appetitum
865 1053 1001 1119 alicuius
1024 1052 1089 1129 rei;
1118 1052 1203 1117 unde
1226 1053 1380 1118 voluntas
1404 1050 1522 1118 dicitur

270 1180 342 1226 sese
367 1162 410 1227 de
432 1163 507 1239 fine,
531 1160 587 1242 qui
609 1164 746 1245 propter
768 1181 804 1225 se
820 1160 997 1244 appetitur.
1030 1160 1156 1244 diligere
1172 1162 1281 1225 autem
1298 1161 1350 1224 eet
1366 1162 1521 1243 appetere

270 1267 394 1349 aliquid
425 1272 561 1352 propter
583 1269 724 1333 alterum
747 1267 1027 1349 consequendum
1059 1266 1145 1331 unde
1169 1266 1299 1351 proprie
1323 1270 1375 1332 est
1398 1286 1520 1344 eorum,

214 1392 217 1396 ·
271 1395 355 1455 quae
385 1384 465 1440 sunt
495 1375 537 1441 ad
566 1376 675 1440 finem.
722 1373 815 1441 Sicut
844 1378 954 1440 antem
985 1394 1021 1439 se
1049 1372 1152 1440 hebet
1173 1373 1206 1437 in
1235 1370 1409 1456 cognitivis
1431 1370 1521 1455 prin·

270 1481 392 1564 cipium
417 1480 459 1546 ad
482 1481 732 1560 conclusionem,
764 1480 815 1546 cni
838 1484 974 1564 propter
996 1479 1156 1564 principia
1179 1479 1386 1563 assentimur,
1416 1478 1466 1543 ita
1488 1476 1521 1541 in

271 1586 464 1669 appetitivis
487 1607 523 1651 se
547 1586 647 1653 habet
668 1586 743 1651 finis
766 1586 809 1650 ad
833 1606 882 1664 ea,
907 1604 991 1667 quae
1007 1588 1084 1651 sunt
1100 1586 1141 1649 ad
1157 1586 1263 1661 finem,
1288 1606 1371 1668 quae
1387 1586 1522 1668 propter

271 1694 368 1757 finem
400 1696 610 1777 appetuntur.
658 1692 754 1758 Unde
781 1691 995 1757 manifestum
1018 1696 1086 1769 est,
1118 1693 1212 1774 quod,
1244 1692 1329 1757 siout
1357 1711 1393 1755 se
1422 1690 1522 1755 habet

271 1798 460 1865 intellectus
483 1800 526 1865 ad
549 1799 721 1875 rationem,
750 1797 799 1865 ita
821 1818 859 1863 se
881 1798 982 1863 habet
1005 1799 1158 1865 voluntas
1182 1798 1223 1863 ad
1247 1797 1313 1863 vim
1336 1796 1520 1876 electivum,

271 1904 303 1969 id
333 1909 386 1970 est
415 1905 456 1969 ad
486 1905 625 1970 liberum
650 1904 878 1971 arbitrium.“1
900 1938 945 1949 -
967 1904 1085 1987 Itaque
1109 1906 1171 1972 etsi
1200 1904 1335 1984 ,electio
1359 1909 1393 1970 et
1415 1903 1521 1987 ipsum

272 2011 356 2075 velle
379 2014 459 2076 sunt
483 2009 604 2076 diversi
629 2017 727 2093 actua
751 2014 864 2075 tamen
880 2010 1046 2095 pertinent
1061 2012 1103 2077 ad
1119 2033 1216 2076 unum
1228 2013 1413 2097 potentiam,
1437 2008 1522 2075 sicut

272 2116 371 2183 etiam
394 2116 590 2199 intellegere
613 2119 648 2182 et
670 2115 878 2183 ratiocinari“
892 2118 914 2182 ².

271 2255 336 2327 102.
430 2262 460 2325 2.
485 2258 635 2324 Rationis
657 2280 736 2323 usus
757 2259 860 2323 radic
879 2267 924 2324 eat
940 2259 1094 2324 libertatis
1103 2262 1126 2325 ³.
1158 2257 1361 2325 Libertatem
1377 2257 1441 2324 etsi
1456 2279 1521 2323 non

273 2364 468 2443 formaliter,
493 2365 603 2446 aliquo
626 2369 739 2431 tamen
762 2364 869 2442 modo,
894 2364 1019 2431 scilicet
1039 2363 1341 2448 ,praesuppositive
1357 2385 1414 2430 seu
1431 2366 1521 2429 radi-

275 2475 417 2551 cotitcr',
442 2470 543 2538 etiam
566 2471 754 2537 intellectus
777 2491 836 2536 seu
855 2469 992 2537 rationis
1009 2490 1081 2535 esse
1097 2490 1192 2536 nemo
1208 2473 1261 2537 est
1277 2470 1330 2553 qui
1346 2470 1523 2554 prudenter

273 2582 380 2660 neget,
415 2583 449 2644 et
478 2576 561 2643 eatis
591 2582 732 2661 apparet
761 2597 804 2642 ex
826 2576 936 2642 verbis
960 2576 992 2642 S.
1017 2576 1161 2642 Thomas
1191 2598 1292 2661 supra
1315 2576 1436 2655 allatis,
1467 2576 1522 2659 qui

274 2689 449 2768 praeterea
472 2684 595 2750 diserte
619 2685 683 2750 ait:
712 2684 839 2763 ,Radix
862 2682 1026 2749 libertatis
1050 2688 1102 2749 est
1117 2683 1270 2750 voluntas
1287 2688 1323 2750 ut
1338 2686 1521 2766 subiectum,

274 2790 330 2855 sed
352 2790 441 2857 sicut
464 2813 563 2856 causa
587 2796 639 2857 est
661 2792 765 2857 ratio:
790 2812 831 2856 ex
855 2791 916 2855 hoc
940 2790 1026 2855 enim
1049 2790 1203 2855 voluntas
1226 2790 1328 2855 libere
1347 2794 1457 2874 potest
1480 2792 1522 2856 ad

273 2896 403 2963 diversa
420 2896 509 2976 ferri,
527 2896 603 2978 quia
618 2896 705 2961 ratio
721 2900 832 2980 potest
847 2897 969 2962 habere
982 2896 1130 2962 diversas
1147 2896 1377 2981 conceptiones
1393 2896 1521 2963 bonif*

273 3002 387 3085 ltaque
412 3006 587 3068 intrinseco
610 3002 707 3079 ratio,
732 3003 773 3067 ob
797 3023 895 3084 quam
918 3002 1083 3068 voluntati
1107 3002 1158 3067 vis
1178 3003 1319 3068 electiva
1335 3006 1522 3087 competere

274 3110 386 3194 possit,
419 3130 461 3175 ex
483 3113 595 3175 mente
618 3110 650 3176 S.
675 3109 828 3174 Doctorie
850 3109 884 3173 in
908 3108 981 3193 ipsa
1004 3110 1225 3193 indifferentia
1249 3112 1364 3175 iudicii
1387 3110 1523 3175 rationis

274 3217 359 3283 circa
388 3217 486 3301 plura
515 3214 707 3300 appetibilia
735 3217 801 3282 site
831 3219 891 3282 est.
938 3214 1063 3300 Quippe
1093 3216 1244 3281 iudicium
1270 3214 1521 3281 determinatum

274 3324 313 3388 ad
345 3347 448 3389 unum
478 3322 555 3403 (nisi
586 3326 698 3388 tamen
730 3322 866 3405 praevio
899 3320 1001 3386 libero
1034 3321 1170 3405 imperio
1203 3322 1385 3387 voluntatis
1417 3320 1458 3385 ad
1488 3318 1521 3384 id

275 3429 527 3495 determinatum
551 3428 609 3511 sit)
633 3427 734 3494 etiam
756 3428 939 3493 voluntatis
962 3426 1201 3493 indifferentiae
1225 3432 1259 3494 et
1280 3428 1353 3493 hinc
1370 3425 1522 3493 electioni

274 3534 396 3601 liberae
420 3536 544 3601 nullum
567 3537 676 3601 locum
698 3534 863 3617 relinquit.
901 3534 945 3600 Et
967 3534 1029 3599 hoo
1052 3534 1148 3599 modo
1172 3541 1261 3600 recte
1286 3534 1404 3599 dicitur
1426 3533 1521 3597 liber·

274 3645 375 3708 tatem
400 3642 435 3707 in
457 3641 596 3708 rationis
618 3662 681 3706 usu
704 3639 855 3706 radicari.
903 3640 1026 3705 Verum
1050 3644 1163 3706 tamen
1187 3640 1238 3706 hic
1262 3640 1400 3705 ulterius

274 3781 337 3851 103.
431 3785 624 3864 Quaeritur:
646 3782 776 3861 Utrum,
794 3805 859 3866 qua
875 3784 1074 3849 necessitate
1086 3784 1222 3849 liberum
1240 3783 1411 3848 arbitrium
1424 3802 1520 3867 prae·

275 3889 410 3971 requirit
433 3889 576 3955 radicem
607 3888 640 3954 in
664 3910 729 3971 qua
752 3889 918 3967 fundetur,
949 3890 1065 3956 eadem
1094 3896 1127 3956 et
1150 3890 1246 3956 radix
1269 3886 1442 3967 libertatis,
1467 3886 1522 3953 nbi

277 3995 313 4060 de
342 4016 383 4061 ea
414 3995 610 4074 constiterit,
641 3995 780 4060 liberum
804 3996 977 4062 arbitrium
1002 3996 1146 4080 postulet
1170 4001 1269 4078 atque
1294 3996 1520 4062 demonstret?

362 4102 457 4188 Reap.
483 4106 513 4167 1.
545 4101 649 4167 Recte
672 4122 753 4167 sane
776 4123 797 4167 a
819 4102 929 4167 radice
952 4102 1116 4167 libertatis
1140 4102 1180 4167 ad
1204 4102 1308 4186 ipsam
1333 4102 1521 4169 libertatem

276 4206 504 4285 concludimus,
528 4206 554 4271 si
578 4206 661 4271 haec
683 4227 743 4291 pro
767 4230 856 4273 mero
877 4212 1017 4291 potentio
1042 4208 1209 4291 accipitur.
1247 4208 1283 4272 Id
1308 4208 1392 4273 enim
1417 4208 1521 4291 exigit

278 4312 435 4379 naturalis
459 4313 626 4397 proportio
648 4314 736 4380 inter
758 4313 941 4397 potentiam
965 4315 1222 4396 cognoscitivam
1240 4319 1274 4380 et
1290 4316 1520 4400 appetitivam

277 4421 309 4483 et
336 4420 423 4487 ratio
453 4426 567 4486 nostra
590 4420 729 4486 dicenda
752 4424 841 4486 esset
863 4420 990 4486 frustra
1013 4420 1070 4486 illa
1094 4442 1154 4486 sua
1177 4421 1301 4487 virtute
1324 4422 1521 4489 naturaliter

277 4523 451 4606 instructa,
481 4526 544 4593 nisi
575 4526 680 4593 eidem
712 4526 762 4591 vis
793 4527 935 4592 electiva
966 4526 1149 4593 voluntatis
1179 4528 1402 4611 responderet.
1450 4528 1521 4593 Hoc

365 4736 374 4767 ¹
393 4736 422 4790 S.
445 4736 545 4805 Thera,
564 4736 591 4792 S.
610 4736 692 4790 theol.
713 4738 736 4801 1,
756 4753 781 4805 q.
801 4736 844 4799 83,
864 4753 888 4790 a.
906 4738 933 4791 4.

364 4822 432 4877 ²111.
469 4824 511 4879 01.
530 4825 613 4878 etiam
635 4826 657 4891 1,
677 4842 703 4894 q.
724 4824 766 4889 79,
785 4843 810 4879 a.
830 4826 854 4879 8.

364 4910 434 4965 'Gt
454 4914 568 4980 Sacrae,
588 4912 744 4984 Metaphys.
764 4913 833 4984 disp.
855 4914 896 4977 19,
916 4917 983 4968 sect.
1004 4916 1028 4980 5,
1048 4933 1074 4968 n.
1093 4914 1136 4969 21.

363 5002 375 5033 ⁴
394 5002 421 5054 S.
444 5002 544 5070 stom,
563 5000 590 5055 S.
609 5001 691 5055 theol.
713 5003 736 5066 1,
756 5003 780 5066 2,
800 5018 826 5070 q.
848 5002 888 5066 17,
908 5018 933 5055 a.
955 5003 968 5055 l
990 5003 1023 5055 ad
1044 5002 1074 5065 2;
1095 5003 1129 5056 cf.
1152 5004 1174 5067 1,
1195 5020 1221 5071 q.
1240 5002 1282 5065 83,
1302 5019 1326 5056 a.
1349 5005 1370 5055 1.
