3909 5842
412 675 554 731 Generalis
570 676 645 730 notio
662 677 773 730 actuum
791 674 965 729 naturalium.
985 702 1018 713 -
1037 673 1175 745 Principia
1192 672 1372 742 coemologioa
1390 676 1442 728 etc.
1529 677 1549 741 3

298 851 404 919 aliem
421 850 603 917 sensitivae
617 871 677 917 seu
692 850 863 929 animulae,
879 848 979 915 aliam
995 848 1135 933 denique
1150 850 1330 917 rationales
1345 850 1551 917 substantiae

296 958 469 1043 propriam
493 957 626 1025 habent.

297 1100 335 1169 4.
426 1101 572 1165 Actionis
594 1100 670 1165 ideo
692 1095 823 1163 facilius
844 1118 866 1163 a
885 1096 955 1162 suis
971 1095 1142 1163 elementis
1157 1094 1273 1179 logicis
1289 1094 1429 1161 describi
1452 1118 1549 1179 quam

297 1204 431 1271 definiri
452 1209 572 1289 potest.
608 1204 722 1270 Omnis
744 1202 864 1288 quippe
887 1205 968 1268 actio
991 1202 1098 1285 logice
1121 1200 1275 1287 supponit
1296 1205 1468 1288 potentiam
1490 1225 1548 1270 seu

297 1310 514 1389 facultatem
537 1311 707 1396 potentiae
722 1330 801 1375 vero
817 1313 995 1393 conceptus
1015 1307 1155 1375 involvit
1169 1308 1277 1374 ideam
1293 1307 1440 1389 subiecti,
1464 1310 1550 1392 quod

297 1421 425 1503 potest,
449 1421 484 1483 et
505 1416 563 1495 rei,
587 1436 671 1499 quae
694 1414 859 1500 possibilis
881 1414 935 1493 sit,
959 1434 1043 1497 quae
1066 1412 1214 1499 proximo
1237 1418 1272 1481 et
1294 1414 1481 1481 immediate
1500 1420 1551 1483 est

297 1523 376 1608 ipsa
398 1522 486 1591 actio
508 1522 677 1608 potentiae
701 1522 912 1607 respondens,
935 1520 1078 1588 mediate
1102 1520 1225 1597 estid,
1250 1521 1336 1604 quod
1359 1520 1470 1604 agitur
1492 1542 1551 1588 seu

298 1630 455 1696 obiectum
477 1633 548 1697 tum
571 1628 720 1707 actionis,
744 1632 815 1693 tum
837 1626 1017 1713 potentiae,
1042 1627 1137 1709 quod,
1162 1626 1321 1710 siquidem
1344 1628 1479 1693 nihilum
1496 1628 1551 1711 egi

296 1735 431 1818 nequit,
463 1740 577 1801 entitas
607 1755 680 1800 esee
710 1735 808 1801 debet
837 1733 946 1801 realis.
993 1732 1149 1800 Similiter
1172 1734 1309 1817 quaevis
1338 1754 1391 1800 res
1414 1738 1551 1801 eatenus

297 1844 433 1907 tantum
457 1862 557 1908 ceusu
580 1862 653 1907 esse
676 1863 735 1907 seu
759 1864 851 1926 agere
874 1843 995 1926 potest,
1021 1846 1182 1923 quatenus
1207 1848 1259 1922 eet,
1282 1840 1313 1908 h.
1332 1860 1359 1907 ε.
1377 1840 1550 1908 entitatem

298 1946 413 2025 habet,
437 1952 471 2014 et
488 1948 583 2032 proin
606 1950 707 2014 omnis
731 1956 820 2013 octus
841 1950 1101 2033 proportionatae
1125 1958 1168 2013 eet
1193 1949 1317 2013 contituti
1340 1950 1461 2033 agentis
1484 1950 1548 2027 vel,

298 2058 341 2121 ut
356 2054 388 2121 S.
406 2054 549 2121 Thomas
567 2054 662 2121 dicii:
690 2052 813 2133 ‚Omne
836 2075 940 2137 agens
962 2053 1035 2137 agit
1056 2054 1232 2120 secuudum
1250 2053 1337 2136 quod
1352 2056 1404 2119 est
1419 2056 1551 2120 aolu.“¹

299 2160 381 2227 Ideo
404 2160 551 2227 actiones
574 2166 609 2227 et
630 2161 810 2227 facultates
832 2161 1086 2243 qualescumque
1109 2160 1151 2225 ab
1175 2159 1314 2227 entitate
1336 2160 1387 2225 sui
1414 2160 1551 2227 subiecti

301 2267 564 2345 denominantur,
588 2266 634 2332 uti
659 2287 687 2333 e.
711 2288 743 2349 g.
768 2266 855 2333 actio
878 2266 1031 2345 humana,
1055 2266 1141 2332 actio
1164 2264 1314 2331 animalis
1338 2270 1400 2332 etc.

393 2373 471 2439 Tria
493 2372 595 2456 igitur
617 2373 651 2439 in
674 2371 762 2439 omni
784 2373 924 2451 actione,
955 2373 983 2437 si
1007 2372 1076 2437 eius
1103 2372 1254 2456 annlysin
1281 2376 1423 2455 spectas,
1453 2392 1550 2456 prae-

301 2480 398 2565 cipue
421 2480 656 2547 consideranda
679 2479 831 2546 veniunt:
860 2480 1032 2545 subiectum
1053 2480 1261 2562 facultalibus
1280 2480 1476 2565 praeditum,
1500 2479 1550 2544 od·

301 2589 427 2669 iccium,
450 2586 636 2671 anticipes,
661 2590 823 2669 quatenus
846 2590 899 2652 eet
920 2585 1091 2652 facultatis
1115 2585 1317 2652 exercitium.

302 2727 332 2798 5.
425 2729 571 2796 Ulterior
593 2728 732 2795 actionis
756 2726 988 2793 describendae
1011 2726 1096 2793 ratio
1118 2726 1242 2810 petitur
1257 2748 1278 2793 a
1293 2725 1425 2793 notione
1439 2734 1550 2793 molus.

302 2834 508 2918 Quamquam
524 2835 608 2901 enim
625 2834 776 2901 similiter
790 2839 900 2901 motus
916 2834 957 2899 ab
973 2833 1103 2900 actione
1115 2833 1274 2900 illustrari
1286 2854 1430 2915 congrue
1441 2836 1552 2917 potest

302 2942 482 3007 secundum
501 2947 614 3009 notam
630 2940 820 3009 Aristotelis
836 2940 1073 3008 definitionem:
1094 2940 1222 3019 „Motus
1238 2941 1290 3005 est
1306 2942 1399 3006 actus
1415 2938 1501 3004 entis
1518 2938 1553 3003 in

302 3048 455 3133 potentia
477 3053 514 3115 ut
536 3048 570 3113 in
589 3048 755 3133 potentia¹¹
768 3049 791 3125 ²,
815 3068 882 3113 non
903 3047 1011 3113 minue
1031 3050 1141 3113 tamen
1164 3064 1277 3111 verum
1293 3048 1345 3111 ost
1368 3044 1440 3110 vice
1455 3065 1553 3111 versa

303 3174 435 3220 omnem
463 3154 624 3221 acdonmn
651 3154 758 3220 ideam
783 3154 951 3220 cuiusdam
974 3156 1083 3220 motus
1106 3171 1294 3235 suggerere.
1341 3150 1377 3215 Id
1401 3150 1455 3217 vel
1477 3150 1553 3215 inde

302 3264 455 3345 apparet,
480 3260 565 3343 quod
590 3260 728 3327 actionis
752 3260 915 3327 obiectum
939 3260 1039 3325 etiam
1063 3261 1217 3324 terminus
1240 3257 1294 3321 vel
1316 3256 1392 3341 finio
1414 3256 1553 3323 actionis

302 3370 453 3434 vocatur.
487 3366 650 3433 Nimirum
674 3366 770 3445 actio,
794 3369 893 3451 prout
916 3370 968 3431 est
991 3369 1099 3431 motus
1122 3384 1180 3428 seu
1197 3362 1357 3445 quaedam
1373 3361 1552 3440 tendentia,

302 3496 365 3558 per
393 3494 488 3539 suum
515 3472 677 3539 obiectum
707 3477 899 3540 terminatur
920 3472 975 3537 vel
996 3474 1121 3558 finitur.
1168 3469 1205 3535 In
1229 3477 1312 3535 motu
1336 3488 1464 3551 quoque
1487 3468 1553 3534 tria

300 3579 511 3665 potissimum
526 3578 726 3645 considerari
748 3582 903 3663 possunt:
926 3580 1065 3661 initium,
1085 3597 1284 3663 progressus,
1308 3577 1473 3654 terminus,
1498 3572 1552 3637 vel

300 3686 508 3771 principium,
537 3685 698 3751 terminus
720 3685 754 3749 in
777 3704 883 3767 quem,
913 3682 1109 3749 intermedia
1132 3681 1278 3758 directio,
1310 3701 1394 3763 quae
1416 3680 1492 3758 trie,
1524 3680 1552 3745 si

301 3792 348 3860 ad
371 3792 534 3858 actionem
556 3790 774 3875 applicantur,
798 3789 968 3872 analogice
992 3788 1191 3873 respondent
1213 3786 1300 3853 illius

394 3897 428 3979 a)
451 3897 632 3963 subiectivo
655 3896 824 3981 principio,
848 3895 1062 3962 facultatibus
1085 3894 1244 3979 praedito,

394 4004 429 4087 b)
452 4004 590 4082 obiecto,

399 4107 516 4194 clipei
539 4108 671 4188 actioni,
695 4113 732 4175 ut
753 4101 807 4175 'est
829 4106 1000 4175 facultatis
1023 4104 1225 4173 exercitium.

393 4216 511 4298 Itaque
540 4215 627 4281 circa
655 4215 738 4281 haec
766 4215 833 4280 tria
862 4213 1001 4281 ardonis
1031 4217 1196 4278 momenta
1226 4231 1402 4294 eorumque
1429 4211 1471 4276 ad
1501 4210 1550 4275 in·

301 4321 410 4388 vicem
441 4320 634 4388 relationem
664 4320 785 4399 omnia,
817 4340 901 4402 quae
930 4320 971 4385 de
1002 4319 1131 4385 actione
1160 4314 1342 4399 generatim
1373 4315 1551 4383 desiderari

300 4432 425 4514 potest,
449 4427 599 4495 doctrine
623 4432 784 4494 versatur.

302 4569 333 4640 6.
425 4568 548 4635 Verum
583 4574 695 4636 tamen
730 4570 772 4633 ad
804 4565 1041 4649 assequendam
1076 4563 1251 4647 genuinam
1282 4561 1424 4628 indolem
1455 4562 1550 4628 huius

301 4679 430 4753 motus,
461 4696 556 4758 quern
585 4675 620 4740 in
649 4696 758 4741 rerum
788 4679 909 4741 natura
937 4672 1103 4751 videmus,
1136 4691 1227 4737 mera
1257 4668 1367 4751 aliqua
1396 4668 1552 4754 empirica

396 4834 404 4864 ¹
424 4831 525 4886 Contra
543 4831 647 4885 Gentes
664 4829 683 4884 l.
703 4830 727 4895 3,
746 4847 770 4883 c.
788 4830 814 4884 3.

393 4918 453 4974 ¹11.
472 4920 489 4974 3
508 4918 587 4989 phys.
601 4936 625 4974 c.
640 4920 664 4983 1,
682 4918 723 4973 ed.
737 4919 856 4985 make,
876 4916 938 4983 201,
957 4933 981 4981 a,
1002 4917 1050 4971 ll:
1066 4914 1094 4969 ‘H
1111 4911 1160 4969 τοῦ
1180 4916 1289 4979 δυνάμει
1307 4912 1382 4975 ὄντος
1394 4912 1550 4982 ἐντελέχεια,
1684 4932 1687 4941 ·

302 5008 321 5083 ᾗ
338 5006 469 5074 τοιοῦτον,
487 5010 584 5077 κίνησίς
601 5010 678 5061 ἐστιν.

1288 5091 1324 5146 1.
