3909 5842
766 709 874 764 Relatio
892 708 1015 764 iuridico.
1450 712 1515 777 385

250 887 342 966 rint,
369 885 499 952 etiamsi
522 885 573 950 hic
596 889 631 951 et
653 904 739 949 nunc
761 883 865 950 futuri
887 889 1017 952 tantum
1041 887 1276 969 supponantur.
1323 885 1376 951 lta
1398 905 1517 952 revera

252 993 391 1078 primus
413 993 509 1058 homo
533 1013 554 1056 a
576 991 681 1076 primo
703 993 869 1057 momento
886 1011 966 1057 suae
981 991 1198 1058 exsistentiae
1218 991 1259 1056 iis
1274 993 1423 1058 omnibus
1437 993 1518 1058 iuri-

253 1101 337 1178 bus,
363 1097 494 1182 quaein
512 1099 674 1164 communi
689 1101 810 1164 natura
825 1099 969 1164 humana
984 1098 1175 1177 fundantur,
1191 1101 1323 1165 realiter
1336 1099 1518 1166 instructus

255 1206 371 1272 fuisse
394 1207 634 1294 dicenduslest
658 1227 723 1271 non
747 1206 861 1288 utique
884 1205 955 1270 sine
977 1209 1131 1290 respectu
1154 1205 1196 1271 ad
1219 1205 1394 1271 terminum
1413 1204 1519 1271 socia·

255 1315 341 1392 lem,
369 1313 431 1399 sed
451 1313 629 1380 secundum
651 1312 846 1379 relationem
870 1313 1054 1378 naturalem
1078 1312 1121 1378 ad
1143 1312 1337 1378 societatem
1357 1311 1516 1394 futurum.

256 1433 337 1504 464.
429 1433 652 1506 Gorolltrium:
675 1436 754 1502 Inde
771 1435 922 1519 collegas,
941 1457 1004 1518 quo
1020 1456 1117 1501 sensu
1134 1457 1248 1501 verum
1265 1436 1309 1501 sit
1324 1435 1413 1512 illud,
1431 1435 1516 1517 quod

258 1544 305 1608 ab
339 1542 509 1608 exclusivo
539 1541 618 1608 iuris
644 1545 838 1629 positioiemo
862 1547 976 1608 contra
999 1543 1079 1608 iuris
1102 1545 1265 1608 naturalis
1288 1542 1516 1607 exsistentiam

260 1671 331 1714 non
356 1670 433 1715 raro
458 1648 609 1731 ambigue
633 1653 667 1716 et
689 1671 863 1735 perperam
887 1649 1078 1716 invocatur:
1106 1650 1226 1732 „Omne
1248 1652 1300 1715 ina
1322 1652 1357 1714 in
1373 1650 1517 1714 hnmana

260 1759 411 1821 condeta
432 1755 602 1838 fundari.“
639 1755 770 1823 Scilicet
793 1757 826 1821 in
849 1756 993 1822 humana
1010 1755 1171 1821 societate
1186 1755 1362 1821 secundum
1377 1761 1517 1822 naturae

261 1863 376 1943 legem
398 1866 488 1928 recte
513 1861 694 1927 ordinanda
717 1884 812 1928 omne
835 1862 885 1928 ius
907 1862 1050 1946 finaliter
1071 1861 1240 1940 fundatur,
1262 1862 1296 1926 id
1316 1861 1403 1943 quod
1418 1882 1517 1946 supra

263 1967 423 2052 explicite
454 1965 713 2034 demonstratum
744 1973 812 2046 est;
843 1967 975 2034 fundari
1003 1973 1114 2035 autern
1136 1969 1170 2033 in
1193 1968 1336 2035 humana
1357 1969 1518 2034 societate

263 2079 437 2157 tamquam
462 2097 561 2140 cansa
584 2075 736 2160 efficiente
760 2098 797 2142 cc
820 2079 1050 2142 determinante
1072 2095 1278 2158 nequaquam
1300 2075 1405 2152 „omni
1421 2075 1516 2152 iuri“‚

265 2181 327 2246 sed
352 2181 413 2246 soli
436 2180 499 2246 iuri
521 2180 664 2248 humano
687 2183 827 2267 positivo
851 2182 1017 2267 proprium
1042 2187 1103 2249 est.

734 2338 767 2392 ll.
788 2341 828 2392 De
845 2343 959 2394 materia
977 2342 1057 2393 iuris.

267 2444 341 2517 465.
433 2445 480 2524 Id,
505 2449 539 2510 in
563 2447 647 2532 qnod
670 2446 723 2510 vel
747 2449 832 2511 cirea
848 2449 932 2532 qnod
947 2445 1067 2529 aliquis
1082 2446 1133 2512 ius
1148 2447 1271 2512 habere
1286 2446 1415 2522 dicitur,
1438 2444 1519 2510 iuris

269 2555 407 2618 rnuteria
437 2552 538 2634 vulgo
569 2552 764 2618 nominatur.
812 2553 901 2618 Talis
929 2557 1039 2619 autem
1063 2573 1224 2618 essenon
1248 2555 1359 2637 potest
1381 2551 1444 2616 nisi
1467 2573 1519 2617 ree

270 2660 370 2726 latius
394 2659 493 2736 dicta,
518 2658 643 2724 scilicet
667 2659 829 2724 obiectum
853 2659 905 2724 vel
929 2659 1086 2743 physicae
1108 2659 1163 2724 vel
1182 2659 1299 2725 morali
1319 2657 1518 2742 possessioni

269 2786 329 2850 per
358 2787 394 2831 se
418 2765 604 2844 obnoxium,
635 2768 673 2831 ut
701 2769 777 2831 sunt
809 2769 982 2832 creaturae
1012 2765 1163 2832 humanis
1186 2765 1298 2831 usibus
1321 2765 1517 2841 destinatae,

270 2871 427 2950 actiones,
459 2872 547 2938 circa
577 2893 659 2954 quas
686 2871 838 2956 propriae
868 2872 1051 2938 voluntatis
1073 2872 1245 2955 imperium
1268 2874 1303 2936 et
1326 2871 1518 2938 exercitium

271 2979 468 3046 facultatum
492 2977 688 3044 naturaliter
710 2981 873 3056 versatur,
905 2981 938 3043 et
962 2977 1171 3062 operationes
1194 2998 1253 3044 seu
1275 2977 1519 3060 praestationes

270 3086 314 3151 ab
330 3085 455 3150 alienae
471 3083 594 3149 liberae
609 3085 790 3150 voluntatis
802 3084 939 3167 imperio
951 3084 1101 3168 proxime
1113 3083 1344 3167 dependentes.
1367 3083 1519 3164 Namque

272 3195 310 3258 ut
332 3190 453 3273 aliquid
476 3191 640 3256 humanae
658 3195 822 3276 potcstatis
842 3190 1004 3255 obiectum
1020 3210 1093 3255 esse
1108 3189 1222 3272 possit,
1247 3209 1381 3254 neccsse
1396 3193 1458 3266 est,
1482 3195 1520 3256 ut

271 3301 389 3382 suapte
405 3299 526 3361 natura
540 3295 662 3360 homini
679 3316 743 3378 qua
759 3295 827 3360 enti
843 3296 997 3360 rationali
1012 3295 1057 3361 sit
1072 3297 1317 3360 subordinatum
1325 3319 1340 3377 ;
1362 3295 1519 3361 eiusmodi

272 3425 350 3470 vero
374 3405 476 3468 omnio
499 3405 534 3467 et
557 3405 625 3467 sola
640 3405 691 3468 est
707 3422 760 3466 res
776 3421 833 3466 seu
850 3401 1004 3483 quidquid
1020 3401 1126 3466 instar
1142 3401 1190 3466 rei
1206 3401 1247 3467 ad
1263 3402 1345 3466 fines
1360 3401 1519 3466 humanos

273 3531 332 3594 per
354 3530 389 3574 se
409 3509 571 3574 rationem
587 3507 685 3574 medii
700 3507 799 3574 habet
812 3508 913 3590 (Lace.
930 3508 951 3574 l.
969 3529 997 3573 c.
1013 3507 1044 3572 Ι]
1061 3529 1087 3572 c.
1106 3509 1137 3582 4,
1155 3507 1184 3574 d.
1199 3507 1244 3590 9).
1275 3507 1361 3573 Hinc
1372 3509 1521 3590 sequitur

273 3631 343 3702 466.
434 3631 932 3716 Generaleprincipium:

405 3739 506 3805 Nulla
518 3761 671 3824 persona,
689 3761 752 3824 qun
764 3741 848 3821 talia,
865 3740 949 3803 iuria
962 3739 1098 3804 hnmani
1109 3740 1245 3803 necteria
1258 3746 1439 3824 eeecputcat.

361 3845 482 3922 Quodsi
511 3844 613 3927 igitur
641 3844 673 3908 in
705 3843 894 3927 quotidiano
925 3865 985 3910 usu
1014 3843 1168 3926 loquendi
1199 3843 1373 3926 aliquando
1403 3844 1454 3910 ius
1483 3848 1519 3910 in

274 3951 431 4017 hominem
457 3951 578 4016 habere
601 3950 719 4033 aliquis
743 3950 870 4028 dicitur,
894 3950 928 4016 id
951 3971 1016 4016 non
1039 3971 1133 4015 secus
1156 3949 1413 4032 intellegendum
1436 3972 1475 4016 ac
1491 3951 1519 4016 si

277 4059 411 4137 dicatur,
436 4057 483 4123 illi
506 4057 557 4122 ius
581 4080 657 4144 repa
680 4056 842 4122 hominem
861 4057 895 4122 in
912 4057 1055 4139 aliquam
1072 4057 1142 4122 eius
1158 4056 1414 4140 praestationem
1432 4078 1519 4122 com·

276 4171 394 4250 petere.
419 4164 525 4242 Quare
542 4165 685 4232 absoluta
701 4167 845 4244 servitus,
862 4163 913 4230 oui
929 4163 1026 4229 homo
1037 4163 1143 4229 instar
1154 4163 1203 4228 rei
1213 4162 1414 4240 subiciatur,
1431 4163 1520 4228 nullo

276 4274 343 4338 iure
364 4271 513 4354 legitima
537 4291 609 4336 esse
632 4273 742 4354 potest
765 4271 815 4350 (S.
845 4271 952 4336 Tium,
978 4273 1009 4346 2,
1034 4275 1064 4348 2,
1089 4290 1120 4352 q.
1147 4271 1220 4347 104,
1245 4291 1275 4336 a.
1301 4270 1345 4352 5).

278 4393 342 4466 467.
431 4396 617 4461 Notandum
641 4399 816 4478 praeterea
832 4417 852 4459 o
869 4395 996 4460 diuerso
1011 4397 1165 4459 rnuterioe
1180 4393 1370 4459 habitudine
1386 4395 1430 4458 od
1445 4395 1519 4459 snt

279 4506 384 4569 iatam
417 4505 500 4568 iuris
528 4501 693 4566 diversum
724 4501 948 4567 characterem
979 4500 1077 4565 officii
1107 4499 1244 4575 iuridici,
1278 4500 1433 4566 videlicet
1462 4507 1520 4568 aut

280 4613 451 4694 nepoticnrn
481 4612 539 4674 aut
568 4608 817 4692 affirrnatr'vnrn,
855 4607 1075 4673 determinari.
1122 4606 1188 4671 Iuri
1218 4606 1305 4672 enim
1335 4607 1422 4672 circa
1451 4627 1518 4672 rem

280 4713 327 4778 vel
350 4713 511 4780 actionem
535 4715 687 4798 propriae
710 4713 892 4780 voluntatis
915 4714 1052 4797 imperio
1076 4713 1200 4778 directe
1223 4713 1404 4778 subiectam
1423 4712 1519 4791 („ali·

281 4819 351 4901 quid
369 4820 555 4904 possidendi
571 4821 623 4886 vel
641 4818 797 4902 agendi“)
813 4820 955 4886 officium
973 4822 1160 4905 nepulionm,
1184 4817 1205 4884 i.
1223 4839 1250 4884 e.
1267 4819 1442 4902 prohibens
1457 4820 1520 4885 iuri

282 4927 448 5000 contraria,
472 4927 534 4992 iuri
559 4931 669 4993 autem
694 4927 781 4993 circa
803 4947 872 4992 rem
896 4927 947 4993 vel
974 4927 1197 5012 operationem
1213 4924 1341 4991 alienae
1357 4926 1520 4994 voluntati

282 5035 397 5102 directe
421 5033 594 5098 obnoxiam
620 5033 778 5116 („aliquid
802 5033 991 5118 exigendi‘)
1015 5033 1157 5099 officium
1181 5032 1421 5115 affirmativum,
1445 5031 1465 5099 i.
1491 5053 1519 5098 e.

327 5143 431 5195 Meyer.
445 5143 484 5185 lus
499 5143 608 5186 naturale.
630 5145 646 5187 1.
667 5145 707 5188 Ed.
722 5147 741 5186 2.
1277 5135 1312 5188 25
