3909 5842
685 690 725 744 Da
743 690 911 745 beatitudine
929 690 1091 745 subiectiva.
1469 694 1510 759 53

351 867 475 946 Quibus
490 868 805 937 considerationibus
820 869 1019 936 Aristoteles
1042 890 1161 936 revera
1183 870 1217 936 id
1234 869 1340 953 ipsum
1355 870 1511 953 probasse

263 974 405 1053 videtur,
422 974 510 1058 quod
520 975 553 1040 iu
565 976 628 1042 hac
638 976 771 1043 theseos
787 981 884 1059 parte
899 977 1101 1060 profitemur,
1118 996 1232 1042 veram
1244 996 1361 1059 nempe
1373 975 1511 1041 hominis

264 1079 501 1147 beatitudinem
523 1082 709 1149 formaliter
730 1082 859 1148 nonnisi
881 1082 1095 1168 inspirituali
1112 1102 1184 1148 cum
1200 1083 1270 1148 Deo
1287 1080 1512 1149 coniunctione

263 1208 360 1269 quam
378 1187 620 1272 perfectissima
635 1210 695 1273 per
710 1188 1019 1273 contemplationem
1037 1190 1071 1254 et
1087 1208 1231 1254 amorem
1252 1188 1390 1273 reperiri
1405 1209 1511 1273 posse.

264 1324 310 1395 67.
400 1324 561 1397 Probatur
583 1344 661 1417 pars
684 1325 724 1398 11.
1095 1394 1099 1401 .
1369 1380 1373 1387 -

351 1430 525 1499 Naturalis
554 1432 616 1498 Dei
646 1433 789 1517 cognitio
821 1437 856 1500 et
884 1455 987 1513 amor,
1019 1432 1229 1516 quantumvis
1258 1432 1423 1517 perfecta,
1454 1454 1513 1518 per

264 1537 348 1603 hano
371 1539 476 1604 vitam
500 1538 672 1605 mortalem
695 1545 748 1607 tot
771 1540 914 1605 obnoxia
936 1538 1177 1623 impedimentis
1198 1559 1237 1605 ac
1253 1538 1511 1618 difficultatibus,

264 1648 314 1710 tot
330 1644 487 1729 periculis
510 1649 545 1712 et
563 1646 693 1713 casibus
715 1648 851 1715 turbata
866 1667 939 1713 esse
955 1650 1142 1725 cernuntur,
1167 1648 1204 1711 ut
1219 1644 1283 1726 vel,
1306 1644 1335 1711 si
1358 1644 1515 1729 perennia

264 1750 391 1830 forent,
421 1752 463 1817 ad
485 1772 566 1818 vere
587 1752 721 1819 beatum
745 1752 946 1820 reddendum
968 1752 1132 1818 hominem
1155 1773 1360 1836 nequaquam
1384 1751 1514 1817 suffice·

264 1860 347 1923 rent.
395 1856 535 1923 Accedit
557 1861 684 1937 autern,
713 1858 800 1941 quod
823 1857 910 1923 omni
933 1858 1118 1941 praesentis
1140 1858 1230 1925 vitae
1253 1858 1406 1925 felicitati
1428 1861 1514 1924 tarn-

265 1982 362 2043 quam
387 1964 590 2029 certissimus
619 1966 779 2031 terminus
809 1985 898 2030 mors
920 1964 1100 2032 immineat.
1147 1964 1255 2042 Quare
1277 1986 1337 2050 per
1359 1987 1395 2031 se
1419 1987 1514 2051 aper·

263 2073 332 2133 turn
371 2073 425 2135 est
462 2072 658 2155 completam
695 2072 786 2138 illam
823 2072 1077 2151 beatitudinem,
1121 2072 1250 2155 qualem
1289 2075 1324 2138 et
1360 2071 1513 2137 naturale

266 2173 461 2241 desiderium
496 2197 517 2241 a
548 2179 698 2242 creatore
729 2176 824 2242 nobis
858 2176 997 2243 inditum
1030 2180 1066 2243 et
1096 2176 1157 2242 Dei
1191 2176 1332 2243 fidelitas
1366 2176 1514 2260 postulat

265 2277 403 2359 (Thasos
425 2282 473 2347 IV
496 2287 530 2350 et
554 2283 612 2365 V),
642 2282 675 2347 in
704 2282 767 2349 bac
796 2284 867 2350 vita
890 2282 1030 2349 obtineri
1054 2304 1118 2349 non
1141 2304 1247 2367 posse.
1294 2282 1439 2349 Necesse
1462 2286 1514 2349 cst

265 2386 375 2469 igitur,
407 2410 480 2455 cum
509 2394 648 2457 naturae
677 2394 778 2473 atque
804 2390 949 2457 auctoris
978 2394 1118 2457 naturae
1148 2410 1214 2455 vox
1244 2388 1350 2455 inanis
1380 2410 1513 2455 manere

266 2498 423 2576 nequeat,
446 2496 536 2563 illam
559 2498 593 2562 in
616 2500 682 2562 cita
702 2498 819 2581 fulcro
842 2500 1025 2578 immortali,
1057 2496 1099 2563 ad
1122 2517 1219 2579 quam
1242 2517 1301 2581 per
1323 2495 1407 2561 banc
1429 2496 1513 2561 tern-

267 2601 414 2683 poralem
443 2602 548 2670 veluti
576 2604 795 2688 palaestram·
808 2602 841 2669 in
872 2624 1008 2688 corpore
1031 2602 1288 2687 peregrinamur,
1319 2606 1513 2687 exspectan·

267 2706 340 2771 dam
363 2728 448 2776 esse.

268 2844 315 2917 68.
408 2844 601 2920 Corollaria:
625 2851 650 2917 I.
675 2852 749 2917 Non
763 2854 863 2917 solam
879 2853 916 2916 ia
932 2852 1038 2915 eodem
1054 2849 1167 2917 obiecto
1184 2849 1251 2932 (63,
1267 2849 1324 2933 Π),
1347 2850 1404 2916 sed
1419 2850 1515 2915 etiam

269 2955 371 3020 eodem
395 2963 468 3021 octa
491 2960 679 3043 coactionis
701 2966 730 3024 et
752 2959 872 3023 amoris
886 2957 959 3034 Dei,
985 2959 1020 3022 ia
1036 2977 1097 3043 qao
1109 2955 1260 3039 formalis
1276 2957 1436 3022 beatitudo
1452 2958 1515 3021 sita

269 3070 319 3144 est,
343 3069 487 3148 respectu
509 3073 677 3130 creaturae
699 3067 870 3131 rationalis
893 3072 1025 3150 aterque
1039 3065 1127 3145 ordo,
1152 3065 1464 3150 audaeawaolopiccs
1488 3070 1515 3127 ct

268 3169 507 3254 deoatolopicua,
531 3173 710 3255 completur.

354 3274 508 3359 Namque
530 3276 638 3356 homo,
667 3277 743 3342 dum
766 3276 914 3360 perfecte
937 3275 1164 3359 cognoscendo
1188 3278 1222 3341 et
1245 3274 1386 3341 amando
1409 3275 1514 3339 Deum

267 3402 359 3446 suum
383 3382 550 3467 proprium
574 3404 735 3448 summum
754 3384 875 3449 bonum
890 3382 1002 3464 (duom
1019 3386 1159 3448 naturae
1175 3379 1351 3463 internum)
1367 3378 1514 3463 assequi-

268 3490 333 3566 tur,
362 3509 404 3554 eo
431 3489 502 3573 ipso
526 3490 631 3555 Deam
655 3489 837 3572 formaliter
863 3489 1032 3576 almificat,
1062 3491 1097 3553 et
1123 3487 1171 3553 sic
1199 3486 1350 3553 ultimum
1376 3490 1515 3552 naturae

269 3595 363 3659 finem
387 3594 489 3661 etiam
512 3602 676 3661 externam
701 3604 729 3661 et
751 3596 963 3661 universatem
986 3614 1025 3659 oo
1048 3593 1155 3672 modo,
1181 3614 1243 3675 quo
1265 3595 1438 3659 creaturae
1460 3610 1515 3657 ra·

268 3699 380 3766 tiouali
405 3701 569 3778 convenit,
593 3702 703 3769 activo
718 3701 886 3785 adimplet.
920 3700 1053 3766 Etenim
1071 3709 1200 3766 caterno
1215 3700 1279 3766 Dei
1293 3701 1406 3785 ploria,
1431 3718 1515 3780 quae

269 3806 402 3873 ultimus
423 3807 497 3873 finis
520 3812 573 3873 est
594 3806 806 3885 universalis,
829 3806 851 3873 i.
875 3827 904 3874 e.
929 3805 1108 3872 communis
1131 3804 1305 3871 universae
1329 3802 1514 3881 creationis,

269 3916 301 3977 et
322 3912 398 3977 ideo
421 3915 568 3978 centrum
592 3913 695 3979 totius
719 3912 841 3978 ordinis
864 3910 1093 3994 deontologici‚
1115 3912 1297 3995 formaliter
1319 3909 1352 3975 in
1375 3930 1415 3975 eo
1438 3930 1513 3975 con·

269 4017 364 4098 sistit,
389 4019 476 4102 quod
491 4020 580 4085 Deus
602 4042 660 4105 per
683 4022 912 4106 inlcdepentics
936 4026 1061 4084 creatas
1081 4020 1276 4103 capnoscitcr
1298 4026 1326 4083 et
1342 4018 1514 4082 secandam

270 4126 349 4191 lanc
372 4128 576 4211 coactionem
599 4129 789 4192 aestimatur
811 4148 849 4193 cc
873 4128 1029 4212 dilipitar.
1073 4124 1145 4190 Hoc
1169 4125 1264 4190 modo
1288 4124 1392 4191 Deum
1416 4122 1514 4205 glori·

270 4232 366 4296 ficare
390 4230 478 4295 omui
502 4235 537 4297 et
558 4231 620 4296 soli
643 4238 815 4299 creaturae
837 4230 992 4299 rationali
1016 4231 1178 4309 convenit,
1201 4230 1328 4313 reliqua
1348 4230 1457 4295 omnia
1473 4228 1515 4293 ad

271 4340 407 4404 eundem
429 4340 526 4405 finem
550 4340 813 4423 deoutologicum
829 4340 1068 4423 quodammodo
1084 4338 1301 4405 materialiter
1316 4358 1374 4403 scu
1390 4340 1515 4403 remote

270 4446 398 4509 tantum
421 4448 457 4510 et
478 4444 620 4511 mediate
636 4450 845 4525 concurrunt,
870 4450 1033 4529 quatenus
1053 4466 1170 4529 nempe
1186 4448 1304 4529 suapte
1320 4449 1438 4511 natura
1454 4442 1514 4509 Dei

272 4549 488 4630 perfectiones
506 4552 721 4619 manifestant
736 4556 770 4619 et
786 4557 958 4619 creaturae
974 4552 1128 4619 rationali
1144 4552 1185 4617 ad
1202 4572 1295 4617 suum
1311 4551 1401 4616 illum
1418 4552 1514 4617 finem

272 4654 489 4723 subserviunt.

273 4790 319 4861 69.
409 4796 450 4862 Π.
482 4799 536 4864 Sic
564 4799 775 4864 determinata
802 4800 963 4864 beatitudo
986 4822 1047 4884 per
1070 4822 1102 4865 se
1123 4801 1199 4884 pinis
1223 4798 1361 4863 dominia
1384 4800 1514 4863 ultimas

275 4919 305 4962 eo
330 4904 425 4968 ctiam
452 4925 546 4969 sensa
573 4910 684 4970 merito
712 4906 841 4987 dicitur,
873 4906 959 4990 qaod
983 4907 1172 4991 expansioni
1193 4910 1331 4973 maturae
1354 4906 1515 4970 burnanoe

275 5006 362 5071 etiam
383 5008 566 5091 formaliter
590 5018 624 5076 at
645 5014 852 5077 rationali
874 5010 945 5094 (45)
970 5014 1146 5098 adaequate
1171 5012 1347 5095 respondet.
