3909 5842
554 710 691 765 Kantiauu
710 714 739 765 et
756 709 904 765 Fichtauna
922 710 991 765 iuria
1008 711 1070 765 idea
1088 711 1240 780 exponitur.
1456 715 1521 779 417

274 907 413 965 veneno,
437 907 501 969 quo
527 887 709 953 doctrinam
726 887 882 954 moralem
905 887 1030 965 infecit,
1054 888 1154 953 etiam
1177 887 1257 953 iuris
1280 888 1451 955 scientiam
1474 888 1523 955 af-

274 994 380 1060 flavit.
427 994 621 1059 Thomasius
650 994 807 1061 docuerat
837 994 1036 1061 moralitatis
1064 994 1267 1079 provinciam
1294 994 1328 1061 iu
1352 994 1521 1061 efficienda

272 1122 354 1185 poce
375 1102 514 1181 interero,
539 1098 619 1165 iuris
643 1120 722 1165 vero
745 1100 778 1164 iu
803 1100 1033 1167 constituenda
1056 1106 1091 1167 et
1113 1101 1277 1168 servanda
1294 1124 1378 1187 pace
1392 1110 1522 1168 externo

277 1206 413 1284 versari,
431 1206 473 1271 ad
489 1206 579 1271 illam
596 1206 814 1288 obligationes
829 1206 987 1285 internas,
1004 1207 1046 1273 ad
1061 1207 1146 1273 hauc
1158 1212 1314 1275 externas
1326 1208 1491 1292 pertinere
1501 1210 1522 1273 ¹.

275 1311 368 1389 Quod
392 1311 456 1404 hac
477 1312 643 1379 sententia
665 1312 721 1378 ille
744 1312 971 1380 insinuaverat
995 1313 1102 1396 magis
1125 1335 1224 1396 quam
1247 1314 1380 1380 definite
1395 1313 1522 1381 stabili·

277 1422 383 1495 verat,
413 1418 566 1484 nimirum
600 1420 713 1503 doymo
743 1427 871 1485 mutuae
895 1423 1040 1486 internae
1063 1422 1330 1506 independenter
1358 1424 1525 1505 utriusque

276 1526 413 1607 ordinis,
437 1527 571 1591 moralis
593 1533 621 1590 et
644 1525 789 1607 iuridici,
812 1524 845 1589 id
866 1524 973 1609 ipsum
988 1525 1131 1591 Kantiue
1146 1546 1164 1591 e
1180 1525 1247 1590 suis
1263 1526 1404 1610 propriis
1419 1524 1524 1610 philo·

275 1630 420 1715 sophicis
449 1630 616 1716 principiis
647 1632 813 1714 analytice
843 1631 1015 1699 adstruere
1045 1636 1184 1699 conatus
1212 1637 1273 1711 est,
1303 1632 1435 1699 interim
1464 1652 1524 1716 pro

276 1736 352 1803 idea
388 1737 515 1821 ,pacis“
550 1738 658 1804 ideam
693 1739 850 1805 libertatis
876 1741 1060 1824 personalis
1090 1740 1124 1804 in
1156 1739 1403 1806 fundamentale
1434 1740 1524 1824 prin·

276 1844 396 1927 cipium
421 1844 583 1928 erigeret
631 1843 907 1921 Quemadmodum
931 1866 1048 1928 nempe
1070 1845 1249 1911 secundum
1271 1846 1429 1912 Kantium
1452 1845 1523 1910 uui·

278 1970 377 2015 versa
406 1950 578 2017 moralitas
608 1951 739 2036 proprie
762 1952 795 2017 in
818 1952 891 2035 ipsa
914 1955 1044 2018 interna
1066 1951 1221 2018 libertate
1244 1953 1330 2018 entis
1353 1951 1525 2018 rationalis

278 2056 446 2123 radicatur
468 2056 502 2123 in
526 2078 631 2139 saque
653 2061 821 2141 tamquam
843 2059 906 2141 fine
929 2061 965 2123 in
981 2081 1015 2123 oe
1030 2057 1235 2135 terminatur,
1259 2058 1308 2124 ita
1324 2059 1429 2124 omnis
1444 2058 1524 2124 ordo

277 2162 434 2229 iuridicus
449 2163 482 2228 iu
501 2171 632 2229 calerno
646 2163 787 2229 hominis
802 2163 958 2229 libertate
973 2164 1137 2230 rationale
1152 2164 1402 2229 fundamentum
1414 2164 1523 2230 habet.

368 2272 501 2336 Intarao
518 2270 637 2353 quippe
652 2270 799 2349 libertas,
824 2270 930 2352 qualis
947 2292 967 2336 a
984 2270 1106 2337 Kantio
1121 2272 1192 2355 ipso
1209 2270 1391 2354 concipitur
1399 2270 1422 2348 ³,
1437 2272 1524 2334 tam·

278 2376 352 2455 etsi,
376 2382 414 2442 ut
437 2376 494 2455 ait,
519 2397 561 2441 ex
584 2376 658 2459 lege
681 2376 798 2442 morali
821 2375 987 2458 (rationis)
1010 2380 1249 2459 consequenter
1263 2374 1448 2453 innotescit,
1472 2396 1524 2439 re-

278 2504 359 2550 vera
381 2486 493 2549 tamen
517 2483 575 2547 vix
598 2482 686 2547 aliud
704 2503 777 2549 esse
792 2482 996 2566 intellegitur
1011 2503 1110 2565 quam
1130 2483 1338 2561 ,autonomia
1353 2480 1523 2557 rationis“‚

277 2609 300 2654 a
323 2610 387 2672 qua
417 2594 585 2671 tamquam
616 2610 675 2655 suo
699 2590 857 2674 principio
881 2590 988 2655 omnis
1010 2590 1144 2655 moralia
1167 2590 1326 2673 obligatio
1349 2587 1428 2653 oriri
1450 2608 1525 2671 per·

278 2694 418 2761 hibetur.
473 2695 569 2762 Unde
600 2696 810 2779 consequitur
844 2696 953 2762 officia
985 2698 1123 2762 morelio
1152 2695 1337 2761 formaliter
1365 2699 1403 2760 ut
1432 2692 1524 2771 talia,

278 2800 549 2885 qualemcumque
565 2803 726 2869 actionem
743 2803 814 2868 sive
837 2803 1001 2871 internam
1024 2803 1095 2868 sive
1119 2806 1290 2869 externam
1314 2823 1374 2886 pro
1398 2801 1526 2867 obiecto

277 2906 433 2986 habeant,
446 2930 511 2975 non
523 2931 620 2993 posse
632 2931 704 2977 esse
716 2910 779 2975 nisi
791 2913 929 2993 interna,
942 2910 963 2977 i.
975 2930 1005 2976 e.
1019 2910 1061 2975 ab
1073 2908 1203 2975 iuterna
1214 2908 1352 2975 rationis
1363 2908 1438 2991 lege
1449 2929 1526 2992 pro·

280 3014 448 3080 manantia
461 3018 495 3080 et
509 3020 646 3100 propter
661 3016 765 3082 solam
782 3016 944 3082 internam
958 3016 1103 3080 eiusdem
1115 3015 1335 3081 reverentiam
1350 3014 1525 3081 servanda.

368 3122 546 3187 Externum·
578 3128 689 3189 autem
721 3122 909 3188 libertatem
940 3121 1026 3187 antis
1055 3121 1228 3187 rationalis
1258 3143 1325 3187 una
1353 3142 1427 3186 cum
1456 3121 1526 3187 cius

277 3226 521 3293 condicionibus
543 3228 678 3294 realiter
701 3228 895 3293 necessariis
918 3228 1061 3293 Kantius
1084 3226 1163 3309 (non
1182 3228 1253 3293 sine
1268 3228 1355 3293 saltu
1372 3226 1525 3312 empirice

278 3355 300 3398 a
327 3332 474 3411 ,ratione
496 3336 596 3417 pura“
632 3333 753 3414 alieno)
778 3333 965 3399 considerat
987 3338 1156 3418 tamquam
1180 3334 1401 3401 necessarium
1425 3335 1526 3417 quod·

278 3437 356 3502 dam
387 3459 589 3521 consequens
620 3443 654 3504 et
685 3440 955 3523 complementum
981 3439 1146 3505 libertatis
1168 3439 1328 3517 internae,
1359 3441 1393 3505 in
1423 3460 1527 3522 eoque

283 3546 505 3625 „postulatum
530 3544 684 3610 rationis“
713 3544 873 3629 agnoscit,
905 3546 991 3629 quod
1023 3545 1132 3623 ,nulla
1154 3546 1311 3612 ulteriore
1332 3546 1527 3630 probatione

277 3649 459 3731 indigeat“.
506 3651 731 3718 Condicionem
756 3674 853 3737 porro
877 3652 1107 3731 necessariam,
1139 3673 1205 3735 qua
1231 3653 1302 3718 sola
1325 3657 1465 3719 externa
1487 3653 1527 3717 li-

279 3758 392 3822 bertas
415 3756 502 3823 inter
524 3779 683 3843 personas
707 3780 818 3824 omnes
842 3758 903 3823 sibi
927 3759 1167 3825 coexsisteutes
1189 3759 1325 3826 realiter
1347 3758 1526 3825 subsistere

279 3864 395 3949 possit,
417 3884 490 3930 esse
506 3864 648 3947 aliquam
667 3864 907 3947 legislationem
924 3868 1095 3931 coactivum
1110 3866 1284 3943 concludit,
1309 3887 1375 3948 qua
1390 3866 1527 3932 libertas

277 3970 482 4053 singulorum
515 3971 549 4037 in
580 3971 728 4038 favorem
760 3972 924 4039 libertatis
955 3972 1097 4038 omnium
1128 3978 1329 4041 coerceatur.
1375 3974 1420 4039 Et
1443 3974 1527 4039 hanc

278 4075 411 4159 quidem
434 4098 493 4160 per
516 4098 552 4143 se
582 4078 767 4143 necessario
799 4088 962 4143 externam
992 4098 1076 4156 esse,
1107 4078 1148 4143 ab
1178 4078 1307 4144 interna
1330 4100 1387 4145 seu
1412 4083 1528 4145 morali

278 4185 474 4268 lepislctiona
492 4187 592 4269 plane
609 4186 777 4267 diuersam,
803 4187 918 4268 utpote
934 4184 985 4249 cui
1000 4182 1079 4247 nihil
1096 4184 1202 4266 magis
1218 4183 1413 4250 adversetur
1429 4206 1528 4266 quam

278 4290 438 4373 obligatio
462 4290 621 4357 coactiva.

373 4510 484 4564 ¹Fund.
504 4508 555 4563 iur.
574 4508 706 4572 uatl2,
726 4508 743 4576 ᾖ
762 4510 786 4562 6.

371 4599 439 4653 *uo
458 4596 630 4667 potissimum
649 4596 769 4666 pertinet
790 4594 855 4662 ,Die
869 4595 1046 4665 Metaphysik
1060 4596 1108 4649 der
1120 4595 1235 4661 Sitten‘,
1256 4597 1279 4649 1.
1292 4596 1366 4651 Tell:
1385 4598 1528 4670 Metaphy·

277 4686 370 4741 aieche
390 4687 621 4755 Aufangsgrllude
641 4687 689 4739 der
707 4683 887 4739 Rechtslehre
907 4683 1013 4751 (1197),
1033 4683 1123 4754 Opera
1144 4683 1222 4746 1838,
1240 4683 1274 4737 V.

371 4778 382 4811 ⁸
403 4776 525 4830 Libertas
543 4776 692 4831 secundum
711 4776 871 4843 conceptum
891 4775 1042 4841 negativum
1060 4772 1173 4827 dicitur:
1204 4770 1268 4838 ,Die
1287 4773 1529 4843 Unabbllngigkeit

279 4882 335 4918 von
359 4865 406 4917 der
424 4864 613 4931 Bestimurung
639 4862 724 4916 durch
750 4862 884 4916 sinnliche
903 4861 1058 4916 Antriebe.⁸
1098 4860 1251 4915 Secundum
1275 4868 1435 4932 conceptum
1453 4868 1529 4933 poei-

277 4956 380 5008 timim:
401 4953 472 5019 ,Das
485 4954 638 5021 Vermbgen
658 4953 706 5005 der
723 4951 816 5005 reineu
833 4950 976 5016 Veruuuft,
996 4950 1041 5004 fiir
1059 4950 1118 5005 eioh
1137 4950 1226 5004 selbot
1236 4950 1378 5020 praktisch
1397 4970 1429 5006 zu
1442 4954 1526 5008 sein‘

281 5041 440 5109 Einleituug
459 5042 486 5095 in
505 5042 549 5094 die
567 5040 688 5110 Mataph.
708 5039 755 5093 der
774 5038 863 5093 Sitten
883 5039 895 5091 I
914 5039 968 5091 und
989 5038 1027 5092 IV
1048 5038 1111 5107 (Op.
1130 5038 1155 5092 V
1176 5039 1207 5092 11
1221 5039 1296 5107 sqq).

333 5134 439 5187 Meyer.
454 5135 493 5177 lus
506 5133 617 5177 naturale.
637 5136 654 5178 l.
674 5134 715 5177 Ed.
729 5134 748 5175 2.
1286 5128 1320 5180 27
