3909 5842
372 636 445 674 xxvr
907 621 1087 677 Prooemium.

373 797 551 864 seeundum
581 798 732 883 proprias
762 798 919 883 operandi
948 799 1041 882 leges
1071 798 1180 865 habet.
1227 797 1332 863 Simili
1359 798 1461 881 igitur
1490 796 1648 864 ratione

373 904 546 982 rectitudo,
571 925 656 987 quae
678 904 812 971 moralis
836 905 965 983 dieitur,
990 926 1031 971 ea
1053 904 1274 987 intellegenda
1291 908 1351 982 est,
1376 925 1460 986 quae
1475 902 1647 969 moribus

373 1009 556 1088 hominum,
586 1010 608 1076 i.
633 1031 661 1077 e.
685 1009 797 1077 liberis
827 1010 1010 1077 actionibus
1038 1016 1075 1077 ut
1103 1009 1226 1076 talibus
1255 1010 1389 1095 propria
1416 1014 1477 1077 est.
1530 1008 1648 1075 Unde

373 1124 493 1182 rectum
515 1120 636 1184 morale
658 1120 726 1195 est,
755 1115 909 1199 quicquid
931 1115 965 1180 iu
988 1116 1164 1183 nativitate
1187 1116 1291 1183 libera
1313 1116 1360 1182 illi
1383 1137 1521 1182 normae
1552 1136 1647 1179 con-

373 1221 546 1301 formatur,
572 1222 625 1288 cui
648 1223 753 1289 omnis
777 1222 864 1290 actio
887 1221 992 1287 libera
1008 1243 1074 1305 qua
1089 1222 1167 1290 talis
1182 1226 1300 1307 suapte
1316 1226 1436 1288 natura
1452 1226 1487 1288 et
1502 1242 1647 1287 secuu-

374 1328 450 1394 dum
474 1350 587 1395 omnes
615 1334 787 1414 respectus
819 1329 881 1395 sibi
910 1330 1120 1395 conaturales
1152 1328 1386 1395 conformanda
1416 1332 1485 1408 est3
1517 1348 1647 1412 quare

373 1434 419 1499 nil
443 1434 531 1500 aliud
554 1434 684 1519 proprie
707 1436 873 1519 significat
901 1436 964 1501 uisi
995 1438 1139 1502 ordinem
1164 1440 1198 1501 iu
1222 1437 1331 1503 tiberis
1355 1436 1537 1503 actionibus
1567 1456 1647 1522 qua

372 1545 491 1609 talibus
510 1534 741 1629 ¹poueuotuml,
771 1542 931 1625 siquidem
955 1542 1107 1627 proprius
1135 1542 1291 1626 cuiusque
1314 1542 1517 1627 operationis
1545 1542 1645 1609 ordo

372 1649 406 1714 in
430 1648 499 1714 eius
523 1649 566 1714 ad
588 1650 685 1714 finem
709 1650 852 1715 debitum
877 1650 1057 1717 directione
1081 1648 1241 1716 consistit.
1288 1648 1406 1731 Itaque
1429 1649 1526 1715 sicuti
1562 1672 1643 1714 ree·

372 1764 440 1822 tum
461 1760 582 1823 morule
604 1778 662 1821 sen
679 1760 729 1823 bie
744 1760 823 1822 ordo
839 1758 970 1835 debitus,
996 1778 1060 1841 qua
1076 1758 1145 1823 late
1161 1760 1265 1842 patet,
1290 1756 1453 1822 obiectum
1468 1757 1639 1839 formale,

372 1863 421 1928 ita
444 1863 599 1927 universa
621 1862 776 1929 activitas
799 1862 912 1941 libera,
937 1866 1100 1946 quatenus
1123 1863 1197 1929 huic
1220 1862 1427 1929 rectitudinis
1444 1882 1640 1927 mensurae

373 1967 541 2046 subicitur,
572 1967 735 2033 obiectum
764 1971 928 2035 materiate
958 1968 1061 2034 totius
1091 1969 1249 2035 scientiae
1279 1966 1412 2033 moralis
1436 1968 1639 2034 constituit.

462 2074 584 2152 Quodsi
605 2074 708 2157 igitur
729 2079 918 2157 quaeratur,
943 2097 1007 2161 quo
1031 2080 1155 2143 ratione
1177 2076 1377 2161 philosophia
1399 2076 1532 2140 moralia
1550 2076 1641 2139 uni·

373 2203 482 2247 ceraue
499 2182 722 2267 philosophiae
741 2190 867 2267 purtem
890 2185 1071 2266 constituat,
1096 2204 1246 2269 queisque
1268 2186 1370 2249 locum
1394 2185 1479 2247 iuter
1501 2188 1640 2246 ceteras

371 2286 606 2371 philosophicas
621 2288 809 2371 disciptinas
825 2295 958 2371 ocerepet,
975 2307 1019 2351 ex
1035 2286 1149 2352 eadem
1165 2286 1275 2352 obiecti
1288 2287 1481 2371 proprietate
1493 2287 1639 2348 utrum-

374 2412 437 2474 que
460 2392 699 2458 aestimandum
722 2397 784 2460 est.

463 2498 500 2563 ld
522 2497 674 2563 nimirum
692 2498 898 2583 philosophia
913 2499 1048 2566 moralis
1064 2520 1136 2565 cum
1153 2498 1302 2564 omnibus
1318 2496 1499 2581 disciplinis
1514 2496 1635 2580 philo-

373 2603 515 2688 sophicis
545 2625 715 2670 commune
745 2604 862 2685 habet,
893 2606 981 2689 quod
1009 2606 1042 2671 in
1065 2629 1137 2673 uero
1167 2606 1353 2689 indagando
1386 2626 1429 2670 ex
1451 2602 1635 2689 principiis

373 2710 511 2777 rationis
534 2715 704 2789 versatur;
729 2711 838 2779 differt
860 2716 972 2778 autern
996 2734 1017 2779 a
1037 2713 1185 2797 singulis,
1209 2718 1247 2779 nt
1261 2714 1333 2779 veri
1356 2712 1452 2791 ratio,
1478 2732 1563 2794 quae
1591 2710 1632 2775 in

373 2820 463 2883 recto
486 2818 604 2884 morali
626 2817 802 2897 invenitur,
826 2818 932 2885 avari
954 2819 1083 2886 ratione
1100 2819 1321 2902 distinguitur,
1346 2840 1430 2902 quae
1446 2817 1631 2899 unicuique

374 2944 486 2990 aarum
508 2928 678 3008 tamquam
707 2926 869 2991 obiectum
898 2926 1066 3010 proprium
1089 2928 1275 3011 respondet.
1322 2926 1391 2992 Iam
1415 2945 1495 2990 vero
1523 2942 1630 2988 omne

373 3051 498 3109 verum,
515 3033 601 3115 qnod
616 3054 637 3098 a
652 3034 780 3099 ratione
795 3033 938 3098 humana
953 3032 1074 3116 attingi
1091 3037 1210 3117 potest,
1231 3054 1292 3117 pro
1308 3032 1438 3097 diverso
1455 3032 1626 3113 respectu,

373 3158 469 3219 quem
493 3139 536 3203 ad
558 3138 688 3203 animae
702 3138 869 3222 potentias
885 3138 995 3215 habet,
1020 3142 1065 3203 cd
1081 3141 1142 3205 duo
1158 3160 1282 3204 semera
1297 3160 1415 3224 peuero
1430 3140 1625 3214 revocatur,

373 3266 511 3329 quorum
540 3245 682 3312 alterum
711 3244 872 3312 veritates
902 3248 1129 3330 speculativos,
1163 3246 1305 3311 alterum
1333 3247 1496 3330 practices
1529 3264 1624 3309 com-

373 3351 555 3435 prehendit.
602 3351 698 3417 Circa
720 3356 895 3435 utrumque
926 3372 1031 3435 genus
1061 3351 1133 3417 sola
1154 3352 1268 3434 utique
1291 3352 1440 3435 potentia
1469 3350 1624 3416 intellec-

372 3458 445 3524 tiva
467 3457 616 3541 proxime
639 3478 675 3523 se
698 3462 841 3534 exercet,
865 3458 924 3523 sed
947 3457 1043 3523 modo
1067 3458 1164 3541 plane
1188 3457 1329 3523 diverso.
1364 3456 1451 3521 Dum
1474 3456 1560 3521 enim
1584 3456 1622 3521 in

373 3563 517 3631 veritate
539 3566 733 3649 speculativo
749 3564 975 3647 cognoscenda
990 3564 1179 3631 intellectus
1195 3562 1288 3646 quasi
1305 3586 1371 3629 rem
1387 3570 1510 3629 tentum
1526 3583 1622 3627 suem

373 3675 456 3758 epit,
487 3692 592 3754 eaque
613 3675 783 3754 tamquam
812 3670 876 3736 sibi
897 3672 1032 3756 propria
1053 3673 1195 3756 fruitur,
1226 3671 1312 3737 idem
1334 3671 1368 3735 in
1392 3669 1621 3754 perspicienda

374 3777 517 3844 veritate
537 3780 683 3863 practice
705 3798 764 3843 suo
781 3799 916 3844 munere
931 3776 1081 3861 fungitur
1096 3778 1205 3862 potius
1221 3782 1259 3844 ut
1274 3780 1419 3843 eniuicter
1434 3780 1618 3860 uoluntatis,

373 3884 425 3950 cui
448 3883 646 3965 cognitionis
669 3904 748 3950 suae
771 3884 916 3951 fructum
938 3890 1108 3967 tamquam
1123 3884 1273 3968 regulam
1289 3883 1446 3968 operandi
1462 3882 1619 3967 suppedi-

372 3994 434 4057 tat.
481 3989 588 4055 Homo
617 3988 770 4054 nimirum
793 4010 859 4055 nou
881 3990 987 4055 solnm
1012 4012 1078 4072 qua
1100 3990 1269 4075 praeditus
1292 3990 1462 4055 intellectu
1486 3990 1556 4055 Deo
1580 3994 1619 4056 ut

373 4096 544 4162 absolutae
560 4094 817 4177 intellegentiae,
840 4096 898 4162 sed
921 4096 1022 4163 etiam
1047 4118 1112 4179 qua
1134 4096 1302 4179 praeditus
1325 4096 1430 4161 libera
1445 4095 1619 4160 voluntate

373 4202 478 4267 eidem
502 4204 540 4267 ut
562 4222 672 4268 rerum
695 4201 837 4268 creatori
859 4206 894 4268 et
917 4202 1098 4269 ordinatori
1122 4202 1271 4269 absolute
1294 4200 1486 4286 sapientiet
1501 4204 1617 4265 sancto

373 4307 592 4380 assimilatur:
617 4329 723 4391 neque
746 4308 882 4391 proinde
905 4309 1010 4375 selum
1035 4308 1077 4375 ad
1101 4329 1150 4387 ea,
1176 4330 1260 4391 qnae
1283 4306 1467 4374 intellectui
1490 4309 1616 4390 patent,

373 4413 535 4497 spirituali
559 4414 714 4481 fruitione
737 4414 990 4499 contemplanda
1013 4415 1163 4482 conditus
1186 4418 1253 4493 est,
1278 4414 1336 4480 sed
1359 4413 1509 4497 insuper,
1535 4411 1618 4476 divi·

373 4541 488 4586 norum
505 4521 752 4605 exemplarium,
769 4542 853 4604 quae
869 4521 1020 4606 operanti
1037 4526 1193 4588 aeternae
1210 4519 1372 4587 voluntati
1389 4520 1617 4595 obversantur,

373 4646 432 4710 per
453 4630 606 4693 naturam
630 4627 826 4693 rationalem
849 4628 1087 4711 quodammodo
1110 4628 1275 4712 particeps
1298 4628 1424 4705 factus,
1456 4625 1498 4691 ad
1522 4644 1618 4689 sanc·

372 4732 489 4800 tissimi
514 4733 710 4799 ordinatoris
732 4754 843 4799 rernm
865 4734 1083 4801 imitationem
1099 4738 1199 4818 atque
1215 4732 1356 4816 aliquam
1380 4754 1453 4797 eum
1470 4752 1508 4797 eo
1525 4730 1618 4814 quasi

466 4951 475 4984 ¹
493 4948 535 5005 Gi.
553 4951 720 5020 Liberutore,
740 4951 829 5005 Instit.
847 4950 914 5021 phil.
933 4950 981 5016 111,
1001 4951 1103 5005 Romae
1123 4950 1200 5018 1855,
1220 4952 1244 5006 6.
