3909 5842
442 692 506 755 336
713 686 802 742 Sectio
822 688 855 741 ll.
895 688 973 742 Liber
992 689 1012 741 l.
1051 688 1140 758 Caput
1158 689 1192 744 ll.
1228 688 1370 743 Articulus
1392 692 1417 743 1.

441 863 543 930 ditem
567 861 665 927 titulo
688 861 886 944 originariae
908 865 1106 949 eoonpslicae
1127 865 1285 930 libertatis
1305 863 1477 947 proiioere
1495 865 1691 930 1101161111-

442 971 546 1044 verat,
564 967 666 1034 multo
683 967 789 1034 minus
805 968 942 1034 alterius
958 969 1189 1051 cuiuscumque
1204 969 1417 1051 antiquitatis
1434 975 1504 1037 aut
1521 971 1693 1038 traditionis

441 1073 629 1140 reverentia
652 1073 793 1140 cohiberi
818 1075 935 1158 potuit,
961 1075 1133 1158 quominus
1153 1075 1251 1142 titulo
1267 1077 1428 1142 libertatis
1444 1080 1625 1144 naturalis
1638 1100 1695 1143 can

442 1181 483 1246 ad
507 1199 645 1245 examen
670 1183 704 1246 et
727 1180 961 1246 discussionem
984 1184 1168 1249 revocaret.
1208 1181 1281 1246 Huc
1299 1182 1695 1268 pseudophilosophorun

442 1286 570 1352 ubiuis
593 1285 663 1352 fere
686 1287 827 1352 saeculis
851 1291 990 1352 conatus
1013 1288 1117 1352 omnia
1132 1289 1311 1354 ferebatur.
1342 1288 1453 1353 Novis
1469 1294 1697 1354 reconstruere

442 1392 663 1458 fundamentis
679 1392 797 1470 omnia,
814 1393 1016 1475 religionem,
1033 1393 1216 1471 scientium,
1232 1396 1334 1472 artes,
1351 1394 1499 1461 socialia
1517 1395 1602 1478 ipsa
1621 1395 1697 1459 iusti·

442 1503 517 1565 tuta
528 1499 725 1581 gestiebant,
743 1499 937 1565 effrenatam
951 1502 1051 1581 atque
1067 1500 1217 1565 inflatam
1233 1498 1388 1582 opinandi
1402 1500 1604 1577 libidinem,
1617 1521 1697 1583 quau

448 1604 720 1688 ,philosophiam“
740 1625 779 1670 ac
795 1605 924 1670 demum
952 1605 1222 1684 ,liberalismum“
1249 1605 1428 1689 (Freisiuu)
1444 1609 1641 1683 vocabant,
1662 1613 1699 1673 tol

443 1711 647 1777 saeculorum
670 1710 894 1794 experientiae
917 1711 1073 1778 thesauro
1091 1715 1231 1794 tutoque
1245 1715 1394 1791 naturae,
1418 1714 1600 1780 historiae
1615 1720 1700 1794 atque

443 1816 565 1883 ordinis
581 1815 829 1900 providentialis
845 1817 970 1883 tramiti
987 1818 1226 1884 substituendo.
1258 1817 1341 1894 Quid
1356 1818 1489 1897 mirum,
1511 1821 1612 1903 quod
1628 1820 1700 1886 inter

442 1923 626 1989 huiusmodi
640 1924 874 1991 reformatores
890 1945 953 1990 non
970 1924 1144 2003 defuerint,
1168 1924 1223 2007 qui
1239 1928 1309 1990 tum
1332 1926 1464 1990 demum
1479 1927 1699 2008 originarium

444 2052 482 2097 ac
505 2030 689 2096 naturalem
713 2031 852 2096 hominis
875 2034 999 2097 statum
1023 2036 1249 2098 restauratum
1271 2031 1343 2097 fore
1365 2036 1545 2115 putarent,
1574 2032 1607 2098 si
1625 2031 1698 2098 omui

443 2137 556 2203 sociali
580 2137 651 2202 vita
674 2138 814 2215 sublata,
846 2138 888 2203 ad
912 2138 1089 2203 belluinam
1113 2138 1300 2204 libertatem
1323 2138 1486 2204 rediisset.
1544 2141 1629 2205 Huc
1652 2139 1699 2202 1111·

443 2244 556 2328 primis
571 2243 723 2310 Hobbcsii
746 2254 773 2310 et
789 2246 977 2310 Rousseuoii
1001 2243 1150 2310 doctrina
1173 2244 1346 2310 referenda
1369 2247 1430 2310 est.
1470 2243 1636 2328 Uterque
1651 2268 1699 2309 nu-

444 2355 580 2419 tarulem
599 2355 759 2419 bumouoe
775 2356 931 2419 societatis
947 2356 1101 2439 oriqiuem
1117 2353 1272 2435 negabat,
1296 2373 1434 2434 eamque
1450 2351 1492 2416 ab
1511 2351 1700 2417 hominibus

444 2460 612 2524 inventam
636 2463 670 2524 et
692 2468 783 2544 pacto
807 2460 904 2525 libere
919 2461 1084 2524 inductum
1100 2458 1203 2524 fuisse
1219 2458 1390 2525 asserebat
1399 2460 1420 2524 1.
1456 2457 1507 2522 Eo
1527 2462 1651 2524 autem
1666 2457 1698 2521 ab

444 2565 584 2629 invicem
601 2564 765 2642 differunt,
783 2565 868 2645 quod
886 2564 937 2630 hic
949 2564 1089 2629 hominis
1101 2567 1223 2630 statum
1237 2563 1421 2629 naturalem
1434 2566 1470 2628 et
1481 2563 1698 2648 originarium

444 2670 539 2751 fingit
554 2673 818 2752 extro-cociolem,
843 2670 993 2734 nimirum
1011 2670 1197 2735 silvestrem
1213 2673 1313 2751 atque
1329 2669 1519 2744 belluinum,
1546 2672 1612 2736 ille
1628 2691 1697 2734 vero

446 2779 660 2842 ontisocioiem
683 2795 741 2840 seu
764 2779 887 2841 statum
917 2777 1011 2854 ,belli
1034 2776 1177 2841 omniurn
1201 2780 1317 2842 contra
1340 2779 1470 2841 omnes·
1483 2778 1507 2842 ².

445 2914 514 2985 394.
610 2915 744 2980 'ihomas
768 2915 893 2982 Hobbes
912 2916 1174 2998 (1588-1679),
1198 2917 1306 2983 Caroli
1322 2917 1363 2984 11.
1379 2918 1469 2999 regis
1485 2919 1640 3002 Angliae
1654 2919 1695 2980 iu·

444 3023 597 3102 stitutor,
629 3023 815 3088 universam
829 3031 831 3034 ’
846 3023 925 3089 iuris
955 3024 1118 3090 naturalis
1147 3023 1319 3090 scientiam
1348 3025 1454 3090 tribus
1478 3023 1584 3092 editis
1610 3023 1694 3089 libris

445 3129 658 3213 systematioe
675 3131 865 3214 complexus
878 3137 938 3208 est,
956 3132 1011 3212 qui
1023 3131 1258 3196 inscribuntur:
1279 3131 1347 3209 ,Da
1363 3132 1458 3197 Oive‘
1475 3131 1613 3213 (1643),
1635 3131 1694 3207 ,oe

445 3257 580 3321 corpore
592 3236 743 3320 politico“
760 3236 875 3319 (1650)
888 3241 922 3302 et
936 3237 1155 3316 ,Leviathan“
1172 3238 1298 3318 (1651).
1319 3237 1370 3302 Ad
1382 3241 1473 3302 recte
1486 3235 1693 3304 aestimanda

444 3343 579 3408 socialia
593 3343 755 3419 instituta,
774 3363 857 3424 quae
873 3344 959 3408 inter
974 3343 1122 3409 homines
1137 3343 1292 3411 historice
1308 3343 1481 3421 exsistant,
1499 3343 1693 3426 philosopho

445 3449 644 3515 redeundum
675 3470 747 3515 esse
778 3449 992 3516 existimabat
1022 3449 1064 3515 ad
1093 3449 1357 3533 investigandum
1381 3448 1522 3515 hominis
1551 3454 1691 3528 „statum

445 3557 646 3622 naturalom“
681 3560 715 3622 et
743 3557 954 3640 originarium
979 3578 1046 3634 seu,
1078 3563 1116 3623 ut
1138 3557 1208 3641 ipse
1231 3558 1446 3640 supponebat,
1478 3557 1520 3621 ab
1544 3556 1691 3623 omnibus

445 3661 550 3728 adhuc
573 3662 747 3728 socialibus
771 3663 910 3730 vinculis
934 3665 1088 3730 solutum.
1135 3663 1206 3740 Qua
1221 3663 1374 3730 methodo
1389 3663 1461 3747 ipse
1476 3684 1559 3748 prae
1575 3661 1690 3730 ceteris

444 3767 660 3853 perniciosam
689 3770 747 3846 ,de
770 3774 861 3837 statu
885 3770 1024 3836 hominis
1047 3771 1208 3836 naturali“
1236 3770 1397 3837 theoriam
1422 3770 1579 3848 excoluit,
1610 3789 1689 3852 quae

445 3874 597 3958 deinceps
619 3873 650 3938 iu
675 3875 755 3941 iuris
777 3876 992 3960 philosophia,
1016 3876 1152 3943 favente
1175 3877 1334 3961 imprimis
1354 3877 1602 3953 materialismo,
1625 3877 1689 3942 late

443 3981 678 4048 invalescebat.
724 3981 788 4046 Pro
813 4003 851 4046 eo
874 3983 975 4066 igitur
999 3987 1091 4048 statu
1114 3983 1276 4048 homiuem
1301 3983 1523 4060 considerans,
1549 3983 1687 4049 maxime

445 4089 600 4175 duplicem
623 4089 654 4152 in
679 4109 716 4153 eo
741 4092 881 4154 naturae
905 4089 1021 4165 nisum,
1046 4088 1197 4172 primitus
1213 4089 1358 4166 insitum,
1382 4089 1531 4170 agnovit,
1556 4092 1686 4155 alimum

444 4194 581 4279 egoismi
604 4198 638 4260 et
660 4195 847 4261 illimitatae
866 4177 1056 4280 cupiditatis
1072 4195 1260 4277 acquirendi
1277 4197 1375 4277 atque
1391 4195 1532 4273 fruendi,
1556 4199 1684 4262 oderam

444 4301 671 4369 sollicitudinis
695 4302 857 4368 arcendae
880 4301 997 4368 mortis
1020 4301 1136 4383 suique
1159 4301 1383 4367 conservandi.
1425 4301 1477 4366 Ex
1501 4304 1634 4386 spoissuo
1656 4300 1685 4362 iu

536 4497 545 4529 ¹
564 4495 664 4549 Contra
683 4492 866 4563 peritissimus
885 4493 956 4545 inter
975 4495 1084 4546 veteres
1102 4496 1217 4546 naturae
1235 4495 1374 4547 scrutator
1385 4491 1551 4547 Aristotelea
1567 4491 1596 4544 in
1614 4490 1682 4543 illul
1753 4469 1756 4575 1

444 4585 550 4640 Politic.
572 4583 654 4648 1253,
674 4597 698 4646 a,
719 4582 741 4646 1,
761 4581 801 4634 sic
821 4579 874 4634 ait:
899 4577 937 4634 Ἐκ
956 4583 1057 4634 τούτων
1076 4581 1122 4634 οὖν
1140 4583 1257 4650 φανερὸν
1275 4583 1315 4634 ὅτι
1333 4587 1385 4635 τῶν
1403 4581 1481 4650 φύσει
1500 4583 1517 4652 ἡ
1535 4580 1609 4640 πόλις
1626 4580 1681 4633 ἐστί.
1754 4595 1756 4663 J

444 4676 486 4728 καὶ
506 4675 545 4726 ὅτι
564 4671 707 4739 ἅνθρωπος
725 4670 803 4739 φύσει
822 4669 950 4722 πολιτικὸν
977 4667 1061 4740 ζῷον,
1087 4670 1130 4722 aab
1149 4673 1164 4722 b
1183 4668 1309 4730 ἄπολις
1334 4671 1392 4722 διὰ
1410 4671 1515 4738 φύσιν
1532 4669 1575 4722 aul
1593 4664 1624 4721 od
1642 4667 1682 4720 διὰ
1754 4682 1756 4735 Ι

444 4764 524 4834 τύχην
541 4761 600 4832 ἦτοι
619 4758 723 4829 φαῦλός
741 4761 809 4812 ἐστιν
828 4760 844 4828 ἢ
864 4761 988 4828 κρείττων
1006 4762 1023 4829 ἢ
1044 4757 1195 4829 ἅνθρωπος,
1215 4760 1304 4828 ὥσπερ
1322 4760 1366 4812 aab
1385 4761 1400 4811 b
1420 4756 1464 4827 ὑφ’
1475 4757 1588 4827 Ὁμήρου
1602 4756 1679 4809 lardo
1753 4782 1754 4807 ;

441 4852 536 4922 μηθεὶς
555 4850 695 4918 ἀφρήτωρ,
714 4849 866 4912 ἀθέμιστος,
886 4849 1014 4908 ἀνέστιος.
1754 4815 1756 4923 i

533 4941 544 4974 ⁹
563 4939 602 4992 De
621 4941 735 5005 utroquo
755 4936 789 4990 ci.
814 4936 837 4991 ai
860 4935 927 4990 libet
945 4937 995 4990 Die
1009 4937 1178 4992 Grundslttze
1198 4937 1245 4991 der
1257 4936 1427 4992 Sittlichlreit
1444 4935 1500 4989 und
1518 4936 1567 4989 des
1579 4931 1678 4991 Rachia
1751 4931 1754 4954 ¹

443 5029 585 5100 §eo-40
607 5027 656 5082 102
678 5027 728 5080 175
750 5025 801 5080 190
813 5043 865 5094 sqq
887 5027 937 5080 199
950 5043 1010 5096 sqq.
1754 5049 1756 5097 Ι
