3909 5842
631 629 670 693 De
689 637 833 694 activitate
851 639 946 695 sociali
966 640 1074 710 proprio
1093 640 1174 694 dicta
1461 645 1526 711 327

255 815 379 880 mitae
404 819 497 880 actus
521 813 651 880 socialis
675 836 747 880 cum
772 816 919 883 subiecto
943 821 1075 900 agente,
1099 839 1120 884 a
1143 839 1206 900 quo
1231 817 1467 897 denominatur,
1494 819 1528 885 id

255 920 483 1003 potissimum
507 920 675 1005 importat,
701 927 738 988 ut
761 923 802 988 ab
826 923 955 988 interno
978 922 1093 988 sociali
1109 922 1267 1007 principio
1281 927 1351 989 tum
1366 927 1527 1010 primario

258 1025 507 1109 (auctoritate)
541 1031 611 1092 tum
644 1030 836 1094 secundario
869 1025 1053 1110 (subditis),
1086 1037 1213 1094 serrata
1244 1031 1329 1095 ieter
1361 1039 1528 1117 utramque

261 1133 387 1198 debita
411 1135 527 1198 merati
550 1135 701 1200 relatione
727 1142 754 1198 et
776 1135 887 1200 tabita
910 1137 1036 1200 ratione
1058 1138 1223 1218 materiae,
1247 1135 1334 1202 circa
1357 1158 1454 1219 quam
1474 1159 1528 1202 ao·

260 1240 371 1305 cialis
395 1240 544 1323 operatio
568 1243 730 1319 versatur,
754 1242 876 1307 realem
902 1241 1147 1308 exsecutionem
1171 1242 1328 1309 obtineat.

369 1347 472 1420 Porro
495 1353 624 1420 ratione
646 1359 801 1423 materiae
824 1377 882 1423 seu
905 1355 1038 1422 termini
1060 1355 1202 1440 proximi
1224 1356 1258 1421 iu
1275 1357 1429 1422 universa
1445 1357 1527 1423 acti·

261 1461 385 1526 vitate
416 1461 527 1526 sociali
560 1463 677 1546 duplex
698 1462 900 1544 fractionum
924 1465 1037 1528 classis
1060 1461 1282 1544 distinguitur,
1313 1463 1420 1530 altera
1443 1484 1527 1545 quae

264 1587 334 1650 per
368 1587 405 1632 se
435 1566 661 1651 principaliter
690 1568 733 1633 ad
760 1568 907 1634 ordinem
930 1569 1094 1654 physicam
1118 1567 1263 1651 pertinet
1286 1571 1320 1634 et
1342 1568 1451 1634 media
1473 1590 1526 1635 so·

266 1672 377 1738 cialia
407 1673 612 1756 potissimum
639 1673 776 1757 physica
804 1673 968 1757 deposcit,
1000 1674 1107 1739 altera
1137 1694 1222 1756 quae
1251 1693 1310 1756 per
1338 1694 1375 1739 se
1404 1673 1527 1739 ordinis

266 1780 412 1845 moralis
444 1783 496 1846 est
526 1783 561 1846 et
589 1779 663 1844 ideo
693 1779 809 1846 mediis
840 1779 1020 1846 moralibus
1049 1785 1217 1861 tamqnam
1247 1778 1389 1863 propriis
1412 1779 1525 1846 utitur.

267 1884 389 1967 Ipsum
423 1883 508 1950 euim
539 1883 658 1950 bonurn
693 1895 866 1969 externam,
898 1885 932 1950 in
963 1885 1051 1968 quod
1081 1885 1205 1951 directe
1235 1886 1377 1952 societas
1408 1885 1524 1964 tendit,

271 1990 504 2073 multipliciter
534 1990 575 2055 ab
606 1989 719 2056 ordine
746 1991 883 2075 physico
906 1992 1042 2058 realiter
1064 1991 1243 2075 dependet3
1274 1992 1382 2057 media
1405 1996 1525 2069 autem,

272 2097 396 2179 quibus
419 2097 461 2162 ad
486 2098 726 2180 cooperandum
750 2097 898 2162 homiues
921 2101 1105 2174 moventur,
1133 2097 1272 2163 moralia
1294 2097 1362 2163 sint
1384 2100 1525 2181 oportet,

273 2205 295 2268 i.
322 2224 352 2269 e.
378 2202 525 2268 libertati
548 2202 710 2268 humanae
734 2203 992 2270 accommodata.
1025 2203 1143 2286 Itaque
1166 2202 1272 2269 omnis
1293 2203 1425 2269 socialis
1448 2224 1526 2287 ope-

274 2309 363 2376 ratio
387 2329 447 2393 pro
470 2309 659 2376 immediato
682 2311 823 2376 termino
848 2311 947 2376 habet
970 2317 1029 2376 aut
1052 2332 1105 2375 res
1127 2316 1185 2376 aut
1196 2330 1355 2394 personas
1370 2311 1411 2375 ad
1428 2311 1525 2375 finem

274 2437 480 2482 communem
494 2417 717 2500 applicandas,
731 2419 871 2500 analoga
884 2416 1048 2499 utrimque
1060 2416 1239 2481 mediorum
1252 2416 1374 2481 ordine.
1388 2415 1526 2482 Functio

276 2521 420 2601 socialis,
444 2543 528 2606 quae
551 2523 777 2609 principaliter
801 2525 888 2590 circa
911 2544 964 2589 res
983 2526 1146 2600 versatur,
1171 2523 1411 2588 administratio
1427 2523 1525 2605 (Ver-

277 2629 453 2712 waltung),
478 2629 602 2697 functio
620 2635 740 2708 autem,
766 2652 829 2714 qua
847 2651 1007 2714 personae
1023 2629 1064 2695 ad
1080 2631 1178 2694 finem
1195 2627 1391 2710 diriguntur,
1414 2631 1525 2715 pader-

277 2738 367 2801 actio
402 2734 573 2820 (Leituug,
608 2737 810 2821 Regiorung)
842 2737 973 2821 proprie
1006 2735 1141 2810 dicitur;
1176 2754 1373 2816 quamquam
1409 2735 1527 2800 ambae

278 2841 465 2907 functiones
495 2863 531 2907 se
561 2843 702 2908 invicem
732 2846 921 2928 supponunt
950 2847 985 2909 et
1011 2841 1104 2907 varie
1128 2843 1393 2923 compeuetrant3
1424 2861 1525 2923 quare

280 2949 440 3014 alterutra
456 2948 677 3014 denominatio
694 2949 794 3015 latius
811 2953 948 3033 accepta
963 2952 1137 3029 utramque
1152 2947 1253 3028 vulgo
1269 2947 1524 3030 comprehendit.

280 3096 348 3168 383.
438 3099 500 3166 Est
522 3098 624 3179 igitur
640 3100 700 3164 sub
716 3120 755 3164 eo
771 3103 924 3184 respectu
940 3098 1096 3164 activitas
1112 3095 1243 3162 socialis
1259 3095 1378 3161 ceteris
1393 3097 1525 3179 paribus

281 3224 320 3269 eo
349 3204 478 3282 rectior,
510 3227 569 3291 qao
599 3209 702 3292 erupis
732 3209 765 3270 ia
799 3207 917 3271 delecta
949 3212 1060 3270 auca
1083 3205 1259 3268 mediocrem
1282 3204 1368 3266 ratio
1391 3203 1526 3267 babetur

282 3312 424 3376 diversae
452 3320 591 3378 acturae
614 3315 780 3377 socialiter
802 3311 1003 3394 fractionum
1027 3312 1127 3391 atque
1149 3308 1199 3374 ita
1222 3308 1333 3374 debita
1356 3312 1525 3391 proportio

281 3416 365 3483 iuter
388 3417 535 3483 ordinem
558 3418 729 3502 physicum
752 3421 786 3482 et
810 3417 967 3483 moralem
991 3419 1155 3480 servatur.

368 3533 566 3598 Gubernatio
590 3537 700 3599 autem
724 3533 757 3597 iu
780 3533 898 3617 specie,
923 3553 1007 3614 quae
1031 3529 1313 3597 administratione
1334 3549 1394 3613 per
1409 3549 1445 3593 se
1462 3528 1524 3594 dif-

282 3639 393 3705 ficilior
423 3642 483 3716 est,
515 3661 553 3704 eo
583 3639 706 3704 rectius
736 3643 919 3716 exercetur,
952 3660 1012 3724 qao
1042 3639 1155 3703 melias
1185 3639 1393 3722 exploraretur
1420 3637 1466 3701 aet
1489 3639 1523 3703 in

282 3733 424 3831 prompta
454 3747 613 3811 habentur
644 3754 670 3810 et
699 3768 759 3831 qao
783 3749 890 3832 aptius
914 3748 946 3810 ia
970 3746 1166 3830 particulari
1188 3745 1394 3830 applicaretur
1417 3745 1524 3809 media

283 3855 423 3934 moralia,
455 3853 570 3933 quibus
599 3851 746 3917 homiues
776 3873 840 3918 nou
873 3851 978 3916 solum
1009 3850 1308 3932 quomodocumque
1332 3848 1523 3926 efficaciter,

285 3958 339 4023 sed
365 3958 475 4035 etiam,
507 3961 665 4039 quantum
692 3958 762 4024 fieri
786 3957 901 4041 possit,
925 3964 1102 4041 spontanea
1126 3964 1155 4020 et
1177 3957 1286 4022 libenti
1308 3958 1525 4039 cooperatione

286 4064 325 4129 ad
346 4065 460 4130 bonum
485 4083 654 4127 commune
677 4068 882 4130 moveantur.
921 4061 1074 4144 Namque
1097 4060 1254 4144 obligatio
1270 4059 1414 4138 moralis,
1438 4065 1525 4125 tam·

286 4169 343 4236 etsi
371 4190 431 4253 per
462 4191 497 4236 se
530 4169 732 4252 gubernandi
765 4169 906 4235 medium
937 4173 989 4235 est
1019 4168 1207 4252 specificum
1237 4171 1272 4233 et
1300 4167 1444 4233 maxime
1467 4188 1524 4233 ne·

287 4275 463 4356 cessarium,
488 4297 552 4342 uon
576 4297 651 4341 raro
675 4278 785 4340 tamen
810 4275 862 4340 vel
886 4273 998 4340 debita
1021 4274 1169 4340 efficacia
1190 4275 1245 4339 vel
1260 4273 1399 4340 salutari
1414 4272 1524 4338 fructu

287 4386 415 4459 careret,
429 4381 490 4447 uisi
503 4385 677 4466 praeterea
689 4381 843 4464 congruis
854 4380 1098 4466 psychologicis
1109 4379 1285 4445 momentis
1300 4378 1524 4445 adiuvaretur.

287 4521 349 4592 384.
437 4523 604 4588 Eiusmodi
627 4530 783 4588 momenta
807 4541 886 4605 prae
909 4519 1029 4586 ceteris
1052 4524 1132 4603 apta
1148 4523 1183 4585 ot
1197 4519 1232 4583 in
1246 4523 1367 4585 natura
1381 4517 1526 4583 humana

288 4627 423 4707 fundata,
457 4629 569 4714 quibus
599 4629 739 4694 manbre
769 4630 926 4693 societatis
957 4629 1002 4692 ad
1026 4635 1197 4711 spontanee
1220 4626 1452 4712 cooperando-m
1479 4625 1525 4689 ad

290 4737 389 4800 bonam
413 4758 573 4801 caramane
596 4735 806 4817 inducantur,
831 4733 894 4798 duo
917 4733 1095 4816 praecipue
1119 4731 1318 4797 nominanda
1340 4734 1434 4796 suut:

369 4853 395 4916 1.
420 4851 588 4938 Perspecto
615 4851 752 4936 propria
782 4849 982 4914 subditorum
1004 4850 1128 4914 utilitas
1151 4845 1336 4928 (interesse)
1354 4868 1426 4911 eam
1449 4854 1523 4911 acta

236 5003 238 5006 -
290 4958 386 5021 eoacti
400 4964 564 5042 praecepto
584 4959 761 5022 coaiarcta.
793 4954 910 5036 Itaque
932 4953 1140 5036 gubernatio,
1164 4957 1323 5034 quantum
1339 4972 1398 5036 per
1413 4973 1523 5018 rerum
