<?xml version="1.0" encoding="UTF-8"?>
<!DOCTYPE html PUBLIC "-//W3C//DTD XHTML 1.0 Transitional//EN"
    "http://www.w3.org/TR/xhtml1/DTD/xhtml1-transitional.dtd">
<html xmlns="http://www.w3.org/1999/xhtml" xml:lang="en" lang="en">
 <head>
  <title>
</title>
<meta http-equiv="Content-Type" content="text/html;charset=utf-8" />
  <meta name='ocr-system' content='tesseract 3.04.00' />
  <meta name='ocr-capabilities' content='ocr_page ocr_carea ocr_par ocr_line ocrx_word'/>
</head>
<body>
  <div class='ocr_page' id='page_1' title='image "./institutionesiu00meyegoog_0118.png"; bbox 0 0 3909 5842; ppageno 0'>
   <div class='ocr_carea' id='block_1_1' title="bbox 458 658 1481 729">
    <p class='ocr_par' dir='ltr' id='par_1_1' title="bbox 458 658 1481 729">
     <span class='ocr_line' id='line_1_1' title="bbox 458 658 1481 729; baseline -0.005 -12"><span class='ocrx_word' id='word_1_1' title='bbox 458 664 499 728; x_wconf 77' lang='lat'><strong>66</strong></span> <span class='ocrx_word' id='word_1_2' title='bbox 682 660 772 714; x_wconf 85' lang='lat' dir='ltr'><strong>Sectio</strong></span> <span class='ocrx_word' id='word_1_3' title='bbox 790 660 811 715; x_wconf 90' lang='lat'><strong>1.</strong></span> <span class='ocrx_word' id='word_1_4' title='bbox 848 660 929 714; x_wconf 88' lang='lat' dir='ltr'><strong>Liber</strong></span> <span class='ocrx_word' id='word_1_5' title='bbox 947 660 967 713; x_wconf 93' lang='lat'><strong>1.</strong></span> <span class='ocrx_word' id='word_1_6' title='bbox 1006 660 1095 729; x_wconf 82' lang='lat' dir='ltr'><strong>Caput</strong></span> <span class='ocrx_word' id='word_1_7' title='bbox 1112 659 1161 714; x_wconf 89' lang='lat'><strong>111.</strong></span> <span class='ocrx_word' id='word_1_8' title='bbox 1198 658 1340 713; x_wconf 82' lang='lat' dir='ltr'><strong>Articulus</strong></span> <span class='ocrx_word' id='word_1_9' title='bbox 1361 662 1383 713; x_wconf 94' lang='lat' dir='ltr'><strong>l.</strong></span> <span class='ocrx_word' id='word_1_10' title='bbox 1421 659 1481 727; x_wconf 68' lang='lat'><strong>51.</strong></span> 
     </span>
    </p>
   </div>
   <div class='ocr_carea' id='block_1_2' title="bbox 455 834 1701 3458">
    <p class='ocr_par' dir='ltr' id='par_1_2' title="bbox 455 834 1697 1539">
     <span class='ocr_line' id='line_1_2' title="bbox 455 834 1693 920; baseline -0.003 -15"><span class='ocrx_word' id='word_1_11' title='bbox 455 841 686 905; x_wconf 75' lang='lat' dir='ltr'><strong>secundariae</strong></span> <span class='ocrx_word' id='word_1_12' title='bbox 709 840 847 920; x_wconf 81' lang='lat' dir='ltr'><strong>votitam,</strong></span> <span class='ocrx_word' id='word_1_13' title='bbox 873 838 894 904; x_wconf 91' lang='lat' dir='ltr'><strong>i.</strong></span> <span class='ocrx_word' id='word_1_14' title='bbox 911 859 939 903; x_wconf 89' lang='lat' dir='ltr'><strong>e.</strong></span> <span class='ocrx_word' id='word_1_15' title='bbox 965 859 986 903; x_wconf 86' lang='lat' dir='ltr'><strong>e</strong></span> <span class='ocrx_word' id='word_1_16' title='bbox 1009 836 1181 903; x_wconf 82' lang='lat' dir='ltr'><strong>voluntate</strong></span> <span class='ocrx_word' id='word_1_17' title='bbox 1204 836 1376 913; x_wconf 90' lang='lat' dir='ltr'><strong>intentum,</strong></span> <span class='ocrx_word' id='word_1_18' title='bbox 1400 835 1454 913; x_wconf 86' lang='lat' dir='ltr'><strong>sit,</strong></span> <span class='ocrx_word' id='word_1_19' title='bbox 1479 834 1551 901; x_wconf 84' lang='lat' dir='ltr'><strong>sive</strong></span> <span class='ocrx_word' id='word_1_20' title='bbox 1574 840 1612 902; x_wconf 87' lang='lat' dir='ltr'><strong>ut</strong></span> <span class='ocrx_word' id='word_1_21' title='bbox 1632 836 1693 901; x_wconf 81' lang='lat' dir='ltr'><strong>tinia</strong></span> 
     </span>
     <span class='ocr_line' id='line_1_3' title="bbox 456 942 1694 1024; baseline -0.005 -13"><span class='ocrx_word' id='word_1_22' title='bbox 456 946 527 1011; x_wconf 88' lang='lat' dir='ltr'><strong>sive</strong></span> <span class='ocrx_word' id='word_1_23' title='bbox 550 952 588 1013; x_wconf 92' lang='lat' dir='ltr'><strong>ut</strong></span> <span class='ocrx_word' id='word_1_24' title='bbox 610 944 752 1011; x_wconf 90' lang='lat' dir='ltr'><strong>medium</strong></span> <span class='ocrx_word' id='word_1_25' title='bbox 776 945 818 1010; x_wconf 90' lang='lat' dir='ltr'><strong>ad</strong></span> <span class='ocrx_word' id='word_1_26' title='bbox 841 944 941 1009; x_wconf 86' lang='lat' dir='ltr'><strong>alium</strong></span> <span class='ocrx_word' id='word_1_27' title='bbox 965 944 1079 1021; x_wconf 87' lang='lat' dir='ltr'><strong>finem;</strong></span> <span class='ocrx_word' id='word_1_28' title='bbox 1104 942 1325 1009; x_wconf 89' lang='lat' dir='ltr'><strong>voluntarium</strong></span> <span class='ocrx_word' id='word_1_29' title='bbox 1341 962 1421 1007; x_wconf 88' lang='lat' dir='ltr'><strong>vero</strong></span> <span class='ocrx_word' id='word_1_30' title='bbox 1446 943 1636 1007; x_wconf 81' lang='lat' dir='ltr'><strong>indirectum</strong></span> <span class='ocrx_word' id='word_1_31' title='bbox 1656 942 1694 1024; x_wconf 79' lang='lat' dir='ltr'><strong>(in</strong></span> 
     </span>
     <span class='ocr_line' id='line_1_4' title="bbox 456 1048 1695 1132; baseline -0.003 -15"><span class='ocrx_word' id='word_1_32' title='bbox 456 1048 580 1131; x_wconf 84' lang='lat' dir='ltr'><strong>cauea),</strong></span> <span class='ocrx_word' id='word_1_33' title='bbox 613 1051 700 1132; x_wconf 90' lang='lat' dir='ltr'><strong>quod</strong></span> <span class='ocrx_word' id='word_1_34' title='bbox 723 1072 744 1115; x_wconf 93' lang='lat' dir='ltr'><strong>a</strong></span> <span class='ocrx_word' id='word_1_35' title='bbox 766 1050 940 1116; x_wconf 85' lang='lat' dir='ltr'><strong>voluntate</strong></span> <span class='ocrx_word' id='word_1_36' title='bbox 968 1048 1119 1132; x_wconf 78' lang='lat' dir='ltr'>procedit</span> <span class='ocrx_word' id='word_1_37' title='bbox 1142 1068 1207 1113; x_wconf 92' lang='lat' dir='ltr'><strong>non</strong></span> <span class='ocrx_word' id='word_1_38' title='bbox 1230 1048 1323 1114; x_wconf 93' lang='lat' dir='ltr'><strong>utin</strong></span> <span class='ocrx_word' id='word_1_39' title='bbox 1348 1069 1384 1113; x_wconf 87' lang='lat' dir='ltr'><strong>se</strong></span> <span class='ocrx_word' id='word_1_40' title='bbox 1407 1049 1559 1127; x_wconf 89' lang='lat' dir='ltr'><strong>volitum,</strong></span> <span class='ocrx_word' id='word_1_41' title='bbox 1590 1048 1645 1113; x_wconf 87' lang='lat' dir='ltr'><strong>sed</strong></span> <span class='ocrx_word' id='word_1_42' title='bbox 1666 1056 1695 1113; x_wconf 89' lang='lat' dir='ltr'><strong>ot</strong></span> 
     </span>
     <span class='ocr_line' id='line_1_5' title="bbox 456 1153 1696 1236; baseline -0.002 -14"><span class='ocrx_word' id='word_1_43' title='bbox 456 1179 608 1222; x_wconf 73' lang='lat' dir='ltr'><strong>conexum</strong></span> <span class='ocrx_word' id='word_1_44' title='bbox 638 1178 711 1222; x_wconf 92' lang='lat' dir='ltr'><strong>cum</strong></span> <span class='ocrx_word' id='word_1_45' title='bbox 743 1156 808 1221; x_wconf 87' lang='lat' dir='ltr'><strong>alio</strong></span> <span class='ocrx_word' id='word_1_46' title='bbox 839 1154 962 1221; x_wconf 89' lang='lat' dir='ltr'><strong>directe</strong></span> <span class='ocrx_word' id='word_1_47' title='bbox 990 1154 1093 1219; x_wconf 91' lang='lat' dir='ltr'><strong>volito</strong></span> <span class='ocrx_word' id='word_1_48' title='bbox 1118 1158 1152 1219; x_wconf 92' lang='lat' dir='ltr'><strong>et</strong></span> <span class='ocrx_word' id='word_1_49' title='bbox 1182 1175 1247 1236; x_wconf 88' lang='lat' dir='ltr'><strong>qua</strong></span> <span class='ocrx_word' id='word_1_50' title='bbox 1276 1154 1346 1219; x_wconf 83' lang='lat' dir='ltr'><strong>tale</strong></span> <span class='ocrx_word' id='word_1_51' title='bbox 1378 1153 1488 1235; x_wconf 90' lang='lat' dir='ltr'><strong>aliquo</strong></span> <span class='ocrx_word' id='word_1_52' title='bbox 1522 1154 1621 1219; x_wconf 92' lang='lat' dir='ltr'><strong>modo</strong></span> <span class='ocrx_word' id='word_1_53' title='bbox 1652 1176 1696 1219; x_wconf 78' lang='lat' dir='ltr'><strong>co</strong></span> 
     </span>
     <span class='ocr_line' id='line_1_6' title="bbox 456 1259 1697 1345; baseline -0.001 -20"><span class='ocrx_word' id='word_1_54' title='bbox 456 1262 594 1345; x_wconf 80' lang='lat' dir='ltr'><strong>gnitum.</strong></span> <span class='ocrx_word' id='word_1_55' title='bbox 626 1262 680 1327; x_wconf 86' lang='lat' dir='ltr'><strong>Sic</strong></span> <span class='ocrx_word' id='word_1_56' title='bbox 696 1261 828 1340; x_wconf 87' lang='lat' dir='ltr'><strong>homini,</strong></span> <span class='ocrx_word' id='word_1_57' title='bbox 853 1260 908 1344; x_wconf 90' lang='lat' dir='ltr'><strong>qui</strong></span> <span class='ocrx_word' id='word_1_58' title='bbox 923 1261 1138 1326; x_wconf 88' lang='lat' dir='ltr'><strong>immoderato</strong></span> <span class='ocrx_word' id='word_1_59' title='bbox 1155 1282 1215 1325; x_wconf 90' lang='lat' dir='ltr'><strong>usu</strong></span> <span class='ocrx_word' id='word_1_60' title='bbox 1232 1259 1299 1325; x_wconf 89' lang='lat' dir='ltr'><strong>vini</strong></span> <span class='ocrx_word' id='word_1_61' title='bbox 1316 1259 1505 1337; x_wconf 88' lang='lat' dir='ltr'><strong>inebriatur,</strong></span> <span class='ocrx_word' id='word_1_62' title='bbox 1531 1260 1619 1326; x_wconf 84' lang='lat' dir='ltr'><strong>benc</strong></span> <span class='ocrx_word' id='word_1_63' title='bbox 1641 1261 1697 1325; x_wconf 82' lang='lat' dir='ltr'><strong>vini</strong></span> 
     </span>
     <span class='ocr_line' id='line_1_7' title="bbox 457 1366 1697 1451; baseline 0.001 -19"><span class='ocrx_word' id='word_1_64' title='bbox 457 1368 637 1435; x_wconf 87' lang='lat' dir='ltr'><strong>efficaciam</strong></span> <span class='ocrx_word' id='word_1_65' title='bbox 661 1388 726 1433; x_wconf 92' lang='lat' dir='ltr'><strong>non</strong></span> <span class='ocrx_word' id='word_1_66' title='bbox 750 1367 915 1450; x_wconf 75' lang='lat' dir='ltr'><strong>ignorans,</strong></span> <span class='ocrx_word' id='word_1_67' title='bbox 946 1368 1017 1450; x_wconf 90' lang='lat' dir='ltr'><strong>ipse</strong></span> <span class='ocrx_word' id='word_1_68' title='bbox 1047 1370 1144 1451; x_wconf 91' lang='lat' dir='ltr'><strong>potus</strong></span> <span class='ocrx_word' id='word_1_69' title='bbox 1169 1366 1292 1432; x_wconf 90' lang='lat' dir='ltr'><strong>directe</strong></span> <span class='ocrx_word' id='word_1_70' title='bbox 1315 1366 1532 1445; x_wconf 84' lang='lat' dir='ltr'><strong>voluntariae,</strong></span> <span class='ocrx_word' id='word_1_71' title='bbox 1565 1367 1697 1433; x_wconf 74' lang='lat' dir='ltr'><strong>ebrietas</strong></span> 
     </span>
     <span class='ocr_line' id='line_1_8' title="bbox 456 1471 1459 1539; baseline 0.002 -4"><span class='ocrx_word' id='word_1_72' title='bbox 456 1491 534 1539; x_wconf 88' lang='lat' dir='ltr'><strong>vero</strong></span> <span class='ocrx_word' id='word_1_73' title='bbox 559 1473 746 1539; x_wconf 85' lang='lat' dir='ltr'><strong>voluntarie</strong></span> <span class='ocrx_word' id='word_1_74' title='bbox 769 1473 928 1539; x_wconf 77' lang='lat' dir='ltr'>indirecte</span> <span class='ocrx_word' id='word_1_75' title='bbox 952 1494 1010 1538; x_wconf 90' lang='lat' dir='ltr'><strong>seu</strong></span> <span class='ocrx_word' id='word_1_76' title='bbox 1032 1473 1066 1537; x_wconf 89' lang='lat' dir='ltr'><strong>in</strong></span> <span class='ocrx_word' id='word_1_77' title='bbox 1091 1492 1191 1538; x_wconf 86' lang='lat' dir='ltr'><strong>causa</strong></span> <span class='ocrx_word' id='word_1_78' title='bbox 1215 1471 1353 1537; x_wconf 83' lang='lat' dir='ltr'><strong>dicenda</strong></span> <span class='ocrx_word' id='word_1_79' title='bbox 1376 1475 1459 1538; x_wconf 69' lang='lat' dir='ltr'><strong>estl.</strong></span> 
     </span>
    </p>

    <p class='ocr_par' dir='ltr' id='par_1_3' title="bbox 456 1578 1701 2515">
     <span class='ocr_line' id='line_1_9' title="bbox 545 1578 1698 1662; baseline -0.001 -18"><span class='ocrx_word' id='word_1_80' title='bbox 545 1579 781 1646; x_wconf 76' lang='lat' dir='ltr'><strong>Verumtamen</strong></span> <span class='ocrx_word' id='word_1_81' title='bbox 805 1602 870 1645; x_wconf 91' lang='lat' dir='ltr'><strong>non</strong></span> <span class='ocrx_word' id='word_1_82' title='bbox 894 1578 1049 1662; x_wconf 89' lang='lat' dir='ltr'><strong>quidquid</strong></span> <span class='ocrx_word' id='word_1_83' title='bbox 1074 1600 1146 1644; x_wconf 88' lang='lat' dir='ltr'><strong>curu</strong></span> <span class='ocrx_word' id='word_1_84' title='bbox 1171 1579 1281 1660; x_wconf 86' lang='lat' dir='ltr'><strong>aliqua</strong></span> <span class='ocrx_word' id='word_1_85' title='bbox 1305 1578 1433 1644; x_wconf 89' lang='lat' dir='ltr'><strong>actione</strong></span> <span class='ocrx_word' id='word_1_86' title='bbox 1448 1578 1578 1645; x_wconf 84' lang='lat' dir='ltr'><strong>directe</strong></span> <span class='ocrx_word' id='word_1_87' title='bbox 1595 1580 1698 1644; x_wconf 81' lang='lat' dir='ltr'><strong>volun-</strong></span> 
     </span>
     <span class='ocr_line' id='line_1_10' title="bbox 456 1684 1699 1768; baseline -0.002 -17"><span class='ocrx_word' id='word_1_88' title='bbox 456 1686 543 1751; x_wconf 84' lang='lat' dir='ltr'><strong>taria</strong></span> <span class='ocrx_word' id='word_1_89' title='bbox 573 1685 736 1753; x_wconf 87' lang='lat' dir='ltr'><strong>obiectivo</strong></span> <span class='ocrx_word' id='word_1_90' title='bbox 767 1686 876 1768; x_wconf 88' lang='lat' dir='ltr'><strong>aliquo</strong></span> <span class='ocrx_word' id='word_1_91' title='bbox 907 1684 1161 1767; x_wconf 81' lang='lat' dir='ltr'><strong>consequentiae</strong></span> <span class='ocrx_word' id='word_1_92' title='bbox 1184 1684 1324 1763; x_wconf 87' lang='lat' dir='ltr'><strong>vinculo,</strong></span> <span class='ocrx_word' id='word_1_93' title='bbox 1355 1684 1488 1751; x_wconf 89' lang='lat' dir='ltr'><strong>tametsi</strong></span> <span class='ocrx_word' id='word_1_94' title='bbox 1519 1686 1699 1751; x_wconf 78' lang='lat' dir='ltr'><strong>necessario</strong></span> 
     </span>
     <span class='ocr_line' id='line_1_11' title="bbox 456 1791 1699 1876; baseline 0.001 -20"><span class='ocrx_word' id='word_1_95' title='bbox 456 1794 491 1857; x_wconf 89' lang='lat' dir='ltr'><strong>et</strong></span> <span class='ocrx_word' id='word_1_96' title='bbox 514 1793 556 1858; x_wconf 86' lang='lat' dir='ltr'><strong>ab</strong></span> <span class='ocrx_word' id='word_1_97' title='bbox 580 1797 700 1876; x_wconf 87' lang='lat' dir='ltr'><strong>agente</strong></span> <span class='ocrx_word' id='word_1_98' title='bbox 723 1792 887 1875; x_wconf 83' lang='lat' dir='ltr'><strong>praeviso,</strong></span> <span class='ocrx_word' id='word_1_99' title='bbox 912 1791 1105 1867; x_wconf 84' lang='lat' dir='ltr'><strong>conectitur,</strong></span> <span class='ocrx_word' id='word_1_100' title='bbox 1130 1812 1168 1855; x_wconf 91' lang='lat' dir='ltr'><strong>eo</strong></span> <span class='ocrx_word' id='word_1_101' title='bbox 1192 1791 1263 1874; x_wconf 87' lang='lat' dir='ltr'><strong>ipso</strong></span> <span class='ocrx_word' id='word_1_102' title='bbox 1287 1795 1322 1857; x_wconf 91' lang='lat' dir='ltr'><strong>et</strong></span> <span class='ocrx_word' id='word_1_103' title='bbox 1344 1812 1473 1875; x_wconf 83' lang='lat' dir='ltr'><strong>semper</strong></span> <span class='ocrx_word' id='word_1_104' title='bbox 1499 1814 1520 1856; x_wconf 90' lang='lat' dir='ltr'><strong>a</strong></span> <span class='ocrx_word' id='word_1_105' title='bbox 1550 1795 1699 1858; x_wconf 81' lang='lat' dir='ltr'><strong>uoluntate</strong></span> 
     </span>
     <span class='ocr_line' id='line_1_12' title="bbox 458 1896 1699 1984; baseline 0.001 -22"><span class='ocrx_word' id='word_1_106' title='bbox 458 1920 527 1963; x_wconf 83' lang='lat' dir='ltr'><strong>uere</strong></span> <span class='ocrx_word' id='word_1_107' title='bbox 550 1901 720 1984; x_wconf 83' lang='lat' dir='ltr'><strong>procedere</strong></span> <span class='ocrx_word' id='word_1_108' title='bbox 743 1903 779 1965; x_wconf 89' lang='lat' dir='ltr'><strong>et</strong></span> <span class='ocrx_word' id='word_1_109' title='bbox 799 1898 875 1963; x_wconf 90' lang='lat' dir='ltr'><strong>hinc</strong></span> <span class='ocrx_word' id='word_1_110' title='bbox 897 1897 1056 1963; x_wconf 89' lang='lat' dir='ltr'><strong>indirecte</strong></span> <span class='ocrx_word' id='word_1_111' title='bbox 1080 1896 1302 1964; x_wconf 86' lang='lat' dir='ltr'><strong>voluntarium</strong></span> <span class='ocrx_word' id='word_1_112' title='bbox 1326 1917 1398 1962; x_wconf 87' lang='lat' dir='ltr'><strong>esee</strong></span> <span class='ocrx_word' id='word_1_113' title='bbox 1421 1900 1624 1964; x_wconf 87' lang='lat' dir='ltr'><strong>censendum</strong></span> <span class='ocrx_word' id='word_1_114' title='bbox 1647 1906 1699 1963; x_wconf 81' lang='lat' dir='ltr'><strong>est.</strong></span> 
     </span>
     <span class='ocr_line' id='line_1_13' title="bbox 456 2003 1698 2089; baseline -0.001 -20"><span class='ocrx_word' id='word_1_115' title='bbox 456 2005 640 2089; x_wconf 86' lang='lat' dir='ltr'><strong>Suppositis</strong></span> <span class='ocrx_word' id='word_1_116' title='bbox 669 2026 809 2089; x_wconf 87' lang='lat' dir='ltr'><strong>namque</strong></span> <span class='ocrx_word' id='word_1_117' title='bbox 840 2004 939 2071; x_wconf 88' lang='lat' dir='ltr'><strong>certis</strong></span> <span class='ocrx_word' id='word_1_118' title='bbox 967 2003 1210 2069; x_wconf 85' lang='lat' dir='ltr'><strong>condicionibus</strong></span> <span class='ocrx_word' id='word_1_119' title='bbox 1242 2003 1374 2069; x_wconf 88' lang='lat' dir='ltr'><strong>evenire</strong></span> <span class='ocrx_word' id='word_1_120' title='bbox 1404 2008 1525 2087; x_wconf 87' lang='lat' dir='ltr'><strong>potest,</strong></span> <span class='ocrx_word' id='word_1_121' title='bbox 1561 2011 1600 2073; x_wconf 90' lang='lat' dir='ltr'><strong>ut</strong></span> <span class='ocrx_word' id='word_1_122' title='bbox 1630 2006 1698 2070; x_wconf 89' lang='lat' dir='ltr'><strong>iilud</strong></span> 
     </span>
     <span class='ocr_line' id='line_1_14' title="bbox 456 2110 1701 2197; baseline -0.001 -21"><span class='ocrx_word' id='word_1_123' title='bbox 456 2111 565 2195; x_wconf 90' lang='lat' dir='ltr'><strong>potius</strong></span> <span class='ocrx_word' id='word_1_124' title='bbox 595 2112 742 2197; x_wconf 84' lang='lat' dir='ltr'><strong>legitimo</strong></span> <span class='ocrx_word' id='word_1_125' title='bbox 764 2111 959 2195; x_wconf 83' lang='lat' dir='ltr'><strong>permissum</strong></span> <span class='ocrx_word' id='word_1_126' title='bbox 983 2132 1041 2177; x_wconf 89' lang='lat' dir='ltr'><strong>seu</strong></span> <span class='ocrx_word' id='word_1_127' title='bbox 1064 2132 1129 2176; x_wconf 93' lang='lat' dir='ltr'><strong>non</strong></span> <span class='ocrx_word' id='word_1_128' title='bbox 1152 2110 1342 2194; x_wconf 88' lang='lat' dir='ltr'><strong>impeditum</strong></span> <span class='ocrx_word' id='word_1_129' title='bbox 1368 2132 1464 2193; x_wconf 87' lang='lat' dir='ltr'><strong>quam</strong></span> <span class='ocrx_word' id='word_1_130' title='bbox 1489 2132 1509 2176; x_wconf 88' lang='lat' dir='ltr'><strong>a</strong></span> <span class='ocrx_word' id='word_1_131' title='bbox 1533 2114 1701 2178; x_wconf 85' lang='lat' dir='ltr'><strong>voluntate</strong></span> 
     </span>
     <span class='ocr_line' id='line_1_15' title="bbox 456 2216 1700 2300; baseline -0.001 -18"><span class='ocrx_word' id='word_1_132' title='bbox 456 2228 623 2284; x_wconf 79' lang='lat' dir='ltr'><strong>causatum</strong></span> <span class='ocrx_word' id='word_1_133' title='bbox 646 2220 764 2286; x_wconf 90' lang='lat' dir='ltr'><strong>merito</strong></span> <span class='ocrx_word' id='word_1_134' title='bbox 788 2218 852 2284; x_wconf 91' lang='lat' dir='ltr'><strong>dici</strong></span> <span class='ocrx_word' id='word_1_135' title='bbox 874 2217 1003 2283; x_wconf 79' lang='lat' dir='ltr'><strong>debeat.</strong></span> <span class='ocrx_word' id='word_1_136' title='bbox 1042 2217 1159 2300; x_wconf 87' lang='lat' dir='ltr'><strong>Itaque</strong></span> <span class='ocrx_word' id='word_1_137' title='bbox 1183 2220 1220 2282; x_wconf 91' lang='lat' dir='ltr'><strong>ut</strong></span> <span class='ocrx_word' id='word_1_138' title='bbox 1243 2216 1328 2283; x_wconf 91' lang='lat' dir='ltr'><strong>ratio</strong></span> <span class='ocrx_word' id='word_1_139' title='bbox 1352 2216 1531 2283; x_wconf 84' lang='lat' dir='ltr'><strong>voluntarii</strong></span> <span class='ocrx_word' id='word_1_140' title='bbox 1556 2218 1700 2282; x_wconf 87' lang='lat' dir='ltr'><strong>indirecti</strong></span> 
     </span>
     <span class='ocr_line' id='line_1_16' title="bbox 458 2323 1699 2407; baseline -0.002 -18"><span class='ocrx_word' id='word_1_141' title='bbox 458 2325 490 2389; x_wconf 93' lang='lat' dir='ltr'><strong>in</strong></span> <span class='ocrx_word' id='word_1_142' title='bbox 519 2324 686 2390; x_wconf 90' lang='lat' dir='ltr'><strong>individuo</strong></span> <span class='ocrx_word' id='word_1_143' title='bbox 717 2346 831 2390; x_wconf 87' lang='lat' dir='ltr'><strong>secure</strong></span> <span class='ocrx_word' id='word_1_144' title='bbox 862 2324 1106 2402; x_wconf 83' lang='lat' dir='ltr'><strong>determinetur,</strong></span> <span class='ocrx_word' id='word_1_145' title='bbox 1139 2323 1203 2389; x_wconf 86' lang='lat' dir='ltr'><strong>alio</strong></span> <span class='ocrx_word' id='word_1_146' title='bbox 1226 2324 1359 2406; x_wconf 85' lang='lat' dir='ltr'><strong>insuper</strong></span> <span class='ocrx_word' id='word_1_147' title='bbox 1382 2323 1513 2389; x_wconf 91' lang='lat' dir='ltr'><strong>criterio</strong></span> <span class='ocrx_word' id='word_1_148' title='bbox 1537 2345 1625 2407; x_wconf 83' lang='lat' dir='ltr'><strong>opus</strong></span> <span class='ocrx_word' id='word_1_149' title='bbox 1648 2332 1699 2396; x_wconf 84' lang='lat' dir='ltr'><strong>est,</strong></span> 
     </span>
     <span class='ocr_line' id='line_1_17' title="bbox 457 2429 1699 2515; baseline -0.002 -19"><span class='ocrx_word' id='word_1_150' title='bbox 457 2431 496 2497; x_wconf 89' lang='lat' dir='ltr'><strong>de</strong></span> <span class='ocrx_word' id='word_1_151' title='bbox 513 2453 576 2514; x_wconf 89' lang='lat' dir='ltr'><strong>quo</strong></span> <span class='ocrx_word' id='word_1_152' title='bbox 593 2432 767 2515; x_wconf 84' lang='lat' dir='ltr'><strong>specialius</strong></span> <span class='ocrx_word' id='word_1_153' title='bbox 783 2432 879 2509; x_wconf 86' lang='lat' dir='ltr'><strong>infra,</strong></span> <span class='ocrx_word' id='word_1_154' title='bbox 896 2431 952 2496; x_wconf 92' lang='lat' dir='ltr'><strong>ubi</strong></span> <span class='ocrx_word' id='word_1_155' title='bbox 968 2432 1008 2496; x_wconf 89' lang='lat' dir='ltr'><strong>de</strong></span> <span class='ocrx_word' id='word_1_156' title='bbox 1024 2429 1279 2514; x_wconf 86' lang='lat' dir='ltr'><strong>imputabilitate</strong></span> <span class='ocrx_word' id='word_1_157' title='bbox 1296 2433 1423 2513; x_wconf 86' lang='lat' dir='ltr'><strong>agetur,</strong></span> <span class='ocrx_word' id='word_1_158' title='bbox 1441 2429 1618 2496; x_wconf 89' lang='lat' dir='ltr'><strong>dicendum</strong></span> <span class='ocrx_word' id='word_1_159' title='bbox 1636 2430 1699 2495; x_wconf 86' lang='lat' dir='ltr'><strong>erit.</strong></span> 
     </span>
    </p>

    <p class='ocr_par' dir='ltr' id='par_1_4' title="bbox 456 2535 1701 3458">
     <span class='ocr_line' id='line_1_18' title="bbox 546 2535 1699 2619; baseline -0.005 -15"><span class='ocrx_word' id='word_1_160' title='bbox 546 2538 598 2604; x_wconf 79' lang='lat' dir='ltr'><strong>Ad</strong></span> <span class='ocrx_word' id='word_1_161' title='bbox 628 2538 849 2604; x_wconf 87' lang='lat' dir='ltr'><strong>voluntarium</strong></span> <span class='ocrx_word' id='word_1_162' title='bbox 879 2537 1075 2603; x_wconf 89' lang='lat' dir='ltr'><strong>indirectum</strong></span> <span class='ocrx_word' id='word_1_163' title='bbox 1105 2536 1312 2618; x_wconf 82' lang='lat' dir='ltr'><strong>aliquatenus</strong></span> <span class='ocrx_word' id='word_1_164' title='bbox 1343 2535 1470 2601; x_wconf 87' lang='lat' dir='ltr'><strong>accedit</strong></span> <span class='ocrx_word' id='word_1_165' title='bbox 1493 2536 1584 2619; x_wconf 92' lang='lat' dir='ltr'><strong>quod</strong></span> <span class='ocrx_word' id='word_1_166' title='bbox 1608 2536 1699 2617; x_wconf 82' lang='lat' dir='ltr'><strong>vulgo</strong></span> 
     </span>
     <span class='ocr_line' id='line_1_19' title="bbox 457 2642 1701 2731; baseline -0.005 -22"><span class='ocrx_word' id='word_1_167' title='bbox 457 2648 732 2731; x_wconf 77' lang='lat' dir='ltr'><strong>interpretativum</strong></span> <span class='ocrx_word' id='word_1_168' title='bbox 755 2647 886 2721; x_wconf 88' lang='lat' dir='ltr'><strong>vocant,</strong></span> <span class='ocrx_word' id='word_1_169' title='bbox 911 2664 984 2709; x_wconf 89' lang='lat' dir='ltr'><strong>cum</strong></span> <span class='ocrx_word' id='word_1_170' title='bbox 1001 2662 1039 2707; x_wconf 92' lang='lat' dir='ltr'><strong>eo</strong></span> <span class='ocrx_word' id='word_1_171' title='bbox 1054 2645 1167 2708; x_wconf 86' lang='lat' dir='ltr'><strong>temen</strong></span> <span class='ocrx_word' id='word_1_172' title='bbox 1183 2642 1443 2708; x_wconf 86' lang='lat' dir='ltr'><strong>confundendum</strong></span> <span class='ocrx_word' id='word_1_173' title='bbox 1460 2646 1607 2710; x_wconf 90' lang='lat' dir='ltr'><strong>nonest.</strong></span> <span class='ocrx_word' id='word_1_174' title='bbox 1641 2642 1701 2707; x_wconf 90' lang='lat' dir='ltr'><strong>Sci·</strong></span> 
     </span>
     <span class='ocr_line' id='line_1_20' title="bbox 456 2748 1701 2834; baseline -0.002 -19"><span class='ocrx_word' id='word_1_175' title='bbox 456 2752 536 2817; x_wconf 90' lang='lat' dir='ltr'><strong>licet</strong></span> <span class='ocrx_word' id='word_1_176' title='bbox 566 2757 603 2817; x_wconf 87' lang='lat' dir='ltr'><strong>ut</strong></span> <span class='ocrx_word' id='word_1_177' title='bbox 635 2751 768 2834; x_wconf 89' lang='lat' dir='ltr'><strong>aliquid,</strong></span> <span class='ocrx_word' id='word_1_178' title='bbox 803 2751 889 2834; x_wconf 92' lang='lat' dir='ltr'><strong>quod</strong></span> <span class='ocrx_word' id='word_1_179' title='bbox 922 2749 1084 2815; x_wconf 88' lang='lat' dir='ltr'><strong>obiective</strong></span> <span class='ocrx_word' id='word_1_180' title='bbox 1115 2770 1187 2815; x_wconf 90' lang='lat' dir='ltr'><strong>cum</strong></span> <span class='ocrx_word' id='word_1_181' title='bbox 1217 2748 1347 2814; x_wconf 88' lang='lat' dir='ltr'><strong>actione</strong></span> <span class='ocrx_word' id='word_1_182' title='bbox 1371 2750 1494 2815; x_wconf 91' lang='lat' dir='ltr'><strong>directe</strong></span> <span class='ocrx_word' id='word_1_183' title='bbox 1517 2748 1701 2813; x_wconf 84' lang='lat' dir='ltr'><strong>voluntaria</strong></span> 
     </span>
     <span class='ocr_line' id='line_1_21' title="bbox 457 2852 1700 2942; baseline -0.008 -17"><span class='ocrx_word' id='word_1_184' title='bbox 457 2879 616 2925; x_wconf 83' lang='lat' dir='ltr'><strong>conexum</strong></span> <span class='ocrx_word' id='word_1_185' title='bbox 640 2863 702 2938; x_wconf 86' lang='lat' dir='ltr'><strong>est,</strong></span> <span class='ocrx_word' id='word_1_186' title='bbox 733 2858 797 2923; x_wconf 92' lang='lat' dir='ltr'><strong>dici</strong></span> <span class='ocrx_word' id='word_1_187' title='bbox 819 2858 924 2941; x_wconf 84' lang='lat' dir='ltr'><strong>possit</strong></span> <span class='ocrx_word' id='word_1_188' title='bbox 947 2860 1183 2942; x_wconf 69' lang='lat' dir='ltr'><strong>interpretativa</strong></span> <span class='ocrx_word' id='word_1_189' title='bbox 1206 2856 1438 2935; x_wconf 89' lang='lat' dir='ltr'><strong>voluntarium,</strong></span> <span class='ocrx_word' id='word_1_190' title='bbox 1469 2876 1530 2940; x_wconf 89' lang='lat' dir='ltr'><strong>per</strong></span> <span class='ocrx_word' id='word_1_191' title='bbox 1554 2876 1593 2919; x_wconf 87' lang='lat' dir='ltr'><strong>se</strong></span> <span class='ocrx_word' id='word_1_192' title='bbox 1619 2852 1700 2918; x_wconf 85' lang='lat' dir='ltr'><strong>nulia</strong></span> 
     </span>
     <span class='ocr_line' id='line_1_22' title="bbox 457 2961 1700 3047; baseline -0.005 -17"><span class='ocrx_word' id='word_1_193' title='bbox 457 2965 527 3031; x_wconf 86' lang='lat' dir='ltr'><strong>eius</strong></span> <span class='ocrx_word' id='word_1_194' title='bbox 558 2964 591 3029; x_wconf 90' lang='lat' dir='ltr'><strong>in</strong></span> <span class='ocrx_word' id='word_1_195' title='bbox 625 2970 746 3047; x_wconf 85' lang='lat' dir='ltr'><strong>agente</strong></span> <span class='ocrx_word' id='word_1_196' title='bbox 778 2964 922 3047; x_wconf 87' lang='lat' dir='ltr'><strong>cognitio</strong></span> <span class='ocrx_word' id='word_1_197' title='bbox 955 2962 1095 3029; x_wconf 76' lang='lat' dir='ltr'><strong>actualis</strong></span> <span class='ocrx_word' id='word_1_198' title='bbox 1127 2961 1321 3043; x_wconf 86' lang='lat' dir='ltr'><strong>requiritur,</strong></span> <span class='ocrx_word' id='word_1_199' title='bbox 1356 2962 1413 3028; x_wconf 88' lang='lat' dir='ltr'><strong>scd</strong></span> <span class='ocrx_word' id='word_1_200' title='bbox 1448 2961 1573 3028; x_wconf 86' lang='lat' dir='ltr'><strong>sufficit</strong></span> <span class='ocrx_word' id='word_1_201' title='bbox 1611 2964 1700 3025; x_wconf 85' lang='lat' dir='ltr'><strong>inter-</strong></span> 
     </span>
     <span class='ocr_line' id='line_1_23' title="bbox 456 3067 1700 3159; baseline -0.006 -21"><span class='ocrx_word' id='word_1_202' title='bbox 456 3076 624 3159; x_wconf 84' lang='lat' dir='ltr'><strong>pretativa,</strong></span> <span class='ocrx_word' id='word_1_203' title='bbox 648 3073 668 3138; x_wconf 95' lang='lat' dir='ltr'><strong>i.</strong></span> <span class='ocrx_word' id='word_1_204' title='bbox 691 3092 719 3139; x_wconf 88' lang='lat' dir='ltr'><strong>c.</strong></span> <span class='ocrx_word' id='word_1_205' title='bbox 743 3071 821 3137; x_wconf 87' lang='lat' dir='ltr'><strong>talis</strong></span> <span class='ocrx_word' id='word_1_206' title='bbox 845 3092 941 3153; x_wconf 88' lang='lat' dir='ltr'><strong>quam</strong></span> <span class='ocrx_word' id='word_1_207' title='bbox 958 3068 1031 3152; x_wconf 90' lang='lat' dir='ltr'><strong>quis</strong></span> <span class='ocrx_word' id='word_1_208' title='bbox 1046 3069 1154 3153; x_wconf 93' lang='lat' dir='ltr'><strong>potuit</strong></span> <span class='ocrx_word' id='word_1_209' title='bbox 1170 3090 1209 3134; x_wconf 89' lang='lat' dir='ltr'><strong>ac</strong></span> <span class='ocrx_word' id='word_1_210' title='bbox 1224 3067 1336 3134; x_wconf 89' lang='lat' dir='ltr'><strong>debuit</strong></span> <span class='ocrx_word' id='word_1_211' title='bbox 1351 3068 1481 3147; x_wconf 85' lang='lat' dir='ltr'><strong>habere,</strong></span> <span class='ocrx_word' id='word_1_212' title='bbox 1507 3088 1700 3151; x_wconf 86' lang='lat' dir='ltr'><strong>quamquam</strong></span> 
     </span>
     <span class='ocr_line' id='line_1_24' title="bbox 456 3174 1700 3245; baseline -0.006 0"><span class='ocrx_word' id='word_1_213' title='bbox 456 3178 545 3245; x_wconf 91' lang='lat' dir='ltr'><strong>forte</strong></span> <span class='ocrx_word' id='word_1_214' title='bbox 574 3199 693 3244; x_wconf 85' lang='lat' dir='ltr'><strong>revera</strong></span> <span class='ocrx_word' id='word_1_215' title='bbox 720 3199 785 3243; x_wconf 91' lang='lat' dir='ltr'><strong>non</strong></span> <span class='ocrx_word' id='word_1_216' title='bbox 809 3176 956 3242; x_wconf 82' lang='lat' dir='ltr'><strong>habuit2.</strong></span> <span class='ocrx_word' id='word_1_217' title='bbox 1003 3175 1233 3241; x_wconf 87' lang='lat' dir='ltr'><strong>Voluntarium</strong></span> <span class='ocrx_word' id='word_1_218' title='bbox 1258 3179 1368 3241; x_wconf 87' lang='lat' dir='ltr'><strong>eutem</strong></span> <span class='ocrx_word' id='word_1_219' title='bbox 1393 3178 1426 3241; x_wconf 83' lang='lat' dir='ltr'><strong>in</strong></span> <span class='ocrx_word' id='word_1_220' title='bbox 1450 3197 1549 3241; x_wconf 81' lang='lat' dir='ltr'><strong>cauca</strong></span> <span class='ocrx_word' id='word_1_221' title='bbox 1574 3196 1635 3241; x_wconf 88' lang='lat' dir='ltr'><strong>seu</strong></span> <span class='ocrx_word' id='word_1_222' title='bbox 1657 3174 1700 3238; x_wconf 93' lang='lat' dir='ltr'><strong>in·</strong></span> 
     </span>
     <span class='ocr_line' id='line_1_25' title="bbox 457 3281 1701 3367; baseline -0.006 -16"><span class='ocrx_word' id='word_1_223' title='bbox 457 3286 615 3351; x_wconf 91' lang='lat' dir='ltr'><strong>directum</strong></span> <span class='ocrx_word' id='word_1_224' title='bbox 647 3306 777 3367; x_wconf 87' lang='lat' dir='ltr'><strong>semper</strong></span> <span class='ocrx_word' id='word_1_225' title='bbox 806 3283 961 3367; x_wconf 92' lang='lat' dir='ltr'><strong>supponit</strong></span> <span class='ocrx_word' id='word_1_226' title='bbox 990 3282 1077 3347; x_wconf 88' lang='lat' dir='ltr'><strong>iilius</strong></span> <span class='ocrx_word' id='word_1_227' title='bbox 1107 3282 1250 3364; x_wconf 86' lang='lat' dir='ltr'><strong>aliquem</strong></span> <span class='ocrx_word' id='word_1_228' title='bbox 1281 3282 1500 3365; x_wconf 84' lang='lat' dir='ltr'><strong>cognitionem</strong></span> <span class='ocrx_word' id='word_1_229' title='bbox 1531 3281 1587 3346; x_wconf 89' lang='lat' dir='ltr'><strong>vel</strong></span> <span class='ocrx_word' id='word_1_230' title='bbox 1612 3300 1701 3365; x_wconf 84' lang='lat' dir='ltr'><strong>pree·</strong></span> 
     </span>
     <span class='ocr_line' id='line_1_26' title="bbox 457 3389 1140 3458; baseline -0.009 0"><span class='ocrx_word' id='word_1_231' title='bbox 457 3393 614 3458; x_wconf 89' lang='lat' dir='ltr'><strong>visionem</strong></span> <span class='ocrx_word' id='word_1_232' title='bbox 638 3393 792 3457; x_wconf 80' lang='lat' dir='ltr'><strong>actualem</strong></span> <span class='ocrx_word' id='word_1_233' title='bbox 817 3389 936 3456; x_wconf 89' lang='lat' dir='ltr'><strong>saltem</strong></span> <span class='ocrx_word' id='word_1_234' title='bbox 959 3389 1140 3454; x_wconf 82' lang='lat' dir='ltr'><strong>confusam.</strong></span> 
     </span>
    </p>
   </div>
   <div class='ocr_carea' id='block_1_3' title="bbox 456 3528 1760 4803">
    <p class='ocr_par' dir='ltr' id='par_1_5' title="bbox 456 3528 1760 4803">
     <span class='ocr_line' id='line_1_27' title="bbox 458 3528 1700 3616; baseline -0.01 -15"><span class='ocrx_word' id='word_1_235' title='bbox 458 3530 506 3601; x_wconf 79' lang='grc'><strong>86.</strong></span> <span class='ocrx_word' id='word_1_236' title='bbox 598 3530 632 3612; x_wconf 90' lang='lat' dir='ltr'><strong>d)</strong></span> <span class='ocrx_word' id='word_1_237' title='bbox 657 3533 879 3597; x_wconf 73' lang='lat' dir='ltr'><strong>Voluptariam</strong></span> <span class='ocrx_word' id='word_1_238' title='bbox 909 3530 1095 3616; x_wconf 82' lang='lat' dir='ltr'><strong>simpliciter·</strong></span> <span class='ocrx_word' id='word_1_239' title='bbox 1124 3536 1153 3593; x_wconf 89' lang='lat' dir='ltr'><strong>et</strong></span> <span class='ocrx_word' id='word_1_240' title='bbox 1178 3530 1394 3593; x_wconf 80' lang='lat' dir='ltr'><strong>voluntariam</strong></span> <span class='ocrx_word' id='word_1_241' title='bbox 1416 3530 1593 3593; x_wconf 74' lang='lat' dir='ltr'><strong>secandam</strong></span> <span class='ocrx_word' id='word_1_242' title='bbox 1616 3528 1700 3613; x_wconf 80' lang='lat' dir='ltr'><strong>qaid,</strong></span> 
     </span>
     <span class='ocr_line' id='line_1_28' title="bbox 456 3634 1700 3723; baseline -0.006 -21"><span class='ocrx_word' id='word_1_243' title='bbox 456 3643 555 3723; x_wconf 89' lang='lat' dir='ltr'><strong>prout</strong></span> <span class='ocrx_word' id='word_1_244' title='bbox 577 3638 731 3702; x_wconf 87' lang='lat' dir='ltr'><strong>voluntas</strong></span> <span class='ocrx_word' id='word_1_245' title='bbox 762 3636 795 3700; x_wconf 92' lang='lat' dir='ltr'><strong>in</strong></span> <span class='ocrx_word' id='word_1_246' title='bbox 829 3636 991 3701; x_wconf 89' lang='lat' dir='ltr'><strong>obiectum</strong></span> <span class='ocrx_word' id='word_1_247' title='bbox 1024 3634 1198 3700; x_wconf 89' lang='lat' dir='ltr'><strong>inclinatur</strong></span> <span class='ocrx_word' id='word_1_248' title='bbox 1228 3635 1377 3700; x_wconf 84' lang='lat' dir='ltr'><strong>absolute</strong></span> <span class='ocrx_word' id='word_1_249' title='bbox 1401 3636 1453 3699; x_wconf 92' lang='lat' dir='ltr'><strong>vel</strong></span> <span class='ocrx_word' id='word_1_250' title='bbox 1483 3638 1616 3700; x_wconf 80' lang='lat' dir='ltr'><strong>tantum</strong></span> <span class='ocrx_word' id='word_1_251' title='bbox 1645 3634 1700 3698; x_wconf 89' lang='lat' dir='ltr'><strong>sub</strong></span> 
     </span>
     <span class='ocr_line' id='line_1_29' title="bbox 456 3740 1699 3827; baseline -0.009 -16"><span class='ocrx_word' id='word_1_252' title='bbox 456 3745 567 3827; x_wconf 83' lang='lat' dir='ltr'><strong>aliqua</strong></span> <span class='ocrx_word' id='word_1_253' title='bbox 588 3742 786 3809; x_wconf 91' lang='lat' dir='ltr'><strong>condicione.</strong></span> <span class='ocrx_word' id='word_1_254' title='bbox 818 3741 968 3824; x_wconf 82' lang='lat' dir='ltr'><strong>Analoga</strong></span> <span class='ocrx_word' id='word_1_255' title='bbox 994 3741 1159 3807; x_wconf 88' lang='lat' dir='ltr'><strong>distinctio</strong></span> <span class='ocrx_word' id='word_1_256' title='bbox 1183 3742 1334 3808; x_wconf 87' lang='lat' dir='ltr'><strong>similiter</strong></span> <span class='ocrx_word' id='word_1_257' title='bbox 1349 3740 1436 3805; x_wconf 85' lang='lat' dir='ltr'><strong>circa</strong></span> <span class='ocrx_word' id='word_1_258' title='bbox 1451 3744 1699 3807; x_wconf 82' lang='lat' dir='ltr'><strong>involuntariam</strong></span> 
     </span>
     <span class='ocr_line' id='line_1_30' title="bbox 457 3844 1700 3934; baseline -0.005 -19"><span class='ocrx_word' id='word_1_259' title='bbox 457 3850 609 3933; x_wconf 86' lang='lat' dir='ltr'><strong>usurpari</strong></span> <span class='ocrx_word' id='word_1_260' title='bbox 631 3849 726 3915; x_wconf 89' lang='lat' dir='ltr'><strong>solet.</strong></span> <span class='ocrx_word' id='word_1_261' title='bbox 764 3848 816 3913; x_wconf 89' lang='lat' dir='ltr'><strong>Sic</strong></span> <span class='ocrx_word' id='word_1_262' title='bbox 839 3852 1089 3914; x_wconf 73' lang='lat' dir='ltr'><strong>involuntariam</strong></span> <span class='ocrx_word' id='word_1_263' title='bbox 1114 3850 1300 3934; x_wconf 80' lang='lat' dir='ltr'><strong>sirapticiter</strong></span> <span class='ocrx_word' id='word_1_264' title='bbox 1323 3868 1477 3912; x_wconf 90' lang='lat' dir='ltr'><strong>vocamus</strong></span> <span class='ocrx_word' id='word_1_265' title='bbox 1500 3846 1543 3925; x_wconf 91' lang='lat' dir='ltr'><strong>id,</strong></span> <span class='ocrx_word' id='word_1_266' title='bbox 1568 3846 1604 3911; x_wconf 91' lang='lat' dir='ltr'><strong>in</strong></span> <span class='ocrx_word' id='word_1_267' title='bbox 1620 3844 1700 3929; x_wconf 90' lang='lat' dir='ltr'><strong>quod</strong></span> 
     </span>
     <span class='ocr_line' id='line_1_31' title="bbox 457 3954 1760 4038; baseline -0.005 -13"><span class='ocrx_word' id='word_1_268' title='bbox 457 3959 546 4025; x_wconf 83' lang='lat' dir='ltr'><strong>nullo</strong></span> <span class='ocrx_word' id='word_1_269' title='bbox 562 3958 657 4022; x_wconf 92' lang='lat' dir='ltr'><strong>modo</strong></span> <span class='ocrx_word' id='word_1_270' title='bbox 673 3956 842 4021; x_wconf 82' lang='lat' dir='ltr'><strong>inclinatio</strong></span> <span class='ocrx_word' id='word_1_271' title='bbox 858 3956 1039 4021; x_wconf 85' lang='lat' dir='ltr'><strong>voluntatis</strong></span> <span class='ocrx_word' id='word_1_272' title='bbox 1055 3957 1171 4033; x_wconf 84' lang='lat' dir='ltr'><strong>fertur,</strong></span> <span class='ocrx_word' id='word_1_273' title='bbox 1196 3956 1346 4038; x_wconf 92' lang='lat' dir='ltr'><strong>quodque</strong></span> <span class='ocrx_word' id='word_1_274' title='bbox 1362 3954 1484 4019; x_wconf 84' lang='lat' dir='ltr'><strong>nulium</strong></span> <span class='ocrx_word' id='word_1_275' title='bbox 1502 3954 1570 4019; x_wconf 89' lang='lat' dir='ltr'><strong>eius</strong></span> <span class='ocrx_word' id='word_1_276' title='bbox 1588 3972 1699 4019; x_wconf 83' lang='lat' dir='ltr'><strong>cause·</strong></span> <span class='ocrx_word' id='word_1_277' title='bbox 1759 3982 1760 3991; x_wconf 70' lang='lat'><strong>.</strong></span> 
     </span>
     <span class='ocr_line' id='line_1_32' title="bbox 457 4058 1760 4147; baseline -0.009 -18"><span class='ocrx_word' id='word_1_278' title='bbox 457 4066 521 4130; x_wconf 87' lang='lat' dir='ltr'><strong>lem</strong></span> <span class='ocrx_word' id='word_1_279' title='bbox 533 4065 691 4129; x_wconf 86' lang='lat' dir='ltr'><strong>influxum</strong></span> <span class='ocrx_word' id='word_1_280' title='bbox 705 4062 899 4147; x_wconf 80' lang='lat' dir='ltr'><strong>participat3</strong></span> <span class='ocrx_word' id='word_1_281' title='bbox 916 4065 1168 4128; x_wconf 79' lang='lat' dir='ltr'><strong>involuntariam</strong></span> <span class='ocrx_word' id='word_1_282' title='bbox 1181 4070 1286 4126; x_wconf 77' lang='lat' dir='ltr'><strong>itatem</strong></span> <span class='ocrx_word' id='word_1_283' title='bbox 1299 4062 1470 4127; x_wconf 75' lang='lat' dir='ltr'><strong>recaredum</strong></span> <span class='ocrx_word' id='word_1_284' title='bbox 1483 4062 1561 4147; x_wconf 81' lang='lat' dir='ltr'><strong>qaid</strong></span> <span class='ocrx_word' id='word_1_285' title='bbox 1573 4058 1699 4143; x_wconf 80' lang='lat' dir='ltr'><strong>praedi·</strong></span> <span class='ocrx_word' id='word_1_286' title='bbox 1759 4080 1760 4117; x_wconf 64' lang='grc' dir='ltr'>ι</span> 
     </span>
     <span class='ocr_line' id='line_1_33' title="bbox 458 4164 1699 4252; baseline -0.007 -16"><span class='ocrx_word' id='word_1_287' title='bbox 458 4176 553 4236; x_wconf 89' lang='lat' dir='ltr'><strong>catur</strong></span> <span class='ocrx_word' id='word_1_288' title='bbox 576 4171 617 4235; x_wconf 88' lang='lat' dir='ltr'><strong>de</strong></span> <span class='ocrx_word' id='word_1_289' title='bbox 640 4170 751 4252; x_wconf 94' lang='lat' dir='ltr'><strong>aliquo</strong></span> <span class='ocrx_word' id='word_1_290' title='bbox 781 4169 880 4246; x_wconf 87' lang='lat' dir='ltr'><strong>facto,</strong></span> <span class='ocrx_word' id='word_1_291' title='bbox 912 4168 998 4251; x_wconf 91' lang='lat' dir='ltr'><strong>quod</strong></span> <span class='ocrx_word' id='word_1_292' title='bbox 1024 4167 1150 4249; x_wconf 90' lang='lat' dir='ltr'><strong>quidem</strong></span> <span class='ocrx_word' id='word_1_293' title='bbox 1175 4188 1294 4233; x_wconf 88' lang='lat' dir='ltr'><strong>revera</strong></span> <span class='ocrx_word' id='word_1_294' title='bbox 1317 4189 1338 4233; x_wconf 88' lang='lat' dir='ltr'><strong>a</strong></span> <span class='ocrx_word' id='word_1_295' title='bbox 1361 4167 1532 4233; x_wconf 83' lang='lat' dir='ltr'><strong>voluntate</strong></span> <span class='ocrx_word' id='word_1_296' title='bbox 1556 4164 1699 4249; x_wconf 91' lang='lat' dir='ltr'><strong>procedit</strong></span> 
     </span>
     <span class='ocr_line' id='line_1_34' title="bbox 548 4348 1760 4442; baseline -0.01 -10"><span class='ocrx_word' id='word_1_297' title='bbox 548 4377 660 4442; x_wconf 83' lang='lat' dir='ltr'><strong>lQumn</strong></span> <span class='ocrx_word' id='word_1_298' title='bbox 688 4376 811 4430; x_wconf 83' lang='lat' dir='ltr'><strong>dedimus</strong></span> <span class='ocrx_word' id='word_1_299' title='bbox 836 4374 1021 4428; x_wconf 87' lang='lat' dir='ltr'><strong>definitionem</strong></span> <span class='ocrx_word' id='word_1_300' title='bbox 1040 4372 1187 4427; x_wconf 82' lang='lat' dir='ltr'><strong>voluntarii</strong></span> <span class='ocrx_word' id='word_1_301' title='bbox 1213 4372 1309 4426; x_wconf 87' lang='lat' dir='ltr'><strong>directi</strong></span> <span class='ocrx_word' id='word_1_302' title='bbox 1335 4376 1363 4425; x_wconf 88' lang='lat' dir='ltr'><strong>ct</strong></span> <span class='ocrx_word' id='word_1_303' title='bbox 1381 4371 1506 4425; x_wconf 89' lang='lat' dir='ltr'><strong>indirecti</strong></span> <span class='ocrx_word' id='word_1_304' title='bbox 1524 4370 1698 4425; x_wconf 85' lang='lat' dir='ltr'><strong>communiter</strong></span> <span class='ocrx_word' id='word_1_305' title='bbox 1759 4348 1760 4365; x_wconf 40' lang='lat'>¹</span> 
     </span>
     <span class='ocr_line' id='line_1_35' title="bbox 456 4458 1760 4536; baseline -0.011 -13"><span class='ocrx_word' id='word_1_306' title='bbox 456 4470 536 4523; x_wconf 89' lang='lat' dir='ltr'><strong>bodie</strong></span> <span class='ocrx_word' id='word_1_307' title='bbox 555 4486 647 4522; x_wconf 84' lang='lat' dir='ltr'><strong>omnes</strong></span> <span class='ocrx_word' id='word_1_308' title='bbox 665 4464 867 4536; x_wconf 86' lang='lat' dir='ltr'><strong>amplectuntur</strong></span> <span class='ocrx_word' id='word_1_309' title='bbox 885 4468 913 4517; x_wconf 90' lang='lat' dir='ltr'><strong>et</strong></span> <span class='ocrx_word' id='word_1_310' title='bbox 932 4466 974 4516; x_wconf 87' lang='lat' dir='ltr'><strong>eet</strong></span> <span class='ocrx_word' id='word_1_311' title='bbox 993 4462 1138 4517; x_wconf 84' lang='lat' dir='ltr'><strong>conformis</strong></span> <span class='ocrx_word' id='word_1_312' title='bbox 1158 4479 1217 4515; x_wconf 91' lang='lat' dir='ltr'><strong>curn</strong></span> <span class='ocrx_word' id='word_1_313' title='bbox 1237 4462 1278 4527; x_wconf 86' lang='lat' dir='ltr'><strong>iis,</strong></span> <span class='ocrx_word' id='word_1_314' title='bbox 1298 4478 1368 4529; x_wconf 88' lang='lat' dir='ltr'><strong>quae</strong></span> <span class='ocrx_word' id='word_1_315' title='bbox 1382 4462 1410 4514; x_wconf 83' lang='lat' dir='ltr'><strong>S.</strong></span> <span class='ocrx_word' id='word_1_316' title='bbox 1427 4460 1518 4513; x_wconf 71' lang='lat' dir='ltr'><strong>ittam.</strong></span> <span class='ocrx_word' id='word_1_317' title='bbox 1534 4461 1556 4523; x_wconf 83' lang='lat'><strong>1,</strong></span> <span class='ocrx_word' id='word_1_318' title='bbox 1574 4460 1599 4522; x_wconf 76' lang='grc'><strong>2,</strong></span> <span class='ocrx_word' id='word_1_319' title='bbox 1618 4478 1644 4527; x_wconf 88' lang='lat' dir='ltr'><strong>q,</strong></span> <span class='ocrx_word' id='word_1_320' title='bbox 1657 4458 1695 4517; x_wconf 78' lang='grc'><strong>20,</strong></span> <span class='ocrx_word' id='word_1_321' title='bbox 1759 4482 1760 4509; x_wconf 73' lang='lat'>3</span> 
     </span>
     <span class='ocr_line' id='line_1_36' title="bbox 456 4548 1696 4621; baseline -0.01 -9"><span class='ocrx_word' id='word_1_322' title='bbox 456 4577 481 4612; x_wconf 86' lang='lat' dir='ltr'><strong>a.</strong></span> <span class='ocrx_word' id='word_1_323' title='bbox 501 4560 517 4612; x_wconf 85' lang='lat'>5</span> <span class='ocrx_word' id='word_1_324' title='bbox 536 4557 629 4611; x_wconf 83' lang='lat' dir='ltr'><strong>tradit.</strong></span> <span class='ocrx_word' id='word_1_325' title='bbox 655 4556 695 4609; x_wconf 81' lang='lat' dir='ltr'><strong>Ea</strong></span> <span class='ocrx_word' id='word_1_326' title='bbox 714 4572 787 4618; x_wconf 87' lang='lat' dir='ltr'><strong>vero,</strong></span> <span class='ocrx_word' id='word_1_327' title='bbox 807 4570 876 4621; x_wconf 83' lang='lat' dir='ltr'><strong>quae</strong></span> <span class='ocrx_word' id='word_1_328' title='bbox 895 4550 921 4605; x_wconf 87' lang='lat' dir='ltr'><strong>S.</strong></span> <span class='ocrx_word' id='word_1_329' title='bbox 941 4550 1042 4606; x_wconf 89' lang='lat' dir='ltr'><strong>Doctor</strong></span> <span class='ocrx_word' id='word_1_330' title='bbox 1063 4553 1085 4615; x_wconf 85' lang='lat'><strong>1,</strong></span> <span class='ocrx_word' id='word_1_331' title='bbox 1105 4552 1129 4613; x_wconf 82' lang='grc'><strong>2,</strong></span> <span class='ocrx_word' id='word_1_332' title='bbox 1150 4568 1174 4619; x_wconf 90' lang='lat' dir='ltr'><strong>q.</strong></span> <span class='ocrx_word' id='word_1_333' title='bbox 1195 4552 1218 4615; x_wconf 85' lang='lat'><strong>6,</strong></span> <span class='ocrx_word' id='word_1_334' title='bbox 1238 4569 1262 4603; x_wconf 83' lang='lat' dir='ltr'><strong>a.</strong></span> <span class='ocrx_word' id='word_1_335' title='bbox 1283 4550 1299 4603; x_wconf 89' lang='grc'>3</span> <span class='ocrx_word' id='word_1_336' title='bbox 1318 4554 1349 4603; x_wconf 91' lang='lat' dir='ltr'><strong>ut</strong></span> <span class='ocrx_word' id='word_1_337' title='bbox 1367 4548 1550 4602; x_wconf 77' lang='lat' dir='ltr'><strong>voluntarium</strong></span> <span class='ocrx_word' id='word_1_338' title='bbox 1569 4548 1696 4601; x_wconf 86' lang='lat' dir='ltr'><strong>directum</strong></span> 
     </span>
     <span class='ocr_line' id='line_1_37' title="bbox 457 4634 1760 4708; baseline -0.012 -9"><span class='ocrx_word' id='word_1_339' title='bbox 457 4652 485 4699; x_wconf 87' lang='lat' dir='ltr'><strong>ct</strong></span> <span class='ocrx_word' id='word_1_340' title='bbox 503 4645 664 4699; x_wconf 86' lang='lat' dir='ltr'><strong>indirectum</strong></span> <span class='ocrx_word' id='word_1_341' title='bbox 683 4643 794 4696; x_wconf 87' lang='lat' dir='ltr'><strong>innuero</strong></span> <span class='ocrx_word' id='word_1_342' title='bbox 813 4641 936 4704; x_wconf 85' lang='lat' dir='ltr'><strong>videtur,</strong></span> <span class='ocrx_word' id='word_1_343' title='bbox 956 4640 1106 4708; x_wconf 81' lang='lat' dir='ltr'><strong>generatim</strong></span> <span class='ocrx_word' id='word_1_344' title='bbox 1135 4638 1214 4692; x_wconf 91' lang='lat' dir='ltr'><strong>hodie</strong></span> <span class='ocrx_word' id='word_1_345' title='bbox 1234 4656 1288 4707; x_wconf 85' lang='lat' dir='ltr'><strong>qua</strong></span> <span class='ocrx_word' id='word_1_346' title='bbox 1308 4636 1489 4691; x_wconf 85' lang='lat' dir='ltr'><strong>voluntarium</strong></span> <span class='ocrx_word' id='word_1_347' title='bbox 1508 4634 1654 4705; x_wconf 79' lang='lat' dir='ltr'><strong>positivum</strong></span> <span class='ocrx_word' id='word_1_348' title='bbox 1671 4639 1696 4686; x_wconf 84' lang='lat' dir='ltr'><strong>ot</strong></span> <span class='ocrx_word' id='word_1_349' title='bbox 1759 4680 1760 4693; x_wconf 55' lang='grc'>,</span> 
     </span>
     <span class='ocr_line' id='line_1_38' title="bbox 456 4725 1694 4803; baseline -0.011 -15"><span class='ocrx_word' id='word_1_350' title='bbox 456 4735 615 4803; x_wconf 82' lang='lat' dir='ltr'><strong>negativum</strong></span> <span class='ocrx_word' id='word_1_351' title='bbox 635 4733 839 4798; x_wconf 81' lang='lat' dir='ltr'><strong>distinguuntur</strong></span> <span class='ocrx_word' id='word_1_352' title='bbox 860 4730 928 4797; x_wconf 79' lang='lat'><strong>(87).</strong></span> <span class='ocrx_word' id='word_1_353' title='bbox 955 4730 995 4783; x_wconf 84' lang='lat' dir='ltr'><strong>cf.</strong></span> <span class='ocrx_word' id='word_1_354' title='bbox 1017 4730 1151 4797; x_wconf 77' lang='lat' dir='ltr'><strong>Ziptiara,</strong></span> <span class='ocrx_word' id='word_1_355' title='bbox 1172 4728 1282 4781; x_wconf 84' lang='lat' dir='ltr'><strong>Summa</strong></span> <span class='ocrx_word' id='word_1_356' title='bbox 1301 4726 1398 4796; x_wconf 84' lang='lat' dir='ltr'><strong>philos.</strong></span> <span class='ocrx_word' id='word_1_357' title='bbox 1420 4726 1517 4779; x_wconf 77' lang='lat'><strong>11173.</strong></span> <span class='ocrx_word' id='word_1_358' title='bbox 1543 4725 1694 4791; x_wconf 76' lang='lat' dir='ltr'><strong>Letmkuti,</strong></span> 
     </span>
    </p>
   </div>
   <div class='ocr_carea' id='block_1_4' title="bbox 455 4821 1693 5067">
    <p class='ocr_par' dir='ltr' id='par_1_6' title="bbox 455 4821 1693 5067">
     <span class='ocr_line' id='line_1_39' title="bbox 456 4821 763 4884; baseline -0.013 -7"><span class='ocrx_word' id='word_1_359' title='bbox 456 4824 548 4877; x_wconf 84' lang='lat' dir='ltr'><strong>Theoi.</strong></span> <span class='ocrx_word' id='word_1_360' title='bbox 568 4840 632 4876; x_wconf 87' lang='lat' dir='ltr'><strong>mor.</strong></span> <span class='ocrx_word' id='word_1_361' title='bbox 653 4822 673 4884; x_wconf 90' lang='grc' dir='ltr'><strong>Ι,</strong></span> <span class='ocrx_word' id='word_1_362' title='bbox 692 4838 718 4873; x_wconf 92' lang='lat' dir='ltr'><strong>n.</strong></span> <span class='ocrx_word' id='word_1_363' title='bbox 737 4821 763 4874; x_wconf 80' lang='lat'><strong>4.</strong></span> 
     </span>
     <span class='ocr_line' id='line_1_40' title="bbox 546 4900 1693 4976; baseline -0.009 -12"><span class='ocrx_word' id='word_1_364' title='bbox 546 4912 556 4945; x_wconf 80' lang='lat'><strong>²</strong></span> <span class='ocrx_word' id='word_1_365' title='bbox 576 4914 603 4966; x_wconf 88' lang='lat' dir='ltr'><strong>S.</strong></span> <span class='ocrx_word' id='word_1_366' title='bbox 626 4912 727 4976; x_wconf 73' lang='lat' dir='ltr'><strong>Thom,</strong></span> <span class='ocrx_word' id='word_1_367' title='bbox 745 4908 772 4962; x_wconf 88' lang='lat' dir='ltr'><strong>S.</strong></span> <span class='ocrx_word' id='word_1_368' title='bbox 791 4907 873 4962; x_wconf 87' lang='lat' dir='ltr'><strong>theol.</strong></span> <span class='ocrx_word' id='word_1_369' title='bbox 894 4909 918 4972; x_wconf 87' lang='lat'><strong>1,</strong></span> <span class='ocrx_word' id='word_1_370' title='bbox 937 4907 962 4968; x_wconf 85' lang='lat'><strong>2,</strong></span> <span class='ocrx_word' id='word_1_371' title='bbox 982 4924 1008 4974; x_wconf 93' lang='lat' dir='ltr'><strong>q.</strong></span> <span class='ocrx_word' id='word_1_372' title='bbox 1029 4906 1053 4969; x_wconf 89' lang='lat'><strong>6,</strong></span> <span class='ocrx_word' id='word_1_373' title='bbox 1072 4922 1096 4959; x_wconf 83' lang='lat' dir='ltr'><strong>a.</strong></span> <span class='ocrx_word' id='word_1_374' title='bbox 1117 4905 1133 4959; x_wconf 88' lang='lat'><em>8</em></span> <span class='ocrx_word' id='word_1_375' title='bbox 1153 4905 1180 4957; x_wconf 94' lang='lat' dir='ltr'><strong>in</strong></span> <span class='ocrx_word' id='word_1_376' title='bbox 1200 4922 1271 4973; x_wconf 92' lang='lat' dir='ltr'><strong>corp.</strong></span> <span class='ocrx_word' id='word_1_377' title='bbox 1311 4904 1424 4973; x_wconf 77' lang='lat' dir='ltr'><strong>Suana,</strong></span> <span class='ocrx_word' id='word_1_378' title='bbox 1443 4902 1483 4957; x_wconf 87' lang='lat' dir='ltr'><strong>De</strong></span> <span class='ocrx_word' id='word_1_379' title='bbox 1502 4900 1653 4955; x_wconf 78' lang='lat' dir='ltr'><strong>voluntario</strong></span> <span class='ocrx_word' id='word_1_380' title='bbox 1670 4905 1693 4951; x_wconf 83' lang='lat' dir='ltr'><strong>ct</strong></span> 
     </span>
     <span class='ocr_line' id='line_1_41' title="bbox 455 4996 994 5067; baseline -0.011 -14"><span class='ocrx_word' id='word_1_381' title='bbox 455 4998 638 5054; x_wconf 77' lang='lat' dir='ltr'><strong>involuntario</strong></span> <span class='ocrx_word' id='word_1_382' title='bbox 658 4998 726 5067; x_wconf 86' lang='lat' dir='ltr'><strong>disp.</strong></span> <span class='ocrx_word' id='word_1_383' title='bbox 748 4998 771 5062; x_wconf 93' lang='lat'><strong>1,</strong></span> <span class='ocrx_word' id='word_1_384' title='bbox 791 5001 858 5050; x_wconf 84' lang='lat' dir='ltr'><strong>sect</strong></span> <span class='ocrx_word' id='word_1_385' title='bbox 877 4999 903 5057; x_wconf 83' lang='grc'><strong>4,</strong></span> <span class='ocrx_word' id='word_1_386' title='bbox 922 5013 949 5048; x_wconf 92' lang='grc' dir='ltr'><strong>ιι.</strong></span> <span class='ocrx_word' id='word_1_387' title='bbox 968 4996 994 5047; x_wconf 82' lang='grc'><strong>4,</strong></span> 
     </span>
    </p>
   </div>
   <div class='ocr_carea' id='block_1_5' title="bbox 0 0 1960 5842">
    <p class='ocr_par' dir='ltr' id='par_1_7' title="bbox 0 0 1960 5842">
     <span class='ocr_line' id='line_1_42' title="bbox 0 0 1960 5842; baseline 0 0"><span class='ocrx_word' id='word_1_388' title='bbox 0 0 1960 5842; x_wconf 95' lang='lat' dir='ltr'><strong> </strong></span> 
     </span>
    </p>
   </div>
  </div>
 </body>
</html>
