3909 5842
448 686 489 741 De
508 688 583 741 finali
601 690 726 757 respectu
745 689 859 741 naturae
877 686 1011 741 hnmanae
1030 686 1064 740 ad
1084 686 1287 741 beatitudinem.
1448 692 1491 755 33

253 863 297 923 die
316 864 450 923 liahtvall
472 864 684 923 erecheinende
704 862 863 922 Wahrbeit
882 864 954 922 oder
967 863 1247 935 Vallkammanheit,
1270 863 1316 922 die
1331 862 1492 923 Scbbnheit

254 962 299 1019 fur
317 982 373 1021 uns
394 962 559 1022 Mansehen
580 965 652 1021 aber
672 962 732 1021 und
754 962 800 1020 die
821 960 1080 1020 Kunstschdnheit
1100 961 1148 1019 die
1169 960 1198 1019 in
1222 960 1384 1021 einnlieher
1404 962 1492 1021 Farnr

253 1057 382 1117 lichtvall
403 1058 616 1117 ereeheinende
636 1058 796 1117 Wahrheit
815 1058 887 1117 ader
907 1057 1202 1117 Vollkorumenheit.⁴
1219 1063 1226 1093 ¹

337 1156 422 1215 Haec
442 1157 491 1215 vel
513 1157 609 1215 obiter
628 1156 799 1216 insinuasse
821 1155 942 1225 sufficit,
963 1154 1085 1214 atinde
1107 1156 1271 1215 discamus:

338 1255 364 1313 1.
387 1252 506 1322 Quanta
526 1253 568 1312 sit
588 1252 669 1311 vitae
690 1252 847 1312 rationalis
869 1251 1009 1327 dignitas,
1031 1252 1138 1329 quippe
1160 1271 1234 1327 quae
1255 1256 1320 1311 tota
1342 1254 1493 1313 inordina

253 1352 449 1427 connascendo,
469 1354 611 1428 amanda,
630 1352 814 1427 adtendendo
834 1353 972 1426 consistit,
993 1350 1023 1407 in
1045 1350 1101 1409 hoe
1123 1349 1247 1427 quadam
1270 1354 1370 1408 ereata
1393 1348 1492 1409 simili·

254 1449 351 1507 tudine
372 1448 465 1508 vitam
493 1451 621 1508 diednam
649 1448 837 1524 aliquatenus
858 1447 1058 1525 participans,
1087 1467 1162 1523 quae
1183 1448 1249 1526 ipsa
1271 1452 1318 1507 est
1339 1450 1493 1509 absolutus

253 1548 319 1607 ardo
339 1547 477 1606 veritatis
504 1546 536 1605 in
557 1546 684 1605 essendo
706 1553 736 1606 et
756 1545 972 1621 intellegendo,
1002 1547 1156 1605 absolutus
1185 1546 1255 1605 orda
1281 1550 1443 1606 sanctitatis
1464 1552 1493 1605 at

253 1648 405 1720 sapientiae
430 1644 462 1702 in
490 1643 616 1703 amanda
645 1648 675 1702 et
702 1644 868 1719 operanda,
897 1644 1050 1703 absolutus
1073 1644 1143 1703 ardo
1162 1646 1390 1722 pulchritudinis
1409 1645 1440 1703 in
1461 1663 1494 1703 se

253 1742 476 1801 manifestando.

337 1839 365 1899 2.
394 1838 488 1909 Quam
514 1839 607 1899 nabili
636 1838 824 1913 cognationis
844 1838 964 1898 vincula
985 1841 1137 1899 aeetlietico
1158 1858 1223 1897 cnm
1244 1840 1384 1899 universa
1402 1840 1493 1916 plutio

252 1938 357 2013 neptia,
376 1940 439 1994 tam
460 1935 647 2012 speculativa
668 1954 756 2011 quam
776 1934 927 2012 practica,
948 1935 1037 1993 immo
1060 1954 1161 1994 amnes
1181 1936 1328 1994 humanae
1349 1935 1494 1995 scientiae

254 2039 281 2091 et
306 2038 386 2092 artes
413 2034 492 2091 inter
519 2052 552 2092 se
580 2052 618 2091 ex
645 2038 745 2092 mente
766 2032 917 2093 Creatoris
937 2032 1105 2101 arctissime
1127 2032 1342 2093 consocientur.
1383 2034 1493 2111 Snapte

254 2131 326 2189 enim
345 2138 455 2191 natura
476 2136 610 2202 cunctae,
632 2131 780 2191 mediante
802 2131 949 2191 communi
970 2130 1066 2190 omnis
1086 2131 1243 2191 rationalis
1265 2130 1442 2206 cognitionis
1464 2135 1494 2191 et

255 2229 441 2305 appetitionis
469 2229 601 2301 abiecto,
629 2229 706 2305 quad
734 2235 781 2289 est
808 2233 879 2289 ordo
901 2230 932 2289 in
959 2230 1016 2289 hac
1037 2229 1144 2288 munda
1166 2234 1267 2289 ereata
1287 2235 1350 2289 tum
1370 2230 1494 2305 physico

254 2331 311 2384 tum
331 2326 437 2385 morali
458 2326 565 2402 ubique
585 2327 678 2385 menti
699 2331 893 2396 accurrens&
921 2327 958 2386 ad
980 2328 1091 2395 Deum,
1119 2327 1287 2385 absolutum
1308 2326 1455 2399 ordinem,
1478 2348 1494 2387 a

254 2424 313 2482 suis
339 2424 479 2501 operibus
507 2424 602 2499 magis
630 2424 783 2501 magisque
805 2426 1060 2499 cognoscendum,
1092 2424 1248 2483 amandum
1270 2430 1357 2501 atque
1379 2424 1493 2483 imitan-

256 2524 318 2581 dum
346 2523 529 2601 conspirant.
571 2525 670 2598 Atque
699 2524 812 2582 utinam
840 2543 900 2582 non
920 2522 985 2600 ipsa
1007 2523 1093 2581 hama
1115 2524 1285 2599 frequenter
1306 2542 1357 2581 aas
1380 2525 1416 2581 ab
1437 2523 1493 2583 hoe

256 2622 396 2682 altissima
418 2622 478 2679 fine
499 2625 664 2679 averterat!

349 2805 367 2887 8
392 2808 424 2871 3.
471 2804 528 2869 De
550 2803 678 2869 finali
701 2808 900 2887 respectu
923 2808 1101 2869 naturae
1125 2804 1327 2871 humanae
1351 2806 1396 2871 ad

711 2910 1032 2976 beatitudinem.

256 3050 302 3120 48.
392 3051 447 3115 Ex
463 3050 591 3133 analysi
609 3049 851 3133 psychologica,
876 3070 972 3131 quam
990 3050 1149 3115 haetenus
1166 3051 1339 3117 denatura
1355 3052 1497 3119 humana

256 3158 428 3223 secundum
453 3157 521 3222 eins
545 3156 795 3222 correlationem
818 3157 860 3221 ad
883 3158 980 3221 finem
1004 3155 1218 3233 instituimus,
1243 3157 1325 3221 baec
1348 3158 1496 3241 proxime

256 3265 391 3330 resultat
408 3262 589 3329 conclusio:
613 3262 775 3329 bominem
800 3262 833 3327 vi
856 3268 996 3329 naturae
1020 3284 1099 3329 suae
1122 3264 1182 3329 eub
1205 3262 1359 3329 rationali
1382 3284 1496 3349 appre-

256 3369 405 3435 hensione
436 3368 587 3433 inclinari
615 3369 649 3433 in
679 3370 798 3435 bonum
829 3370 1007 3434 universim
1037 3391 1095 3435 seu
1125 3369 1157 3434 in
1181 3390 1276 3434 omne
1300 3371 1416 3435 bonum
1446 3371 1495 3435 in·

257 3475 382 3541 definite
405 3480 581 3559 sumptum.
618 3475 740 3552 Quodsi
762 3482 935 3560 praeterea
958 3475 1033 3540 huic
1057 3476 1185 3541 formali
1210 3476 1336 3542 abieoto
1360 3476 1496 3543 inclina-

257 3582 348 3647 tionis
372 3581 672 3664 comparaverimus
689 3588 880 3665 conaeptum
898 3582 1119 3659 beatitudinis,
1145 3582 1226 3647 satis
1242 3604 1301 3665 per
1316 3603 1352 3647 se
1368 3583 1497 3649 adiacet

257 3688 388 3754 ulterius
407 3688 539 3765 inferre,
565 3688 701 3753 eandem
721 3688 812 3753 illam
828 3695 968 3756 naturae
983 3688 1224 3754 inclinationem
1242 3710 1300 3772 per
1315 3688 1495 3771 legitimam

258 3794 468 3879 paraphrasin
498 3794 597 3860 etiam
629 3794 691 3860 dici
720 3816 817 3879 posse
848 3817 887 3861 aa
917 3816 995 3861 vere
1020 3816 1092 3861 esse
1116 3798 1287 3881 appetitam
1315 3800 1495 3863 naturalem

260 3899 471 3966 beatitudinis.

721 3989 753 4042 A.
772 3986 943 4043 &titudinis
960 3988 1036 4043 natio.

258 4098 303 4171 48.
390 4104 563 4168 Beatitado
592 4105 774 4187 generatim
805 4105 977 4191 perfectam
1008 4108 1089 4171 entis
1119 4107 1288 4170 rationalia
1314 4106 1495 4189 felicitatem

260 4206 404 4283 denotat3
429 4210 494 4287 vel,
518 4215 555 4276 ut
578 4211 687 4277 verbis
711 4215 843 4277 utamur
867 4212 898 4279 S.
919 4212 1075 4289 Thomae,
1104 4210 1262 4289 ,Nomine
1286 4212 1497 4279 beatitudinis

343 4392 352 4423 ¹
373 4394 406 4445 G.
430 4394 572 4445 Gietrnaan
592 4392 619 4446 8.
638 4392 673 4455 J.,
693 4392 863 4461 Allgemeine
883 4393 1036 4457 resthetik,
1055 4392 1188 4461 Freiburg
1207 4392 1224 4449 i.
1244 4394 1274 4447 B.
1297 4393 1372 4455 1899,
1394 4394 1451 4449 180.

342 4479 410 4543 ²1d,
430 4480 501 4549 quad
520 4480 609 4551 ipsum
628 4498 724 4534 namen
744 4483 877 4546 ,.κόσμος“
897 4484 930 4536 de
949 4484 1042 4536 ordine
1063 4482 1208 4537 creationis
1227 4482 1362 4545 insinuat,
1381 4486 1409 4535 et
1428 4485 1497 4552 quad

261 4563 353 4632 legitur
377 4570 405 4621 in
430 4568 477 4622 lib.
497 4568 559 4639 Sap.
581 4570 627 4635 ll,
654 4570 703 4623 22:
734 4570 847 4636 ,Omnia
871 4571 898 4623 in
924 4589 1053 4625 mensura
1079 4575 1107 4623 et
1131 4588 1243 4625 numera
1263 4575 1291 4624 et
1309 4570 1426 4639 pandere
1446 4572 1497 4626 dis·

262 4656 393 4721 pasuisti',
412 4674 484 4711 nava
496 4658 612 4726 quodam
625 4659 726 4713 lumine
739 4664 822 4728 atque
835 4660 975 4727 ingeniose
995 4660 1148 4715 illustratur
1167 4659 1194 4712 in
1208 4659 1391 4714 eruditissima
1409 4678 1497 4730 apere,

263 4743 325 4807 quad
343 4745 514 4799 inscribitur:
544 4747 609 4811 ,Die
626 4747 814 4801 harmanilrale
833 4748 974 4817 Symbalik
994 4749 1042 4802 des
1061 4748 1228 4802 Altertums‘
1250 4764 1303 4801 van
1323 4750 1383 4803 Alb.
1408 4748 1496 4805 Freib.

264 4845 308 4882 ron
335 4834 458 4903 ibimus,
483 4834 553 4887 Kdln
574 4836 650 4889 1868.
676 4866 710 4874 -
737 4837 864 4891 Eiusdem
891 4838 931 4891 rei
958 4842 1134 4907 conspectum
1162 4837 1226 4889 vide
1254 4837 1325 4906 apud
1354 4840 1382 4892 S.
1407 4840 1496 4893 lbani.

265 4923 288 4975 in
304 4920 501 4976 Commentario
519 4922 546 4976 in
565 4924 596 4977 B.
615 4924 739 4994 Dionysii
757 4925 804 4980 lib.
824 4926 857 4979 de
875 4926 929 4979 dir.
948 4944 1019 4979 nom.
1040 4944 1062 4980 c.
1082 4928 1116 4991 4,
1135 4925 1196 4979 lect.
1217 4926 1248 4988 o;
1276 4926 1377 4981 Contra
1396 4927 1499 4984 Gentes

265 5010 280 5063 l.
297 5012 319 5073 3,
337 5028 360 5064 c.
380 5012 404 5065 1.

310 5104 413 5157 leyen,
427 5106 466 5149 lus
480 5106 590 5149 naturale.
611 5109 628 5150 1.
648 5108 688 5152 Ed.
702 5111 721 5150 t.
1274 5102 1290 5154 3
