3909 5842
423 663 485 727 166
647 659 737 716 Sentio
755 661 790 716 1.·
814 661 894 718 Liber
912 663 946 719 II.
983 664 1073 734 Caput
1090 665 1113 721 1.
1148 664 1289 721 Atticulae
1308 667 1333 721 2.
1369 667 1429 735 51.

420 834 571 903 similiter
586 839 696 904 autem
709 839 763 923 qui
780 839 826 906 illi
840 839 1005 908 difformes
1020 845 1098 909 sunt
1112 845 1271 928 inponere
1286 847 1365 910 mali
1375 843 1521 912 moralis.
1544 844 1674 910 Verum

420 961 527 1024 neque
557 963 669 1010 omnes
699 947 794 1012 actus
824 945 901 1012 boni
924 946 1040 1014 eadem
1062 947 1190 1014 radone
1214 948 1397 1015 conformes
1426 970 1534 1033 neque
1556 971 1674 1017 omnes

420 1048 498 1114 mali
529 1048 643 1116 eadem
671 1049 800 1118 ratione
830 1051 998 1119 difformes
1027 1057 1114 1132 sunt,
1144 1055 1231 1120 unde
1257 1056 1305 1134 lit,
1336 1059 1374 1122 ut
1395 1059 1467 1122 tum
1489 1056 1525 1122 in
1547 1076 1673 1140 genere

421 1154 497 1220 boni
520 1159 590 1222 tum
613 1153 647 1220 in
669 1176 791 1238 genere
813 1158 893 1226 mali
916 1158 1030 1226 variae
1052 1162 1171 1244 species
1193 1159 1352 1244 distingui
1374 1161 1513 1245 possint.
1552 1162 1673 1244 Itaque

422 1259 464 1326 ad
486 1263 698 1329 moralitatem
720 1265 756 1330 in
778 1267 878 1349 spacia
900 1264 1048 1349 pertinet
1069 1285 1238 1348 quaerere,
1264 1289 1324 1352 per
1346 1269 1426 1353 quid
1448 1267 1481 1332 in
1505 1270 1585 1333 actu
1608 1266 1673 1332 hn-

421 1386 519 1431 mano
541 1366 600 1433 illa
623 1368 837 1437 conformitas
853 1371 907 1438 vel
924 1370 1119 1439 difformitas
1134 1372 1308 1452 efficiatur,
1333 1373 1466 1440 diversa
1480 1373 1515 1438 in
1531 1373 1674 1440 diversa

421 1471 550 1539 actibus
571 1472 651 1541 licet
673 1475 717 1542 ad
739 1475 825 1543 idem
848 1498 953 1560 genus
975 1478 1102 1545 morale
1116 1478 1381 1563 pertinentibus?
1412 1480 1575 1546 Primaria
1590 1479 1674 1546 haec

422 1580 571 1661 quaestio
595 1581 669 1650 dein
694 1583 873 1667 paraliam
897 1585 1090 1669 complenda
1113 1585 1186 1665 erit,
1216 1586 1367 1668 quaeat
1389 1585 1486 1654 istius
1507 1585 1674 1654 solutione

420 1685 598 1752 intrinsece
631 1688 767 1772 pendet,
802 1709 904 1774 agens
940 1691 981 1757 de
1009 1690 1228 1775 possibilitate
1264 1695 1397 1759 aetum
1426 1691 1600 1760 moraliter
1619 1692 1674 1758 in·

422 1791 650 1862 differentium.
1800 1788 1802 1815 '

588 1985 606 2068 ἓ
633 1990 660 2054 1.
707 1988 764 2054 De
786 1988 979 2054 fontibus
1002 1989 1271 2058 moralitatis
1292 1991 1333 2056 in
1356 1989 1510 2075 specie.

423 2129 489 2202 190.
578 2121 735 2206 Thasie
761 2123 860 2208 XX.
901 2149 1086 2228 numne
1113 2151 1260 2214 annona
1289 2151 1563 2215 momentosas
1593 2167 1673 2214 son-
1800 2108 1802 2117 ’

423 2243 582 2306 termites
596 2243 651 2310 vel
672 2243 875 2310 difformitas
896 2265 972 2310 cum
993 2265 1115 2310 norma
1132 2248 1271 2312 moralis
1285 2248 1503 2312 reatitudinis
1517 2255 1674 2312 animat:
1800 2326 1802 2333 Ι

425 2357 467 2402 ex
488 2340 633 2422 obtecto,
654 2343 735 2423 flne,
757 2343 1039 2408 circumstantiis.

513 2460 819 2531 Praenctsnda.
846 2469 874 2532 l.
888 2463 1035 2532 Tametsi
1051 2486 1147 2532 omne
1159 2468 1311 2532 obiectam
1326 2486 1425 2531 sensu
1439 2464 1561 2532 latiore
1574 2465 1675 2532 sinim

424 2565 566 2649 aliquam
579 2567 740 2636 rationem
752 2570 827 2636 finis
838 2571 948 2652 habet,
965 2571 1128 2638 actionem
1143 2571 1263 2656 quippo
1278 2571 1461 2638 terminans
1475 2592 1535 2637 seu
1546 2570 1675 2650 finiens,

424 2671 477 2739 hic
499 2677 610 2740 tanam
634 2675 797 2744 obiectum
819 2679 961 2744 arctiore
977 2699 1076 2744 sensu
1092 2678 1317 2763 accipiendum
1333 2683 1394 2756 est,
1418 2698 1483 2760 quo
1499 2699 1521 2744 a
1534 2679 1601 2743 fine
1616 2697 1677 2744 scu

424 2777 606 2847 intentione
622 2781 741 2862 differt,
758 2783 860 2866 igitur
875 2784 980 2850 solum
997 2805 1062 2867 qua
1078 2787 1232 2852 terminas
1245 2788 1415 2870 proximos
1429 2786 1542 2850 actum
1557 2784 1677 2849 volun·

425 2885 546 2952 tarium
566 2886 636 2954 sive
653 2889 796 2956 elicitum
812 2890 883 2956 sive
898 2889 1095 2975 imperatum
1111 2890 1334 2957 essentialiter
1348 2890 1553 2974 specificans.
1584 2889 1676 2956 Idem

427 2995 537 3058 autem
567 2998 739 3078 spectatur
768 3017 834 3062 non
863 2995 999 3081 physice
1021 2997 1076 3062 vel
1098 2995 1326 3075 materialiter,
1350 2995 1409 3061 sed
1434 2995 1619 3062 formaliter
1639 3001 1678 3062 ut

426 3098 603 3181 cognitum.
652 3103 682 3169 2.
707 3102 803 3168 Finis
827 3101 946 3169 dicitur
961 3122 1058 3168 omne
1072 3105 1231 3168 volitante
1247 3101 1420 3179 obiectum,
1445 3103 1538 3166 caius
1552 3104 1679 3167 ratione

426 3204 570 3272 facultas
602 3207 714 3290 aliqua
745 3207 779 3273 in
811 3230 905 3274 sunm
939 3208 1101 3275 obiectum
1134 3210 1296 3274 movetur.
1344 3211 1375 3274 3.
1407 3207 1677 3274 circumstantiae

426 3316 504 3378 sunt
534 3313 700 3396 quaelibet
729 3313 801 3381 sive
830 3335 902 3381 cum
934 3315 1062 3382 obiecto
1092 3314 1164 3381 sive
1194 3336 1268 3380 cnm
1297 3315 1362 3380 fine
1391 3313 1599 3379 extrinsecus
1622 3315 1676 3379 vel

425 3417 531 3484 instar
553 3419 769 3488 accidentium
793 3441 929 3488 conexa.
961 3421 1085 3486 Earum
1100 3419 1275 3505 praecipue
1291 3423 1418 3504 septem
1441 3419 1608 3485 numerari
1623 3440 1675 3485 so·

425 3525 505 3604 lent,
536 3526 653 3609 quibus
682 3527 768 3595 actio
799 3527 910 3611 aliqua
939 3526 1110 3594 moraliter
1137 3525 1316 3592 modificari
1339 3529 1449 3609 queat,
1479 3529 1675 3610 pernotum

426 3631 623 3698 versiculum
646 3633 815 3716 signatae:
851 3633 956 3714 ,Quis
989 3633 1075 3717 quid,
1104 3633 1170 3712 nbi,
1195 3633 1312 3716 quibus
1335 3630 1478 3712 auxiliis,
1502 3653 1570 3712 cur,
1596 3653 1675 3715 quc·

428 3738 534 3818 modo,
559 3739 730 3821 quandcf‘

516 3875 683 3949 Probatur.
715 3881 766 3946 Ea
789 3880 897 3946 omnia
920 3880 1035 3964 procul
1057 3878 1155 3945 dubie
1175 3883 1373 3945 concurrunt
1388 3877 1432 3943 ad
1447 3876 1588 3944 actionis
1603 3895 1673 3942 curn

428 3983 543 4051 morali
573 4005 688 4051 norma
718 3985 983 4053 conformitatem
1005 3985 1061 4051 vel
1084 3985 1330 4052 difformitatem
1353 3982 1627 4060 constituendam,
1654 4001 1673 4048 a

429 4091 545 4174 quibus
574 4092 695 4175 pendet
725 4093 795 4158 eius
825 4093 955 4159 directio
982 4093 1104 4178 finalis,
1135 4096 1298 4174 quatenus
1321 4093 1373 4156 est
1396 4093 1505 4156 motus
1528 4109 1550 4154 a
1570 4087 1674 4154 libera

428 4197 600 4265 voluntate
623 4199 812 4284 procedens.
851 4201 951 4286 Atqui
973 4199 1056 4265 haec
1079 4197 1216 4263 directio
1239 4195 1361 4282 pendet
1379 4195 1421 4261 ab
1438 4193 1577 4272 obiecto,
1601 4195 1671 4269 fine,

429 4304 693 4372 circumstantiis.
740 4306 828 4392 Erpa
851 4309 914 4372 etc.

517 4410 633 4477 Prob.
654 4411 786 4478 minor
808 4432 879 4496 per
901 4414 1057 4496 partes.
1084 4413 1113 4477 1.
1132 4409 1182 4476 Ab
1199 4410 1323 4475 obiecto.
1354 4407 1447 4474 Nihil
1462 4411 1554 4472 certe
1569 4404 1673 4488 magis

430 4517 652 4584 essentialiter
680 4517 713 4582 in
740 4517 831 4583 illam
855 4516 1068 4583 directionem
1091 4515 1228 4580 influere
1250 4517 1362 4597 potest
1390 4533 1490 4596 quam
1512 4511 1557 4588 id,
1590 4511 1675 4594 quod

430 4628 551 4702 actum,
582 4623 603 4692 i.
627 4644 655 4692 e.
678 4628 803 4690 motum
833 4623 1015 4702 facultatis,
1045 4621 1201 4707 primario
1225 4627 1259 4688 et
1281 4618 1475 4704 simpliciter
1497 4616 1674 4702 specificat,

431 4730 527 4812 quale
557 4733 609 4795 est
638 4731 798 4796 obiectum.
844 4729 990 4795 Directio
1021 4728 1107 4794 enim
1139 4731 1174 4794 et
1206 4726 1331 4812 species
1362 4730 1472 4792 metus
1504 4723 1675 4790 cuiuslibet

430 4834 655 4920 principaliter
677 4835 799 4919 pendet
822 4855 842 4900 a
862 4838 1010 4921 procirnc
1033 4834 1103 4900 eius
1125 4833 1266 4900 termino
1278 4835 1299 4900 ¹.

522 5011 530 5044 ¹
551 5009 591 5063 ef.
611 5009 639 5062 S.
663 5010 762 5077 Ttom,
782 5007 808 5062 S.
828 5005 911 5061 theol.
933 5007 955 5072 1,
975 5007 1000 5072 2,
1019 5023 1045 5075 q.
1066 5005 1107 5071 18,
1128 5021 1151 5059 a
1171 5005 1197 5058 2.
