<?xml version="1.0" encoding="UTF-8"?>
<!DOCTYPE html PUBLIC "-//W3C//DTD XHTML 1.0 Transitional//EN"
    "http://www.w3.org/TR/xhtml1/DTD/xhtml1-transitional.dtd">
<html xmlns="http://www.w3.org/1999/xhtml" xml:lang="en" lang="en">
 <head>
  <title>
</title>
<meta http-equiv="Content-Type" content="text/html;charset=utf-8" />
  <meta name='ocr-system' content='tesseract 3.04.00' />
  <meta name='ocr-capabilities' content='ocr_page ocr_carea ocr_par ocr_line ocrx_word'/>
</head>
<body>
  <div class='ocr_page' id='page_1' title='image "./institutionesiu00meyegoog_0266.png"; bbox 0 0 3909 5842; ppageno 0'>
   <div class='ocr_carea' id='block_1_1' title="bbox 398 613 1426 687">
    <p class='ocr_par' dir='ltr' id='par_1_1' title="bbox 398 613 1426 687">
     <span class='ocr_line' id='line_1_1' title="bbox 398 613 1426 687; baseline -0.002 -13"><span class='ocrx_word' id='word_1_1' title='bbox 398 621 461 684; x_wconf 83' lang='lat'>214</span> <span class='ocrx_word' id='word_1_2' title='bbox 614 616 704 671; x_wconf 81' lang='lat' dir='ltr'>Sestio</span> <span class='ocrx_word' id='word_1_3' title='bbox 723 617 743 670; x_wconf 91' lang='lat'>1.</span> <span class='ocrx_word' id='word_1_4' title='bbox 782 615 861 670; x_wconf 88' lang='lat' dir='ltr'>Liber</span> <span class='ocrx_word' id='word_1_5' title='bbox 879 616 924 670; x_wconf 89' lang='lat' dir='ltr'>Ill.</span> <span class='ocrx_word' id='word_1_6' title='bbox 964 613 1053 687; x_wconf 79' lang='lat' dir='ltr'>Caput</span> <span class='ocrx_word' id='word_1_7' title='bbox 1072 616 1107 671; x_wconf 89' lang='lat' dir='ltr'>ll.</span> <span class='ocrx_word' id='word_1_8' title='bbox 1142 616 1284 672; x_wconf 76' lang='lat' dir='ltr'>aniculus</span> <span class='ocrx_word' id='word_1_9' title='bbox 1302 619 1328 672; x_wconf 85' lang='lat'>2.</span> <span class='ocrx_word' id='word_1_10' title='bbox 1365 617 1426 684; x_wconf 64' lang='lat' dir='ltr'>fit.</span> 
     </span>
    </p>
   </div>
   <div class='ocr_carea' id='block_1_2' title="bbox 395 794 1650 1091">
    <p class='ocr_par' dir='ltr' id='par_1_2' title="bbox 395 794 1650 1091">
     <span class='ocr_line' id='line_1_2' title="bbox 395 794 1647 880; baseline -0.002 -20"><span class='ocrx_word' id='word_1_11' title='bbox 395 797 551 875; x_wconf 84' lang='lat' dir='ltr'>naturali,</span> <span class='ocrx_word' id='word_1_12' title='bbox 576 795 634 860; x_wconf 89' lang='lat' dir='ltr'>sed</span> <span class='ocrx_word' id='word_1_13' title='bbox 650 798 894 880; x_wconf 80' lang='lat' dir='ltr'><em>supernaturali</em></span> <span class='ocrx_word' id='word_1_14' title='bbox 916 799 1046 861; x_wconf 88' lang='lat' dir='ltr'>tantum</span> <span class='ocrx_word' id='word_1_15' title='bbox 1062 794 1267 860; x_wconf 81' lang='lat' dir='ltr'>innotescere</span> <span class='ocrx_word' id='word_1_16' title='bbox 1278 799 1298 860; x_wconf 87' lang='lat'>¹.</span> <span class='ocrx_word' id='word_1_17' title='bbox 1331 795 1381 860; x_wconf 88' lang='lat' dir='ltr'>De</span> <span class='ocrx_word' id='word_1_18' title='bbox 1396 798 1543 861; x_wconf 81' lang='lat' dir='ltr'>natarali</span> <span class='ocrx_word' id='word_1_19' title='bbox 1558 794 1647 877; x_wconf 84' lang='lat' dir='ltr'>legis</span> 
     </span>
     <span class='ocr_line' id='line_1_3' title="bbox 396 900 1650 987; baseline 0.002 -23"><span class='ocrx_word' id='word_1_20' title='bbox 396 900 669 984; x_wconf 78' lang='lat' dir='ltr'>promulgatione,</span> <span class='ocrx_word' id='word_1_21' title='bbox 694 904 800 987; x_wconf 76' lang='lat' dir='ltr'>qualis</span> <span class='ocrx_word' id='word_1_22' title='bbox 822 901 856 966; x_wconf 91' lang='lat' dir='ltr'>in</span> <span class='ocrx_word' id='word_1_23' title='bbox 879 900 1048 985; x_wconf 71' lang='lat' dir='ltr'><strong>praesenti</strong></span> <span class='ocrx_word' id='word_1_24' title='bbox 1070 905 1162 966; x_wconf 88' lang='lat' dir='ltr'>statu</span> <span class='ocrx_word' id='word_1_25' title='bbox 1184 901 1307 966; x_wconf 90' lang='lat' dir='ltr'>homini</span> <span class='ocrx_word' id='word_1_26' title='bbox 1322 906 1456 985; x_wconf 89' lang='lat' dir='ltr'>praesto</span> <span class='ocrx_word' id='word_1_27' title='bbox 1479 900 1533 980; x_wconf 88' lang='lat' dir='ltr'>sit,</span> <span class='ocrx_word' id='word_1_28' title='bbox 1557 902 1650 967; x_wconf 87' lang='lat' dir='ltr'>infra</span> 
     </span>
     <span class='ocr_line' id='line_1_4' title="bbox 397 1005 1446 1091; baseline 0.002 -21"><span class='ocrx_word' id='word_1_29' title='bbox 397 1007 571 1091; x_wconf 85' lang='lat' dir='ltr'>specialius</span> <span class='ocrx_word' id='word_1_30' title='bbox 594 1005 774 1073; x_wconf 83' lang='lat' dir='ltr'>dicendum.</span> <span class='ocrx_word' id='word_1_31' title='bbox 821 1007 884 1072; x_wconf 87' lang='lat' dir='ltr'>Hia</span> <span class='ocrx_word' id='word_1_32' title='bbox 906 1006 1038 1073; x_wconf 82' lang='lat' dir='ltr'>interim</span> <span class='ocrx_word' id='word_1_33' title='bbox 1062 1005 1245 1089; x_wconf 79' lang='lat' dir='ltr'>generatim</span> <span class='ocrx_word' id='word_1_34' title='bbox 1268 1008 1446 1074; x_wconf 86' lang='lat' dir='ltr'>asseritur:</span> 
     </span>
    </p>
   </div>
   <div class='ocr_carea' id='block_1_3' title="bbox 396 1143 1604 1232">
    <p class='ocr_par' dir='ltr' id='par_1_3' title="bbox 396 1143 1604 1232">
     <span class='ocr_line' id='line_1_5' title="bbox 396 1143 1604 1232; baseline 0.004 -6"><span class='ocrx_word' id='word_1_35' title='bbox 396 1155 465 1226; x_wconf 79' lang='lat'><strong>246.</strong></span> <span class='ocrx_word' id='word_1_36' title='bbox 553 1143 710 1226; x_wconf 74' lang='lat' dir='ltr'>Thesls</span> <span class='ocrx_word' id='word_1_37' title='bbox 737 1143 922 1228; x_wconf 85' lang='lat' dir='ltr'>XXVII.</span> <span class='ocrx_word' id='word_1_38' title='bbox 963 1169 1109 1232; x_wconf 66' lang='lat' dir='ltr'>amant</span> <span class='ocrx_word' id='word_1_39' title='bbox 1130 1169 1167 1230; x_wconf 82' lang='lat' dir='ltr'>m</span> <span class='ocrx_word' id='word_1_40' title='bbox 1188 1169 1323 1230; x_wconf 69' lang='lat' dir='ltr'>nomme</span> <span class='ocrx_word' id='word_1_41' title='bbox 1344 1169 1401 1231; x_wconf 71' lang='lat'>101</span> <span class='ocrx_word' id='word_1_42' title='bbox 1421 1171 1604 1232; x_wconf 65' lang='lat' dir='ltr'>saturans.</span> 
     </span>
    </p>
   </div>
   <div class='ocr_carea' id='block_1_4' title="bbox 394 1283 1646 2968">
    <p class='ocr_par' dir='ltr' id='par_1_4' title="bbox 395 1283 1646 1908">
     <span class='ocr_line' id='line_1_6' title="bbox 485 1283 1646 1368; baseline 0 -14"><span class='ocrx_word' id='word_1_43' title='bbox 485 1283 643 1354; x_wconf 69' lang='lat' dir='ltr'>Probatur</span> <span class='ocrx_word' id='word_1_44' title='bbox 666 1283 693 1354; x_wconf 86' lang='lat' dir='ltr'>I⁰</span> <span class='ocrx_word' id='word_1_45' title='bbox 724 1309 761 1352; x_wconf 75' lang='lat' dir='ltr'>err</span> <span class='ocrx_word' id='word_1_46' title='bbox 792 1291 927 1353; x_wconf 78' lang='lat' dir='ltr'>essentia</span> <span class='ocrx_word' id='word_1_47' title='bbox 957 1291 1095 1353; x_wconf 83' lang='lat' dir='ltr'>rationis</span> <span class='ocrx_word' id='word_1_48' title='bbox 1127 1290 1301 1368; x_wconf 77' lang='lat' dir='ltr'>humanae,</span> <span class='ocrx_word' id='word_1_49' title='bbox 1333 1290 1447 1354; x_wconf 80' lang='lat' dir='ltr'>collato</span> <span class='ocrx_word' id='word_1_50' title='bbox 1473 1311 1543 1354; x_wconf 84' lang='lat' dir='ltr'>rum</span> <span class='ocrx_word' id='word_1_51' title='bbox 1568 1311 1646 1354; x_wconf 85' lang='lat' dir='ltr'>con-</span> 
     </span>
     <span class='ocr_line' id='line_1_7' title="bbox 395 1392 1646 1478; baseline 0.002 -20"><span class='ocrx_word' id='word_1_52' title='bbox 395 1401 484 1478; x_wconf 82' lang='lat' dir='ltr'>ceptu</span> <span class='ocrx_word' id='word_1_53' title='bbox 508 1394 584 1475; x_wconf 81' lang='lat' dir='ltr'>lepis</span> <span class='ocrx_word' id='word_1_54' title='bbox 607 1401 763 1458; x_wconf 84' lang='lat' dir='ltr'>aeternae.</span> <span class='ocrx_word' id='word_1_55' title='bbox 811 1392 952 1460; x_wconf 84' lang='lat' dir='ltr'>Exsistit</span> <span class='ocrx_word' id='word_1_56' title='bbox 975 1394 1009 1458; x_wconf 92' lang='lat' dir='ltr'>in</span> <span class='ocrx_word' id='word_1_57' title='bbox 1032 1393 1163 1459; x_wconf 89' lang='lat' dir='ltr'>homine</span> <span class='ocrx_word' id='word_1_58' title='bbox 1186 1393 1218 1457; x_wconf 92' lang='lat' dir='ltr'>vi</span> <span class='ocrx_word' id='word_1_59' title='bbox 1246 1393 1348 1478; x_wconf 88' lang='lat' dir='ltr'>ipsius</span> <span class='ocrx_word' id='word_1_60' title='bbox 1374 1399 1513 1461; x_wconf 89' lang='lat' dir='ltr'>naturae</span> <span class='ocrx_word' id='word_1_61' title='bbox 1540 1396 1646 1460; x_wconf 91' lang='lat' dir='ltr'>ratio·</span> 
     </span>
     <span class='ocr_line' id='line_1_8' title="bbox 396 1499 1646 1585; baseline -0.002 -18"><span class='ocrx_word' id='word_1_62' title='bbox 396 1503 480 1569; x_wconf 89' lang='lat' dir='ltr'>nalis</span> <span class='ocrx_word' id='word_1_63' title='bbox 509 1499 733 1568; x_wconf 84' lang='lat' dir='ltr'>manifestatio</span> <span class='ocrx_word' id='word_1_64' title='bbox 761 1502 845 1583; x_wconf 88' lang='lat' dir='ltr'>legis</span> <span class='ocrx_word' id='word_1_65' title='bbox 869 1507 1034 1580; x_wconf 78' lang='lat' dir='ltr'>aeternae,</span> <span class='ocrx_word' id='word_1_66' title='bbox 1065 1507 1227 1585; x_wconf 90' lang='lat' dir='ltr'>quatenus</span> <span class='ocrx_word' id='word_1_67' title='bbox 1250 1502 1332 1569; x_wconf 88' lang='lat' dir='ltr'>haee</span> <span class='ocrx_word' id='word_1_68' title='bbox 1355 1507 1480 1569; x_wconf 83' lang='lat' dir='ltr'>rectam</span> <span class='ocrx_word' id='word_1_69' title='bbox 1503 1501 1646 1566; x_wconf 89' lang='lat' dir='ltr'>hominis</span> 
     </span>
     <span class='ocr_line' id='line_1_9' title="bbox 395 1607 1645 1695; baseline -0.002 -21"><span class='ocrx_word' id='word_1_70' title='bbox 395 1609 436 1674; x_wconf 92' lang='lat' dir='ltr'>ad</span> <span class='ocrx_word' id='word_1_71' title='bbox 459 1611 556 1674; x_wconf 89' lang='lat' dir='ltr'>finem</span> <span class='ocrx_word' id='word_1_72' title='bbox 579 1607 817 1673; x_wconf 82' lang='lat' dir='ltr'>ordinationem</span> <span class='ocrx_word' id='word_1_73' title='bbox 841 1611 983 1691; x_wconf 85' lang='lat' dir='ltr'>spectat.</span> <span class='ocrx_word' id='word_1_74' title='bbox 1015 1612 1114 1695; x_wconf 80' lang='lat' dir='ltr'>Atqui</span> <span class='ocrx_word' id='word_1_75' title='bbox 1137 1609 1169 1673; x_wconf 93' lang='lat' dir='ltr'>in</span> <span class='ocrx_word' id='word_1_76' title='bbox 1193 1609 1253 1674; x_wconf 92' lang='lat' dir='ltr'>tali</span> <span class='ocrx_word' id='word_1_77' title='bbox 1277 1608 1545 1674; x_wconf 80' lang='lat' dir='ltr'>manifestatione</span> <span class='ocrx_word' id='word_1_78' title='bbox 1565 1629 1645 1673; x_wconf 88' lang='lat' dir='ltr'>con-</span> 
     </span>
     <span class='ocr_line' id='line_1_10' title="bbox 396 1714 1643 1798; baseline -0.002 -18"><span class='ocrx_word' id='word_1_79' title='bbox 396 1715 484 1782; x_wconf 88' lang='lat' dir='ltr'>sistit</span> <span class='ocrx_word' id='word_1_80' title='bbox 514 1715 578 1790; x_wconf 83' lang='lat' dir='ltr'>lex,</span> <span class='ocrx_word' id='word_1_81' title='bbox 610 1735 707 1796; x_wconf 89' lang='lat' dir='ltr'>quarn</span> <span class='ocrx_word' id='word_1_82' title='bbox 736 1714 919 1780; x_wconf 87' lang='lat' dir='ltr'>naturalem</span> <span class='ocrx_word' id='word_1_83' title='bbox 944 1714 1097 1797; x_wconf 87' lang='lat' dir='ltr'>dicimus;</span> <span class='ocrx_word' id='word_1_84' title='bbox 1128 1715 1161 1779; x_wconf 90' lang='lat' dir='ltr'>id</span> <span class='ocrx_word' id='word_1_85' title='bbox 1191 1715 1297 1798; x_wconf 91' lang='lat' dir='ltr'>ipsum</span> <span class='ocrx_word' id='word_1_86' title='bbox 1326 1735 1468 1798; x_wconf 88' lang='lat' dir='ltr'>namque</span> <span class='ocrx_word' id='word_1_87' title='bbox 1498 1714 1643 1779; x_wconf 87' lang='lat' dir='ltr'>delinitio</span> 
     </span>
     <span class='ocr_line' id='line_1_11' title="bbox 396 1819 1421 1908; baseline 0.001 -20"><span class='ocrx_word' id='word_1_88' title='bbox 396 1822 426 1888; x_wconf 88' lang='lat' dir='ltr'>S.</span> <span class='ocrx_word' id='word_1_89' title='bbox 452 1821 596 1886; x_wconf 82' lang='lat' dir='ltr'>Thomas</span> <span class='ocrx_word' id='word_1_90' title='bbox 620 1840 719 1903; x_wconf 90' lang='lat' dir='ltr'>supra</span> <span class='ocrx_word' id='word_1_91' title='bbox 742 1819 786 1897; x_wconf 92' lang='lat' dir='ltr'>(n.</span> <span class='ocrx_word' id='word_1_92' title='bbox 813 1821 891 1904; x_wconf 80' lang='lat'>242)</span> <span class='ocrx_word' id='word_1_93' title='bbox 915 1820 1019 1887; x_wconf 88' lang='lat' dir='ltr'>allata</span> <span class='ocrx_word' id='word_1_94' title='bbox 1042 1821 1201 1888; x_wconf 88' lang='lat' dir='ltr'>enuntiat.</span> <span class='ocrx_word' id='word_1_95' title='bbox 1249 1822 1335 1908; x_wconf 79' lang='lat' dir='ltr'>llrpo</span> <span class='ocrx_word' id='word_1_96' title='bbox 1358 1827 1421 1889; x_wconf 89' lang='lat' dir='ltr'>eto.</span> 
     </span>
    </p>

    <p class='ocr_par' dir='ltr' id='par_1_5' title="bbox 394 1926 1644 2968">
     <span class='ocr_line' id='line_1_12' title="bbox 483 1926 1643 2011; baseline 0 -19"><span class='ocrx_word' id='word_1_97' title='bbox 483 1927 597 1992; x_wconf 88' lang='lat' dir='ltr'>Prob.</span> <span class='ocrx_word' id='word_1_98' title='bbox 625 1926 764 1992; x_wconf 90' lang='lat' dir='ltr'>maior.</span> <span class='ocrx_word' id='word_1_99' title='bbox 795 1926 916 1992; x_wconf 82' lang='lat' dir='ltr'>Eodem</span> <span class='ocrx_word' id='word_1_100' title='bbox 940 1926 1109 1992; x_wconf 86' lang='lat' dir='ltr'>essentiali</span> <span class='ocrx_word' id='word_1_101' title='bbox 1131 1928 1269 1994; x_wconf 91' lang='lat' dir='ltr'>rationis</span> <span class='ocrx_word' id='word_1_102' title='bbox 1292 1927 1423 2002; x_wconf 89' lang='lat' dir='ltr'>lumine,</span> <span class='ocrx_word' id='word_1_103' title='bbox 1447 1929 1643 2011; x_wconf 87' lang='lat' dir='ltr'>quobonum</span> 
     </span>
     <span class='ocr_line' id='line_1_13' title="bbox 396 2031 1636 2118; baseline 0.002 -20"><span class='ocrx_word' id='word_1_104' title='bbox 396 2055 416 2098; x_wconf 87' lang='lat' dir='ltr'>a</span> <span class='ocrx_word' id='word_1_105' title='bbox 443 2034 529 2100; x_wconf 91' lang='lat' dir='ltr'>malo</span> <span class='ocrx_word' id='word_1_106' title='bbox 560 2031 790 2116; x_wconf 82' lang='lat' dir='ltr'>distinguimus</span> <span class='ocrx_word' id='word_1_107' title='bbox 820 2038 855 2100; x_wconf 88' lang='lat' dir='ltr'>et</span> <span class='ocrx_word' id='word_1_108' title='bbox 885 2054 948 2116; x_wconf 91' lang='lat' dir='ltr'>quo</span> <span class='ocrx_word' id='word_1_109' title='bbox 978 2034 1110 2118; x_wconf 89' lang='lat' dir='ltr'>proprie</span> <span class='ocrx_word' id='word_1_110' title='bbox 1140 2034 1320 2100; x_wconf 87' lang='lat' dir='ltr'>rationales</span> <span class='ocrx_word' id='word_1_111' title='bbox 1344 2033 1490 2110; x_wconf 83' lang='lat' dir='ltr'>dicimur,</span> <span class='ocrx_word' id='word_1_112' title='bbox 1521 2055 1636 2116; x_wconf 83' lang='lat' dir='ltr'>eogno-</span> 
     </span>
     <span class='ocr_line' id='line_1_14' title="bbox 395 2139 1643 2226; baseline 0.002 -22"><span class='ocrx_word' id='word_1_113' title='bbox 395 2139 515 2205; x_wconf 87' lang='lat' dir='ltr'>scimus</span> <span class='ocrx_word' id='word_1_114' title='bbox 538 2139 648 2224; x_wconf 90' lang='lat' dir='ltr'>plures</span> <span class='ocrx_word' id='word_1_115' title='bbox 672 2139 818 2206; x_wconf 85' lang='lat' dir='ltr'>actiones</span> <span class='ocrx_word' id='word_1_116' title='bbox 841 2161 900 2224; x_wconf 91' lang='lat' dir='ltr'>per</span> <span class='ocrx_word' id='word_1_117' title='bbox 923 2161 959 2206; x_wconf 89' lang='lat' dir='ltr'>se</span> <span class='ocrx_word' id='word_1_118' title='bbox 983 2143 1241 2226; x_wconf 64' lang='lat' dir='ltr'>contremuerint</span> <span class='ocrx_word' id='word_1_119' title='bbox 1255 2145 1366 2207; x_wconf 84' lang='lat' dir='ltr'>ultimo</span> <span class='ocrx_word' id='word_1_120' title='bbox 1383 2150 1410 2206; x_wconf 83' lang='lat' dir='ltr'>et</span> <span class='ocrx_word' id='word_1_121' title='bbox 1426 2151 1508 2208; x_wconf 80' lang='lat' dir='ltr'>recto</span> <span class='ocrx_word' id='word_1_122' title='bbox 1523 2143 1643 2222; x_wconf 85' lang='lat' dir='ltr'>ordini,</span> 
     </span>
     <span class='ocr_line' id='line_1_15' title="bbox 395 2247 1643 2332; baseline 0.001 -21"><span class='ocrx_word' id='word_1_123' title='bbox 395 2247 478 2312; x_wconf 88' lang='lat' dir='ltr'>alias</span> <span class='ocrx_word' id='word_1_124' title='bbox 501 2268 580 2312; x_wconf 93' lang='lat' dir='ltr'>vero</span> <span class='ocrx_word' id='word_1_125' title='bbox 603 2267 662 2330; x_wconf 89' lang='lat' dir='ltr'>per</span> <span class='ocrx_word' id='word_1_126' title='bbox 684 2267 719 2312; x_wconf 91' lang='lat' dir='ltr'>se</span> <span class='ocrx_word' id='word_1_127' title='bbox 740 2250 938 2314; x_wconf 79' lang='lat' dir='ltr'>necessarias</span> <span class='ocrx_word' id='word_1_128' title='bbox 956 2270 1021 2314; x_wconf 83' lang='lat' dir='ltr'>esse</span> <span class='ocrx_word' id='word_1_129' title='bbox 1036 2247 1078 2314; x_wconf 88' lang='lat' dir='ltr'>ad</span> <span class='ocrx_word' id='word_1_130' title='bbox 1093 2248 1184 2312; x_wconf 91' lang='lat' dir='ltr'>illum</span> <span class='ocrx_word' id='word_1_131' title='bbox 1201 2249 1464 2332; x_wconf 86' lang='lat' dir='ltr'>consequendum</span> <span class='ocrx_word' id='word_1_132' title='bbox 1480 2247 1643 2312; x_wconf 88' lang='lat' dir='ltr'>ordinem-</span> 
     </span>
     <span class='ocr_line' id='line_1_16' title="bbox 395 2352 1641 2438; baseline 0.002 -22"><span class='ocrx_word' id='word_1_133' title='bbox 395 2373 457 2435; x_wconf 90' lang='lat' dir='ltr'>que</span> <span class='ocrx_word' id='word_1_134' title='bbox 489 2353 696 2418; x_wconf 90' lang='lat' dir='ltr'>servandum.</span> <span class='ocrx_word' id='word_1_135' title='bbox 753 2353 985 2436; x_wconf 85' lang='lat' dir='ltr'>Cognosoimus</span> <span class='ocrx_word' id='word_1_136' title='bbox 1018 2353 1143 2438; x_wconf 89' lang='lat' dir='ltr'>pariter</span> <span class='ocrx_word' id='word_1_137' title='bbox 1177 2355 1291 2420; x_wconf 90' lang='lat' dir='ltr'>eodem</span> <span class='ocrx_word' id='word_1_138' title='bbox 1323 2352 1478 2420; x_wconf 87' lang='lat' dir='ltr'>rationali</span> <span class='ocrx_word' id='word_1_139' title='bbox 1509 2354 1641 2428; x_wconf 90' lang='lat' dir='ltr'>lumine,</span> 
     </span>
     <span class='ocr_line' id='line_1_17' title="bbox 395 2459 1642 2544; baseline 0.003 -22"><span class='ocrx_word' id='word_1_140' title='bbox 395 2478 458 2540; x_wconf 88' lang='lat' dir='ltr'>qno</span> <span class='ocrx_word' id='word_1_141' title='bbox 483 2460 587 2525; x_wconf 90' lang='lat' dir='ltr'>Deum</span> <span class='ocrx_word' id='word_1_142' title='bbox 619 2459 845 2542; x_wconf 80' lang='lat' dir='ltr'>cognoscimus</span> <span class='ocrx_word' id='word_1_143' title='bbox 869 2464 1018 2526; x_wconf 87' lang='lat' dir='ltr'>sanatum</span> <span class='ocrx_word' id='word_1_144' title='bbox 1044 2463 1078 2526; x_wconf 90' lang='lat' dir='ltr'>et</span> <span class='ocrx_word' id='word_1_145' title='bbox 1101 2460 1294 2543; x_wconf 87' lang='lat' dir='ltr'>sapientem,</span> <span class='ocrx_word' id='word_1_146' title='bbox 1324 2461 1429 2526; x_wconf 89' lang='lat' dir='ltr'>Deum</span> <span class='ocrx_word' id='word_1_147' title='bbox 1452 2463 1642 2544; x_wconf 74' lang='lat' dir='ltr'>serietate,</span> 
     </span>
     <span class='ocr_line' id='line_1_18' title="bbox 394 2563 1642 2650; baseline 0.001 -22"><span class='ocrx_word' id='word_1_148' title='bbox 394 2568 431 2628; x_wconf 91' lang='lat' dir='ltr'>ut</span> <span class='ocrx_word' id='word_1_149' title='bbox 464 2563 504 2628; x_wconf 91' lang='lat' dir='ltr'>ad</span> <span class='ocrx_word' id='word_1_150' title='bbox 539 2565 635 2630; x_wconf 86' lang='lat' dir='ltr'>finem</span> <span class='ocrx_word' id='word_1_151' title='bbox 666 2565 839 2632; x_wconf 89' lang='lat' dir='ltr'>tendamus</span> <span class='ocrx_word' id='word_1_152' title='bbox 869 2569 904 2631; x_wconf 87' lang='lat' dir='ltr'>et</span> <span class='ocrx_word' id='word_1_153' title='bbox 934 2571 1059 2633; x_wconf 83' lang='lat' dir='ltr'>reatum</span> <span class='ocrx_word' id='word_1_154' title='bbox 1091 2566 1237 2632; x_wconf 88' lang='lat' dir='ltr'>ordinem</span> <span class='ocrx_word' id='word_1_155' title='bbox 1269 2587 1449 2643; x_wconf 87' lang='lat' dir='ltr'>servemus,</span> <span class='ocrx_word' id='word_1_156' title='bbox 1482 2572 1520 2633; x_wconf 86' lang='lat' dir='ltr'>ut</span> <span class='ocrx_word' id='word_1_157' title='bbox 1550 2566 1642 2650; x_wconf 90' lang='lat' dir='ltr'>proin</span> 
     </span>
     <span class='ocr_line' id='line_1_19' title="bbox 395 2670 1644 2758; baseline 0.002 -24"><span class='ocrx_word' id='word_1_158' title='bbox 395 2670 520 2753; x_wconf 88' lang='lat' dir='ltr'>priores</span> <span class='ocrx_word' id='word_1_159' title='bbox 543 2671 617 2737; x_wconf 92' lang='lat' dir='ltr'>illas</span> <span class='ocrx_word' id='word_1_160' title='bbox 633 2673 779 2738; x_wconf 84' lang='lat' dir='ltr'>actiones</span> <span class='ocrx_word' id='word_1_161' title='bbox 796 2671 947 2748; x_wconf 89' lang='lat' dir='ltr'>vitemus,</span> <span class='ocrx_word' id='word_1_162' title='bbox 972 2673 1033 2739; x_wconf 86' lang='lat' dir='ltr'>has</span> <span class='ocrx_word' id='word_1_163' title='bbox 1049 2694 1128 2738; x_wconf 90' lang='lat' dir='ltr'>varo</span> <span class='ocrx_word' id='word_1_164' title='bbox 1144 2694 1312 2758; x_wconf 90' lang='lat' dir='ltr'>ponamus.</span> <span class='ocrx_word' id='word_1_165' title='bbox 1344 2672 1526 2738; x_wconf 87' lang='lat' dir='ltr'>Innotescit</span> <span class='ocrx_word' id='word_1_166' title='bbox 1541 2672 1644 2754; x_wconf 87' lang='lat' dir='ltr'>igitur</span> 
     </span>
     <span class='ocr_line' id='line_1_20' title="bbox 394 2777 1643 2864; baseline 0.002 -23"><span class='ocrx_word' id='word_1_167' title='bbox 394 2777 488 2842; x_wconf 91' lang='lat' dir='ltr'>nobis</span> <span class='ocrx_word' id='word_1_168' title='bbox 512 2798 570 2860; x_wconf 88' lang='lat' dir='ltr'>per</span> <span class='ocrx_word' id='word_1_169' title='bbox 593 2779 724 2844; x_wconf 92' lang='lat' dir='ltr'>modum</span> <span class='ocrx_word' id='word_1_170' title='bbox 748 2783 887 2845; x_wconf 87' lang='lat' dir='ltr'>naturae</span> <span class='ocrx_word' id='word_1_171' title='bbox 911 2779 1083 2846; x_wconf 89' lang='lat' dir='ltr'>rationalis</span> <span class='ocrx_word' id='word_1_172' title='bbox 1105 2781 1178 2864; x_wconf 91' lang='lat' dir='ltr'>ipsa</span> <span class='ocrx_word' id='word_1_173' title='bbox 1193 2780 1254 2845; x_wconf 90' lang='lat' dir='ltr'>Dei</span> <span class='ocrx_word' id='word_1_174' title='bbox 1274 2778 1473 2846; x_wconf 88' lang='lat' dir='ltr'>ordinatoris</span> <span class='ocrx_word' id='word_1_175' title='bbox 1488 2779 1643 2844; x_wconf 87' lang='lat' dir='ltr'>voluntas</span> 
     </span>
     <span class='ocr_line' id='line_1_21' title="bbox 395 2884 1595 2968; baseline 0.003 -22"><span class='ocrx_word' id='word_1_176' title='bbox 395 2905 453 2950; x_wconf 90' lang='lat' dir='ltr'>seu</span> <span class='ocrx_word' id='word_1_177' title='bbox 476 2884 531 2948; x_wconf 84' lang='lat' dir='ltr'>lex</span> <span class='ocrx_word' id='word_1_178' title='bbox 554 2889 702 2962; x_wconf 88' lang='lat' dir='ltr'>aeterna,</span> <span class='ocrx_word' id='word_1_179' title='bbox 732 2889 894 2965; x_wconf 89' lang='lat' dir='ltr'>quatenus</span> <span class='ocrx_word' id='word_1_180' title='bbox 917 2885 1081 2952; x_wconf 87' lang='lat' dir='ltr'>hominem</span> <span class='ocrx_word' id='word_1_181' title='bbox 1104 2890 1194 2950; x_wconf 88' lang='lat' dir='ltr'>reete</span> <span class='ocrx_word' id='word_1_182' title='bbox 1217 2884 1434 2950; x_wconf 90' lang='lat' dir='ltr'>ordinandum</span> <span class='ocrx_word' id='word_1_183' title='bbox 1456 2889 1595 2968; x_wconf 86' lang='lat' dir='ltr'>spectat.</span> 
     </span>
    </p>
   </div>
   <div class='ocr_carea' id='block_1_5' title="bbox 394 3021 1643 4173">
    <p class='ocr_par' dir='ltr' id='par_1_6' title="bbox 394 3021 1643 4173">
     <span class='ocr_line' id='line_1_22' title="bbox 394 3021 1642 3113; baseline -0.002 -21"><span class='ocrx_word' id='word_1_184' title='bbox 394 3022 462 3094; x_wconf 80' lang='grc'><strong>247.</strong></span> <span class='ocrx_word' id='word_1_185' title='bbox 552 3021 711 3094; x_wconf 84' lang='lat' dir='ltr'>Probatur</span> <span class='ocrx_word' id='word_1_186' title='bbox 741 3025 784 3096; x_wconf 77' lang='lat'>11⁰</span> <span class='ocrx_word' id='word_1_187' title='bbox 817 3050 855 3092; x_wconf 84' lang='lat' dir='ltr'>ex</span> <span class='ocrx_word' id='word_1_188' title='bbox 892 3031 960 3094; x_wconf 82' lang='lat' dir='ltr'>eius</span> <span class='ocrx_word' id='word_1_189' title='bbox 992 3029 1187 3113; x_wconf 75' lang='lat' dir='ltr'>hypothetica</span> <span class='ocrx_word' id='word_1_190' title='bbox 1220 3028 1412 3091; x_wconf 64' lang='lat' dir='ltr'>necesitate.</span> <span class='ocrx_word' id='word_1_191' title='bbox 1466 3025 1642 3109; x_wconf 86' lang='lat' dir='ltr'>Supposita</span> 
     </span>
     <span class='ocr_line' id='line_1_23' title="bbox 394 3131 1642 3215; baseline -0.001 -19"><span class='ocrx_word' id='word_1_192' title='bbox 394 3132 560 3198; x_wconf 85' lang='lat' dir='ltr'>creatione</span> <span class='ocrx_word' id='word_1_193' title='bbox 584 3131 724 3196; x_wconf 90' lang='lat' dir='ltr'>hominis</span> <span class='ocrx_word' id='word_1_194' title='bbox 747 3133 801 3198; x_wconf 87' lang='lat' dir='ltr'>lex</span> <span class='ocrx_word' id='word_1_195' title='bbox 825 3133 987 3199; x_wconf 88' lang='lat' dir='ltr'>naturalis</span> <span class='ocrx_word' id='word_1_196' title='bbox 1011 3137 1063 3199; x_wconf 90' lang='lat' dir='ltr'>est</span> <span class='ocrx_word' id='word_1_197' title='bbox 1085 3137 1152 3198; x_wconf 91' lang='lat' dir='ltr'>tam</span> <span class='ocrx_word' id='word_1_198' title='bbox 1177 3132 1363 3197; x_wconf 85' lang='lat' dir='ltr'>necessaria</span> <span class='ocrx_word' id='word_1_199' title='bbox 1386 3152 1483 3212; x_wconf 89' lang='lat' dir='ltr'>quam</span> <span class='ocrx_word' id='word_1_200' title='bbox 1500 3131 1570 3215; x_wconf 88' lang='lat' dir='ltr'>ipsa</span> <span class='ocrx_word' id='word_1_201' title='bbox 1585 3131 1642 3196; x_wconf 85' lang='lat' dir='ltr'>lex</span> 
     </span>
     <span class='ocr_line' id='line_1_24' title="bbox 394 3239 1555 3323; baseline -0.001 -19"><span class='ocrx_word' id='word_1_202' title='bbox 394 3244 541 3306; x_wconf 89' lang='lat' dir='ltr'>aeterna.</span> <span class='ocrx_word' id='word_1_203' title='bbox 589 3239 676 3323; x_wconf 77' lang='lat' dir='ltr'>Erpa</span> <span class='ocrx_word' id='word_1_204' title='bbox 699 3261 719 3305; x_wconf 93' lang='lat' dir='ltr'>a</span> <span class='ocrx_word' id='word_1_205' title='bbox 743 3239 842 3323; x_wconf 89' lang='lat' dir='ltr'>priori</span> <span class='ocrx_word' id='word_1_206' title='bbox 867 3240 936 3306; x_wconf 88' lang='lat' dir='ltr'>eius</span> <span class='ocrx_word' id='word_1_207' title='bbox 961 3239 1157 3306; x_wconf 87' lang='lat' dir='ltr'>exsistentia</span> <span class='ocrx_word' id='word_1_208' title='bbox 1180 3245 1271 3305; x_wconf 89' lang='lat' dir='ltr'>certo</span> <span class='ocrx_word' id='word_1_209' title='bbox 1294 3239 1473 3304; x_wconf 86' lang='lat' dir='ltr'>asserenda</span> <span class='ocrx_word' id='word_1_210' title='bbox 1495 3241 1555 3304; x_wconf 89' lang='lat' dir='ltr'>est.</span> 
     </span>
     <span class='ocr_line' id='line_1_25' title="bbox 484 3344 1642 3429; baseline -0.002 -19"><span class='ocrx_word' id='word_1_211' title='bbox 484 3345 600 3412; x_wconf 90' lang='lat' dir='ltr'>Prob.</span> <span class='ocrx_word' id='word_1_212' title='bbox 632 3350 765 3412; x_wconf 86' lang='lat' dir='ltr'>antee.</span> <span class='ocrx_word' id='word_1_213' title='bbox 820 3347 892 3412; x_wconf 87' lang='lat' dir='ltr'>Hae</span> <span class='ocrx_word' id='word_1_214' title='bbox 925 3345 1011 3412; x_wconf 90' lang='lat' dir='ltr'>enim</span> <span class='ocrx_word' id='word_1_215' title='bbox 1045 3345 1219 3429; x_wconf 88' lang='lat' dir='ltr'>hypothesi</span> <span class='ocrx_word' id='word_1_216' title='bbox 1251 3344 1459 3411; x_wconf 87' lang='lat' dir='ltr'>sanctissima</span> <span class='ocrx_word' id='word_1_217' title='bbox 1491 3344 1551 3409; x_wconf 90' lang='lat' dir='ltr'>Dei</span> <span class='ocrx_word' id='word_1_218' title='bbox 1583 3365 1642 3408; x_wconf 87' lang='lat' dir='ltr'>vo·</span> 
     </span>
     <span class='ocr_line' id='line_1_26' title="bbox 394 3447 1642 3536; baseline -0.004 -19"><span class='ocrx_word' id='word_1_219' title='bbox 394 3453 514 3532; x_wconf 88' lang='lat' dir='ltr'>luntas,</span> <span class='ocrx_word' id='word_1_220' title='bbox 546 3473 611 3533; x_wconf 85' lang='lat' dir='ltr'>qua</span> <span class='ocrx_word' id='word_1_221' title='bbox 634 3452 743 3518; x_wconf 89' lang='lat' dir='ltr'>omnia</span> <span class='ocrx_word' id='word_1_222' title='bbox 766 3457 857 3519; x_wconf 85' lang='lat' dir='ltr'>reete</span> <span class='ocrx_word' id='word_1_223' title='bbox 880 3452 1034 3519; x_wconf 90' lang='lat' dir='ltr'>ordinata</span> <span class='ocrx_word' id='word_1_224' title='bbox 1057 3454 1138 3530; x_wconf 90' lang='lat' dir='ltr'>vult,</span> <span class='ocrx_word' id='word_1_225' title='bbox 1170 3451 1328 3536; x_wconf 88' lang='lat' dir='ltr'>imprimis</span> <span class='ocrx_word' id='word_1_226' title='bbox 1350 3452 1456 3535; x_wconf 87' lang='lat' dir='ltr'>ipsum</span> <span class='ocrx_word' id='word_1_227' title='bbox 1478 3447 1642 3514; x_wconf 87' lang='lat' dir='ltr'>hominem</span> 
     </span>
     <span class='ocr_line' id='line_1_27' title="bbox 394 3555 1640 3637; baseline -0.002 -15"><span class='ocrx_word' id='word_1_228' title='bbox 394 3563 484 3624; x_wconf 88' lang='lat' dir='ltr'>reate</span> <span class='ocrx_word' id='word_1_229' title='bbox 508 3557 723 3623; x_wconf 91' lang='lat' dir='ltr'>ordinandum</span> <span class='ocrx_word' id='word_1_230' title='bbox 747 3561 876 3625; x_wconf 86' lang='lat' dir='ltr'>statuat</span> <span class='ocrx_word' id='word_1_231' title='bbox 898 3579 1033 3624; x_wconf 87' lang='lat' dir='ltr'>neeesse</span> <span class='ocrx_word' id='word_1_232' title='bbox 1049 3563 1117 3625; x_wconf 88' lang='lat' dir='ltr'>est:</span> <span class='ocrx_word' id='word_1_233' title='bbox 1142 3558 1266 3623; x_wconf 82' lang='lat' dir='ltr'>athaia</span> <span class='ocrx_word' id='word_1_234' title='bbox 1283 3555 1445 3623; x_wconf 84' lang='lat' dir='ltr'>voluntati</span> <span class='ocrx_word' id='word_1_235' title='bbox 1462 3575 1640 3637; x_wconf 82' lang='lat' dir='ltr'>congruum</span> 
     </span>
     <span class='ocr_line' id='line_1_28' title="bbox 395 3662 1643 3748; baseline -0.002 -20"><span class='ocrx_word' id='word_1_236' title='bbox 395 3663 536 3728; x_wconf 88' lang='lat' dir='ltr'>medium</span> <span class='ocrx_word' id='word_1_237' title='bbox 573 3664 771 3748; x_wconf 87' lang='lat' dir='ltr'>respondere</span> <span class='ocrx_word' id='word_1_238' title='bbox 809 3664 922 3744; x_wconf 87' lang='lat' dir='ltr'>debet,</span> <span class='ocrx_word' id='word_1_239' title='bbox 959 3685 1023 3748; x_wconf 91' lang='lat' dir='ltr'>quo</span> <span class='ocrx_word' id='word_1_240' title='bbox 1055 3664 1121 3730; x_wconf 86' lang='lat' dir='ltr'>ista</span> <span class='ocrx_word' id='word_1_241' title='bbox 1155 3663 1293 3729; x_wconf 90' lang='lat' dir='ltr'>hominis</span> <span class='ocrx_word' id='word_1_242' title='bbox 1328 3662 1491 3728; x_wconf 90' lang='lat' dir='ltr'>ordinatio</span> <span class='ocrx_word' id='word_1_243' title='bbox 1525 3683 1643 3727; x_wconf 87' lang='lat' dir='ltr'>revera</span> 
     </span>
     <span class='ocr_line' id='line_1_29' title="bbox 395 3769 1641 3856; baseline 0.001 -23"><span class='ocrx_word' id='word_1_244' title='bbox 395 3769 568 3836; x_wconf 85' lang='lat' dir='ltr'>efficiatur.</span> <span class='ocrx_word' id='word_1_245' title='bbox 615 3773 715 3856; x_wconf 82' lang='lat' dir='ltr'>Atqui</span> <span class='ocrx_word' id='word_1_246' title='bbox 747 3791 806 3854; x_wconf 89' lang='lat' dir='ltr'>per</span> <span class='ocrx_word' id='word_1_247' title='bbox 835 3791 872 3835; x_wconf 90' lang='lat' dir='ltr'>se</span> <span class='ocrx_word' id='word_1_248' title='bbox 904 3791 1084 3854; x_wconf 84' lang='lat' dir='ltr'>congruum</span> <span class='ocrx_word' id='word_1_249' title='bbox 1116 3769 1274 3835; x_wconf 91' lang='lat' dir='ltr'>eiusmodi</span> <span class='ocrx_word' id='word_1_250' title='bbox 1306 3769 1447 3835; x_wconf 88' lang='lat' dir='ltr'>medinm</span> <span class='ocrx_word' id='word_1_251' title='bbox 1479 3769 1641 3835; x_wconf 89' lang='lat' dir='ltr'>hominem</span> 
     </span>
     <span class='ocr_line' id='line_1_30' title="bbox 395 3875 1641 3963; baseline 0.002 -23"><span class='ocrx_word' id='word_1_252' title='bbox 395 3875 565 3941; x_wconf 88' lang='lat' dir='ltr'>ordinandi</span> <span class='ocrx_word' id='word_1_253' title='bbox 596 3876 667 3942; x_wconf 90' lang='lat' dir='ltr'>sola</span> <span class='ocrx_word' id='word_1_254' title='bbox 695 3882 745 3942; x_wconf 88' lang='lat' dir='ltr'>est</span> <span class='ocrx_word' id='word_1_255' title='bbox 775 3880 826 3943; x_wconf 81' lang='lat' dir='ltr'>len</span> <span class='ocrx_word' id='word_1_256' title='bbox 856 3881 890 3944; x_wconf 93' lang='lat' dir='ltr'>et</span> <span class='ocrx_word' id='word_1_257' title='bbox 918 3877 1075 3963; x_wconf 90' lang='lat' dir='ltr'>primario</span> <span class='ocrx_word' id='word_1_258' title='bbox 1103 3877 1233 3959; x_wconf 86' lang='lat' dir='ltr'>quidem</span> <span class='ocrx_word' id='word_1_259' title='bbox 1256 3877 1452 3942; x_wconf 55' lang='lat' dir='ltr'>saturatae</span> <span class='ocrx_word' id='word_1_260' title='bbox 1477 3913 1520 3922; x_wconf 86' lang='lat'><em>-</em></span> <span class='ocrx_word' id='word_1_261' title='bbox 1544 3875 1641 3942; x_wconf 83' lang='lat' dir='ltr'>Dico:</span> 
     </span>
     <span class='ocr_line' id='line_1_31' title="bbox 394 3981 1642 4066; baseline -0.003 -18"><span class='ocrx_word' id='word_1_262' title='bbox 394 3985 462 4048; x_wconf 83' lang='lat' dir='ltr'>sola</span> <span class='ocrx_word' id='word_1_263' title='bbox 492 3986 562 4064; x_wconf 81' lang='lat' dir='ltr'>lee;</span> <span class='ocrx_word' id='word_1_264' title='bbox 591 4003 667 4048; x_wconf 89' lang='lat' dir='ltr'>nam</span> <span class='ocrx_word' id='word_1_265' title='bbox 696 3983 783 4048; x_wconf 87' lang='lat' dir='ltr'>aliud</span> <span class='ocrx_word' id='word_1_266' title='bbox 808 3983 972 4049; x_wconf 87' lang='lat' dir='ltr'>vinculum</span> <span class='ocrx_word' id='word_1_267' title='bbox 998 3984 1120 4049; x_wconf 86' lang='lat' dir='ltr'>ordinis</span> <span class='ocrx_word' id='word_1_268' title='bbox 1143 3985 1205 4049; x_wconf 89' lang='lat' dir='ltr'>nisi</span> <span class='ocrx_word' id='word_1_269' title='bbox 1228 3983 1386 4066; x_wconf 86' lang='lat' dir='ltr'>obligatio</span> <span class='ocrx_word' id='word_1_270' title='bbox 1410 3981 1543 4047; x_wconf 90' lang='lat' dir='ltr'>moralis</span> <span class='ocrx_word' id='word_1_271' title='bbox 1566 4001 1642 4045; x_wconf 86' lang='lat' dir='ltr'>con·</span> 
     </span>
     <span class='ocr_line' id='line_1_32' title="bbox 394 4087 1642 4173; baseline -0.004 -19"><span class='ocrx_word' id='word_1_272' title='bbox 394 4109 512 4172; x_wconf 86' lang='lat' dir='ltr'>gruere</span> <span class='ocrx_word' id='word_1_273' title='bbox 542 4089 663 4153; x_wconf 90' lang='lat' dir='ltr'>homini</span> <span class='ocrx_word' id='word_1_274' title='bbox 691 4089 845 4156; x_wconf 90' lang='lat' dir='ltr'>libertate</span> <span class='ocrx_word' id='word_1_275' title='bbox 876 4090 1025 4173; x_wconf 88' lang='lat' dir='ltr'>praedito</span> <span class='ocrx_word' id='word_1_276' title='bbox 1056 4111 1120 4155; x_wconf 92' lang='lat' dir='ltr'>non</span> <span class='ocrx_word' id='word_1_277' title='bbox 1148 4093 1274 4173; x_wconf 78' lang='lat' dir='ltr'>potest3</span> <span class='ocrx_word' id='word_1_278' title='bbox 1305 4089 1363 4154; x_wconf 89' lang='lat' dir='ltr'>sed</span> <span class='ocrx_word' id='word_1_279' title='bbox 1386 4109 1427 4153; x_wconf 90' lang='lat' dir='ltr'>ea</span> <span class='ocrx_word' id='word_1_280' title='bbox 1450 4087 1548 4152; x_wconf 88' lang='lat' dir='ltr'>debet</span> <span class='ocrx_word' id='word_1_281' title='bbox 1569 4105 1642 4150; x_wconf 85' lang='lat' dir='ltr'>esse</span> 
     </span>
    </p>
   </div>
   <div class='ocr_carea' id='block_1_6' title="bbox 393 4241 1642 5016">
    <p class='ocr_par' dir='ltr' id='par_1_7' title="bbox 393 4241 1642 4919">
     <span class='ocr_line' id='line_1_33' title="bbox 487 4241 1641 4312; baseline -0.005 -12"><span class='ocrx_word' id='word_1_282' title='bbox 487 4248 493 4279; x_wconf 90' lang='lat'>¹</span> <span class='ocrx_word' id='word_1_283' title='bbox 514 4246 559 4300; x_wconf 86' lang='lat' dir='ltr'>Sia</span> <span class='ocrx_word' id='word_1_284' title='bbox 578 4246 648 4298; x_wconf 90' lang='lat' dir='ltr'>inter</span> <span class='ocrx_word' id='word_1_285' title='bbox 667 4245 736 4299; x_wconf 89' lang='lat' dir='ltr'>alios</span> <span class='ocrx_word' id='word_1_286' title='bbox 759 4246 846 4297; x_wconf 72' lang='lat' dir='ltr'>Berua</span> <span class='ocrx_word' id='word_1_287' title='bbox 868 4243 951 4308; x_wconf 89' lang='lat' dir='ltr'>(luris</span> <span class='ocrx_word' id='word_1_288' title='bbox 969 4244 1103 4298; x_wconf 87' lang='lat' dir='ltr'>naturalis</span> <span class='ocrx_word' id='word_1_289' title='bbox 1121 4261 1227 4298; x_wconf 88' lang='lat' dir='ltr'>summa</span> <span class='ocrx_word' id='word_1_290' title='bbox 1246 4245 1266 4308; x_wconf 95' lang='lat' dir='ltr'>l,</span> <span class='ocrx_word' id='word_1_291' title='bbox 1285 4243 1400 4298; x_wconf 84' lang='lat' dir='ltr'>Parisiis</span> <span class='ocrx_word' id='word_1_292' title='bbox 1421 4243 1498 4306; x_wconf 79' lang='lat'>1855,</span> <span class='ocrx_word' id='word_1_293' title='bbox 1516 4241 1563 4309; x_wconf 78' lang='lat'>44)</span> <span class='ocrx_word' id='word_1_294' title='bbox 1583 4258 1641 4312; x_wconf 87' lang='lat' dir='ltr'>pro-</span> 
     </span>
     <span class='ocr_line' id='line_1_34' title="bbox 394 4331 1642 4402; baseline -0.002 -14"><span class='ocrx_word' id='word_1_295' title='bbox 394 4337 502 4390; x_wconf 85' lang='lat' dir='ltr'>fitetur:</span> <span class='ocrx_word' id='word_1_296' title='bbox 532 4333 677 4398; x_wconf 77' lang='lat' dir='ltr'>„Moralem</span> <span class='ocrx_word' id='word_1_297' title='bbox 701 4333 822 4387; x_wconf 90' lang='lat' dir='ltr'>ordinem</span> <span class='ocrx_word' id='word_1_298' title='bbox 841 4333 894 4386; x_wconf 91' lang='lat' dir='ltr'>sibi</span> <span class='ocrx_word' id='word_1_299' title='bbox 913 4333 1077 4386; x_wconf 87' lang='lat' dir='ltr'>servandum</span> <span class='ocrx_word' id='word_1_300' title='bbox 1103 4335 1198 4401; x_wconf 86' lang='lat' dir='ltr'>nequit</span> <span class='ocrx_word' id='word_1_301' title='bbox 1223 4333 1302 4386; x_wconf 87' lang='lat' dir='ltr'>homo</span> <span class='ocrx_word' id='word_1_302' title='bbox 1328 4350 1376 4402; x_wconf 85' lang='lat' dir='ltr'>per</span> <span class='ocrx_word' id='word_1_303' title='bbox 1394 4331 1468 4385; x_wconf 86' lang='lat' dir='ltr'>solas</span> <span class='ocrx_word' id='word_1_304' title='bbox 1486 4333 1560 4385; x_wconf 84' lang='lat' dir='ltr'>vires</span> <span class='ocrx_word' id='word_1_305' title='bbox 1578 4349 1642 4386; x_wconf 87' lang='lat' dir='ltr'>suas</span> 
     </span>
     <span class='ocr_line' id='line_1_35' title="bbox 393 4419 1640 4491; baseline -0.005 -13"><span class='ocrx_word' id='word_1_306' title='bbox 393 4423 534 4478; x_wconf 81' lang='lat' dir='ltr'>naturales</span> <span class='ocrx_word' id='word_1_307' title='bbox 553 4421 609 4476; x_wconf 84' lang='lat' dir='ltr'>nlla</span> <span class='ocrx_word' id='word_1_308' title='bbox 627 4440 662 4474; x_wconf 86' lang='lat' dir='ltr'>ex</span> <span class='ocrx_word' id='word_1_309' title='bbox 681 4425 758 4491; x_wconf 87' lang='lat' dir='ltr'>parta</span> <span class='ocrx_word' id='word_1_310' title='bbox 784 4423 970 4490; x_wconf 85' lang='lat' dir='ltr'>eognoscers.¹‘</span> <span class='ocrx_word' id='word_1_311' title='bbox 1011 4419 1181 4491; x_wconf 84' lang='lat' dir='ltr'>Quapropter</span> <span class='ocrx_word' id='word_1_312' title='bbox 1201 4419 1499 4488; x_wconf 76' lang='lat' dir='ltr'>,semi·rationalistas“</span> <span class='ocrx_word' id='word_1_313' title='bbox 1521 4420 1640 4490; x_wconf 85' lang='lat' dir='ltr'>appellat</span> 
     </span>
     <span class='ocr_line' id='line_1_36' title="bbox 394 4507 1639 4580; baseline -0.004 -14"><span class='ocrx_word' id='word_1_314' title='bbox 394 4529 447 4577; x_wconf 86' lang='lat' dir='ltr'>eos,</span> <span class='ocrx_word' id='word_1_315' title='bbox 468 4511 513 4580; x_wconf 88' lang='lat' dir='ltr'>qui</span> <span class='ocrx_word' id='word_1_316' title='bbox 535 4515 662 4564; x_wconf 85' lang='lat' dir='ltr'>statuunt</span> <span class='ocrx_word' id='word_1_317' title='bbox 680 4510 836 4576; x_wconf 72' lang='lat' dir='ltr'>,hominem</span> <span class='ocrx_word' id='word_1_318' title='bbox 850 4511 976 4578; x_wconf 87' lang='lat' dir='ltr'>quamvis</span> <span class='ocrx_word' id='word_1_319' title='bbox 990 4509 1115 4577; x_wconf 88' lang='lat' dir='ltr'>originali</span> <span class='ocrx_word' id='word_1_320' title='bbox 1128 4513 1240 4580; x_wconf 80' lang='lat' dir='ltr'>pearata</span> <span class='ocrx_word' id='word_1_321' title='bbox 1254 4509 1435 4570; x_wconf 84' lang='lat' dir='ltr'>vulneratum,</span> <span class='ocrx_word' id='word_1_322' title='bbox 1454 4525 1534 4578; x_wconf 84' lang='lat' dir='ltr'>posse</span> <span class='ocrx_word' id='word_1_323' title='bbox 1547 4507 1639 4562; x_wconf 88' lang='lat' dir='ltr'>nihilo·</span> 
     </span>
     <span class='ocr_line' id='line_1_37' title="bbox 393 4597 1641 4668; baseline -0.001 -15"><span class='ocrx_word' id='word_1_324' title='bbox 393 4600 483 4654; x_wconf 89' lang='lat' dir='ltr'>minus</span> <span class='ocrx_word' id='word_1_325' title='bbox 509 4600 597 4654; x_wconf 88' lang='lat' dir='ltr'>adhue</span> <span class='ocrx_word' id='word_1_326' title='bbox 623 4617 671 4668; x_wconf 88' lang='lat' dir='ltr'>per</span> <span class='ocrx_word' id='word_1_327' title='bbox 697 4599 770 4652; x_wconf 86' lang='lat' dir='ltr'>solas</span> <span class='ocrx_word' id='word_1_328' title='bbox 790 4599 863 4652; x_wconf 85' lang='lat' dir='ltr'>vires</span> <span class='ocrx_word' id='word_1_329' title='bbox 888 4615 952 4652; x_wconf 86' lang='lat' dir='ltr'>suas</span> <span class='ocrx_word' id='word_1_330' title='bbox 978 4598 1117 4652; x_wconf 84' lang='lat' dir='ltr'>naturales</span> <span class='ocrx_word' id='word_1_331' title='bbox 1136 4598 1283 4652; x_wconf 82' lang='lat' dir='ltr'>veritatum</span> <span class='ocrx_word' id='word_1_332' title='bbox 1310 4599 1516 4668; x_wconf 82' lang='lat' dir='ltr'>praecipuarum</span> <span class='ocrx_word' id='word_1_333' title='bbox 1542 4597 1641 4652; x_wconf 84' lang='lat' dir='ltr'>ordinis</span> 
     </span>
     <span class='ocr_line' id='line_1_38' title="bbox 394 4687 1639 4756; baseline 0 -14"><span class='ocrx_word' id='word_1_334' title='bbox 394 4688 504 4742; x_wconf 82' lang='lat' dir='ltr'>moralis</span> <span class='ocrx_word' id='word_1_335' title='bbox 530 4689 712 4742; x_wconf 81' lang='lat' dir='ltr'>sufficientem</span> <span class='ocrx_word' id='word_1_336' title='bbox 739 4687 863 4741; x_wconf 87' lang='lat' dir='ltr'>notitiam</span> <span class='ocrx_word' id='word_1_337' title='bbox 883 4687 935 4742; x_wconf 87' lang='lat' dir='ltr'>sibi</span> <span class='ocrx_word' id='word_1_338' title='bbox 954 4705 1127 4756; x_wconf 86' lang='lat' dir='ltr'>comparare;</span> <span class='ocrx_word' id='word_1_339' title='bbox 1153 4687 1302 4741; x_wconf 82' lang='lat' dir='ltr'>cuiusmodi</span> <span class='ocrx_word' id='word_1_340' title='bbox 1321 4692 1385 4740; x_wconf 89' lang='lat' dir='ltr'>suut</span> <span class='ocrx_word' id='word_1_341' title='bbox 1405 4687 1454 4740; x_wconf 89' lang='lat' dir='ltr'>Dei</span> <span class='ocrx_word' id='word_1_342' title='bbox 1472 4687 1639 4742; x_wconf 82' lang='lat' dir='ltr'>exsistentia.</span> 
     </span>
     <span class='ocr_line' id='line_1_39' title="bbox 395 4774 1638 4844; baseline -0.002 -14"><span class='ocrx_word' id='word_1_343' title='bbox 395 4777 477 4830; x_wconf 89' lang='lat' dir='ltr'>animi</span> <span class='ocrx_word' id='word_1_344' title='bbox 503 4777 589 4831; x_wconf 90' lang='lat' dir='ltr'>nostri</span> <span class='ocrx_word' id='word_1_345' title='bbox 616 4777 820 4837; x_wconf 82' lang='lat' dir='ltr'>immortalitas,</span> <span class='ocrx_word' id='word_1_346' title='bbox 847 4775 907 4830; x_wconf 91' lang='lat' dir='ltr'>boni</span> <span class='ocrx_word' id='word_1_347' title='bbox 935 4776 1054 4844; x_wconf 88' lang='lat' dir='ltr'>malique</span> <span class='ocrx_word' id='word_1_348' title='bbox 1080 4774 1190 4829; x_wconf 87' lang='lat' dir='ltr'>moralis</span> <span class='ocrx_word' id='word_1_349' title='bbox 1209 4775 1388 4829; x_wconf 80' lang='lat' dir='ltr'>differentia‘.</span> <span class='ocrx_word' id='word_1_350' title='bbox 1425 4775 1467 4828; x_wconf 88' lang='lat' dir='ltr'>De</span> <span class='ocrx_word' id='word_1_351' title='bbox 1485 4792 1539 4844; x_wconf 90' lang='lat' dir='ltr'>qua</span> <span class='ocrx_word' id='word_1_352' title='bbox 1558 4793 1586 4828; x_wconf 88' lang='lat' dir='ltr'>re</span> <span class='ocrx_word' id='word_1_353' title='bbox 1605 4775 1638 4828; x_wconf 84' lang='lat' dir='ltr'>af.</span> 
     </span>
     <span class='ocr_line' id='line_1_40' title="bbox 396 4864 819 4919; baseline 0 -1"><span class='ocrx_word' id='word_1_354' title='bbox 396 4865 503 4919; x_wconf 84' lang='lat' dir='ltr'>Deerat.</span> <span class='ocrx_word' id='word_1_355' title='bbox 524 4865 543 4918; x_wconf 93' lang='lat' dir='ltr'>l.</span> <span class='ocrx_word' id='word_1_356' title='bbox 564 4864 665 4919; x_wconf 78' lang='lat' dir='ltr'>concil.</span> <span class='ocrx_word' id='word_1_357' title='bbox 686 4864 819 4918; x_wconf 87' lang='lat' dir='ltr'>Vaticani.</span> 
     </span>
    </p>

    <p class='ocr_par' dir='ltr' id='par_1_8' title="bbox 485 4951 1225 5016">
     <span class='ocr_line' id='line_1_41' title="bbox 485 4951 1225 5016; baseline -0.003 -11"><span class='ocrx_word' id='word_1_358' title='bbox 485 4951 496 4985; x_wconf 90' lang='lat'><strong>¹</strong></span> <span class='ocrx_word' id='word_1_359' title='bbox 516 4951 555 5005; x_wconf 88' lang='lat' dir='ltr'>Cl.</span> <span class='ocrx_word' id='word_1_360' title='bbox 578 4953 604 5004; x_wconf 82' lang='lat' dir='ltr'>S.</span> <span class='ocrx_word' id='word_1_361' title='bbox 629 4953 728 5016; x_wconf 69' lang='lat' dir='ltr'>ttoni,</span> <span class='ocrx_word' id='word_1_362' title='bbox 749 4952 849 5005; x_wconf 84' lang='lat' dir='ltr'>Contra</span> <span class='ocrx_word' id='word_1_363' title='bbox 868 4953 948 5006; x_wconf 74' lang='lat' dir='ltr'>(ient.</span> <span class='ocrx_word' id='word_1_364' title='bbox 968 4951 986 5004; x_wconf 86' lang='lat' dir='ltr'>l.</span> <span class='ocrx_word' id='word_1_365' title='bbox 1007 4951 1032 5014; x_wconf 89' lang='lat'>3,</span> <span class='ocrx_word' id='word_1_366' title='bbox 1051 4968 1074 5005; x_wconf 87' lang='lat' dir='ltr'>c.</span> <span class='ocrx_word' id='word_1_367' title='bbox 1096 4951 1145 5005; x_wconf 84' lang='grc'>113</span> <span class='ocrx_word' id='word_1_368' title='bbox 1167 4953 1225 5006; x_wconf 81' lang='lat'>114.</span> 
     </span>
    </p>
   </div>
   <div class='ocr_carea' id='block_1_7' title="bbox 0 0 1966 5842">
    <p class='ocr_par' dir='ltr' id='par_1_9' title="bbox 0 0 1966 5842">
     <span class='ocr_line' id='line_1_42' title="bbox 0 0 1966 5842; baseline 0 0"><span class='ocrx_word' id='word_1_369' title='bbox 0 0 1966 5842; x_wconf 95' lang='lat' dir='ltr'> </span> 
     </span>
    </p>
   </div>
  </div>
 </body>
</html>
