3909 5842
589 667 630 721 De
648 668 770 723 eiusdem
790 668 966 738 expansionis
985 666 1091 723 obiecto
1109 666 1225 721 formali.
1485 670 1527 733 25

265 848 438 915 terminus
459 847 649 914 tendentiae
672 847 835 914 naturalis
857 846 958 915 habet
981 844 1142 912 rationem
1161 844 1236 911 boni
1254 844 1409 923 (Axioma
1424 844 1527 927 XIV),

266 954 309 1020 id
332 954 482 1039 proxime
505 958 631 1020 certum
655 956 721 1019 est:
750 951 909 1018 eiusmodi
933 951 1095 1017 obiectum
1119 950 1258 1017 formale
1281 952 1341 1016 sub
1365 950 1528 1017 communi

268 1061 406 1127 rationo
428 1062 503 1127 boni
525 1060 694 1129 contineri.
741 1059 838 1127 Unde
859 1058 909 1125 ita
931 1058 1122 1127 ratiocinari
1145 1058 1239 1124 licet:
1271 1058 1333 1125 Est
1362 1058 1441 1123 illud
1470 1061 1529 1123 ant

268 1166 397 1233 bonum
418 1168 546 1253 finitam
569 1167 642 1233 sive
663 1166 864 1251 particulare
887 1165 958 1231 sive
977 1166 1176 1248 genoricum,
1200 1168 1259 1230 aut
1274 1166 1446 1247 infinitum,
1470 1168 1529 1231 aut

269 1274 408 1338 demum
438 1275 554 1339 bonam
582 1277 756 1341 aniomim
787 1282 816 1338 et
842 1276 1006 1355 latissime,
1038 1272 1259 1339 abstrahendo
1283 1272 1324 1336 ab
1348 1270 1435 1337 omni
1458 1272 1529 1337 eius

269 1380 552 1447 determinatione
580 1380 652 1445 sive
680 1380 774 1447 finita
802 1379 875 1445 sive
904 1379 1050 1455 infinita;
1081 1378 1165 1443 alius
1196 1377 1282 1443 enim
1312 1376 1427 1443 modus
1451 1398 1528 1442 cou-

269 1486 418 1571 cipiendi
434 1486 554 1553 bonum
571 1508 636 1553 nou
652 1488 760 1555 datur.
795 1490 896 1573 Atqui
911 1490 1063 1553 neutrum
1081 1507 1123 1553 ex
1138 1484 1302 1569 prioribus
1318 1504 1391 1549 esse
1406 1486 1527 1569 potest.

371 1594 399 1657 1.
424 1592 497 1659 Non
520 1595 636 1659 bonum
655 1594 791 1677 finitum,
817 1592 1002 1675 etquidem
1025 1590 1060 1673 a)
1084 1614 1147 1658 noo
1166 1592 1364 1679 particulare
1369 1614 1383 1673 ,·
1406 1589 1527 1655 etenim

268 1699 402 1764 nullum
425 1700 624 1783 particulare
647 1700 773 1765 finitum
796 1699 845 1765 ita
868 1699 1034 1779 adaequat
1054 1697 1237 1763 voluntatis
1253 1696 1466 1775 tendentium,
1491 1700 1529 1760 ut

269 1826 342 1869 non
374 1806 511 1871 ulterius
541 1806 583 1873 ad
613 1806 680 1872 alia
709 1806 896 1890 appetenda
925 1804 1048 1887 iugiter
1077 1804 1231 1888 progredi
1260 1802 1381 1887 possit;
1413 1806 1529 1867 contra
1623 1798 1625 1803 ’

269 1916 347 1976 tam
369 1910 424 1977 diu
448 1911 517 1977 eius
540 1912 708 1996 appetitus
730 1910 869 1977 ulterius
900 1910 1111 1991 sollicitatur,
1143 1910 1297 1993 quamdiu
1329 1908 1450 1992 aliquid
1482 1906 1528 1972 illi

269 2021 452 2101 praeterea
480 2018 657 2103 appetibile
684 2038 856 2103 superesse
884 2018 1014 2083 ratione
1047 2016 1229 2101 concipitur
1259 2014 1414 2096 (Axioma
1441 2012 1526 2095 XX).

271 2124 370 2205 Ergo
398 2123 480 2191 illud
507 2124 541 2189 in
571 2146 608 2191 se
630 2126 798 2191 continere
822 2124 936 2207 nequit
959 2124 1121 2191 rationem
1147 2124 1316 2189 formalem
1341 2122 1528 2207 appetibili·

270 2230 360 2297 tatis
384 2231 526 2297 omnium
549 2231 750 2299 obiectorum
780 2231 1018 2308 materialium,
1049 2232 1083 2297 in
1108 2252 1191 2315 quae
1215 2234 1369 2298 voluntas
1398 2251 1527 2296 succes-

270 2336 350 2401 sive
372 2336 508 2403 tendere
531 2338 645 2421 possit.
668 2378 713 2387 —
737 2340 771 2418 b)
793 2361 856 2405 non
878 2343 1069 2424 ponerioom,
1093 2339 1113 2405 i.
1137 2360 1165 2405 e.
1191 2338 1370 2404 communis
1395 2342 1429 2403 et
1452 2338 1527 2403 abs·

269 2446 390 2510 tracta
413 2444 499 2510 ratio
521 2444 598 2510 boni
628 2444 711 2511 finiti
740 2448 872 2511 tantum
901 2450 936 2511 et
959 2446 1126 2511 exclusive
1149 2444 1236 2513 talis.
1283 2444 1370 2511 Nam
1395 2442 1428 2507 vi
1451 2464 1528 2528 pro-

270 2548 449 2632 portionis,
474 2571 558 2632 quae
579 2556 631 2617 est
653 2550 740 2617 inter
755 2551 989 2634 expansionem
1014 2559 1049 2619 et
1072 2551 1364 2637 apprehensionem
1388 2554 1528 2616 naturae

271 2654 441 2721 humanae
471 2655 636 2740 propriam
664 2656 820 2737 (Axioma
848 2657 922 2738 IX),
954 2658 1117 2724 obiectum
1146 2656 1285 2724 formale
1318 2656 1528 2742 expansionis

271 2760 394 2844 nequit
416 2782 489 2826 esse
513 2758 636 2829 arctius
659 2763 938 2849 circumscriptum
963 2786 1061 2847 quam
1078 2764 1241 2831 obiectum
1262 2764 1529 2850 apprehensionis

272 2888 339 2933 seu
367 2868 625 2951 intellegentiae.
671 2870 741 2935 Iam
764 2891 844 2935 vero
867 2870 963 2936 homo
988 2870 1107 2937 mentis
1131 2870 1321 2956 operatione
1345 2892 1366 2937 a
1389 2868 1529 2952 cognitis

271 2974 381 3040 finitis
393 2976 492 3041 etiarn
504 2976 545 3041 ad
558 2976 665 3041 ideam
678 2976 795 3041 infiniti
809 2977 1008 3042 naturaliter
1020 2978 1197 3043 ascendere
1208 2978 1308 3055 valet,
1322 2980 1357 3042 et
1372 2976 1466 3041 huius
1479 2974 1528 3039 in·

271 3082 367 3147 tuitu
379 3087 554 3166 conceptus
567 3084 653 3149 entis
665 3083 843 3149 communis
856 3088 908 3150 eet
924 3084 1153 3166 ,analogus“
1171 3086 1215 3167 (n.
1230 3084 1296 3167 40).
1322 3084 1411 3166 Ergo
1425 3105 1444 3149 a
1457 3083 1528 3166 pari

274 3193 518 3271 consequenter
533 3190 575 3256 ad
589 3190 680 3257 illam
696 3190 815 3256 mentis
832 3191 1056 3274 operationem
1071 3192 1104 3256 in
1117 3192 1299 3257 voluntatis
1318 3190 1444 3257 obiecto
1462 3188 1528 3254 ior-

273 3294 356 3359 mnli
380 3294 479 3362 etiam
504 3296 588 3363 ratio
612 3297 865 3381 appetibilitatis
880 3297 957 3363 boni
972 3297 1129 3365 infiniti
1146 3298 1206 3363 suh
1222 3296 1384 3363 communi
1400 3296 1528 3361 ratione

274 3400 357 3467 boni
380 3402 676 3487 comprehenditur.

370 3511 401 3574 2.
432 3508 507 3573 Non
536 3511 651 3575 bonum
682 3512 842 3593 infinitum
874 3512 1083 3576 determinate
1113 3518 1293 3596 eunqolom,⁸
1326 3509 1410 3575 hanc
1443 3508 1528 3573 euim

275 3612 476 3698 hypothesin
508 3614 684 3682 admittere
714 3616 800 3682 idem
831 3622 919 3683 esset
949 3638 988 3682 ac
1014 3616 1102 3681 circa
1125 3616 1283 3699 originem
1308 3614 1529 3698 cognitionum

275 3726 468 3789 nostrarum
498 3721 643 3805 profiteri
673 3726 821 3806 systema
844 3724 1054 3808 ontolopismi‚
1084 3722 1169 3807 quod
1194 3728 1227 3789 et
1250 3720 1472 3807 philosophice
1495 3724 1530 3787 et

275 3828 465 3910 theologice
487 3828 607 3895 falsum
632 3850 706 3895 esse
729 3830 807 3896 alibi
831 3830 1086 3896 demonstratur.
1135 3830 1370 3911 Ontologorum
1400 3830 1528 3913 quippe,

276 3941 356 4003 utut
387 3935 541 4018 loquendi
573 3936 669 4001 modo
698 3936 786 4002 inter
815 3956 851 4001 se
881 3935 1052 4014 differunt,
1086 3936 1147 4001 hoc
1179 3940 1291 4002 tamen
1321 3933 1427 4017 quoad
1460 3954 1528 3999 rem

277 4062 452 4109 commune
478 4042 599 4126 dogma
628 4048 696 4110 est:
726 4044 849 4109 nullum
875 4064 949 4109 esse
978 4044 1180 4127 particulare
1210 4043 1347 4109 anobis
1378 4040 1529 4123 cognosci

275 4147 342 4213 nisi
372 4146 408 4212 vi
437 4147 620 4214 intuitionis
648 4149 751 4233 ipsius
775 4171 848 4216 esse
872 4149 1014 4216 absoluti
1045 4148 1078 4215 in
1105 4152 1216 4215 mente
1239 4152 1354 4215 nostra
1384 4146 1530 4214 anterius

277 4254 521 4331 admittendae,
546 4260 581 4320 et
607 4254 697 4334 hino,
722 4255 807 4338 quod
822 4256 941 4339 ‘logice
964 4255 1063 4339 plene
1086 4276 1289 4338 consequens
1312 4259 1380 4332 est,
1404 4254 1529 4319 nullum

277 4362 401 4425 bonum
429 4362 629 4445 particulare
659 4362 875 4428 avolantate
898 4362 1095 4427 naturaliter
1118 4360 1230 4445 appeti
1259 4360 1321 4426 nisi
1345 4360 1379 4425 vi
1402 4358 1530 4443 appeti-

277 4466 379 4534 tionis
402 4468 478 4533 boni
501 4468 642 4534 absoluti
666 4468 812 4534 anterius
836 4468 1077 4553 supponendae.
1114 4467 1224 4551 Atque
1239 4468 1287 4534 ita
1303 4488 1393 4542 sane,
1418 4486 1530 4548 quem·

277 4574 457 4639 admodum
492 4574 631 4640 formale
665 4574 827 4641 obiectum
865 4574 1028 4640 hnmanae
1065 4574 1333 4659 apprehensionis
1369 4570 1530 4639 naturalis

278 4680 408 4746 faciunt
437 4680 541 4764 ipsum
572 4700 644 4746 esse
674 4682 873 4758 absolutum,
904 4682 954 4747 ita
984 4686 1018 4747 et
1047 4682 1185 4747 formale
1213 4680 1374 4747 obiectum
1405 4699 1529 4761 expan-

278 4786 382 4852 sionis
412 4787 519 4869 logica
548 4787 748 4855 necessitate
777 4788 809 4854 in
840 4788 924 4854 bono
953 4789 1114 4867 absoluto,
1145 4788 1292 4870 adeoque
1319 4786 1445 4853 infinito
1474 4785 1530 4850 de·

278 4893 458 4958 terminate
480 4898 621 4977 sumpto,
645 4913 804 4977 reponere
820 4898 992 4976 coguntur.
1027 4894 1183 4961 Similiter
1198 4898 1318 4973 autem,
1344 4893 1399 4976 qui
1414 4893 1530 4959 volun·

278 4999 360 5065 tatis
383 5000 547 5065 humanae
564 4999 703 5066 formale
719 5000 882 5067 obiectum
904 5001 1011 5085 ipsum
1036 5001 1153 5067 bonum
1172 5001 1333 5068 infinitum
1350 5022 1423 5068 esse
1438 5000 1529 5079 velit,
