3909 5842
404 683 464 747 198
618 679 707 734 Sectio
727 679 746 731 1.
785 677 865 731 Liber
884 678 930 733 llI.
967 679 1056 748 Caput
1075 679 1096 732 l.
1133 676 1274 732 Articulua
1295 680 1324 732 1..
1355 678 1414 746 §L

489 855 577 930 Unde
601 857 835 930 concludimus:

401 961 469 1034 223.
559 963 583 1030 I.
610 963 851 1047 Obligationem
875 967 1033 1032 moralem
1049 965 1214 1030 vinculum
1230 985 1384 1030 essenon
1400 985 1490 1030 mere
1505 969 1652 1052 lopicnm,

401 1091 465 1152 quo
489 1070 675 1136 intellectus
698 1071 730 1136 in
755 1070 927 1139 iudicando
951 1072 1178 1155 adstringitur,
1202 1072 1261 1137 sed
1282 1071 1446 1137 vinculum
1458 1076 1652 1157 practicam,

401 1177 421 1246 i.
444 1198 472 1243 e.
497 1178 575 1254 tale,
600 1199 663 1259 quo
687 1177 760 1262 ipsa
783 1181 937 1246 voluntas
960 1180 1003 1246 ad
1027 1180 1175 1246 ordinem
1199 1189 1255 1245 ant
1271 1179 1373 1244 libere
1388 1179 1651 1263 prosequendum

401 1291 458 1349 ant
481 1284 678 1350 necessitate
702 1285 905 1352 subeundum
929 1287 1066 1370 ligatum
1091 1323 1136 1334 -
1157 1285 1245 1352 idem
1266 1290 1378 1352 tamen
1404 1285 1569 1350 lincolam
1591 1305 1652 1350 ro-

403 1388 562 1456 luntatem
595 1389 730 1455 liberam
765 1391 930 1474 attingere
960 1413 1025 1457 non
1055 1412 1152 1474 posse
1181 1391 1244 1456 nisi
1273 1390 1441 1457 mediante
1469 1390 1650 1456 intellectu.

401 1494 421 1558 i.
447 1515 474 1560 e.
500 1517 556 1582 ope
580 1497 694 1562 indicii
716 1501 851 1582 practici
874 1501 1021 1579 rationis,
1053 1518 1117 1579 quo
1147 1497 1307 1564 motivum
1337 1496 1567 1580 suppeditatur
1590 1517 1651 1558 vo-

402 1602 522 1670 luntati
547 1623 619 1668 eam
643 1607 808 1670 moraliter
830 1608 944 1690 lipanc.

490 1709 536 1776 Et
568 1729 647 1774 vero
677 1711 719 1776 ad
747 1711 808 1776 hoc
831 1710 968 1778 rationis
992 1709 1156 1787 iudicium,
1187 1711 1273 1792 qnod
1297 1709 1462 1776 voluntati
1486 1729 1522 1774 se
1544 1708 1652 1773 instar

403 1814 589 1898 imperativi
624 1815 757 1883 exbibet
786 1816 881 1899 eique
911 1817 1080 1882 electionis
1110 1815 1285 1882 terminum
1316 1816 1459 1898 aliquem
1482 1818 1649 1896 tamquam

401 1921 526 1988 morale
550 1921 695 1988 debitum
719 1923 786 2004 (ein
810 1923 930 1999 Sollen,
955 1923 1028 1988 eine
1051 1923 1184 2004 Pflicht)
1208 1923 1371 2008 proponit,
1395 1921 1582 2004 requiritur,
1612 1925 1652 1986 ut

403 2027 444 2092 ab
467 2028 636 2094 intellectu
661 2029 862 2113 percipietur
886 2032 1005 2115 duplex
1027 2031 1176 2096 obiectiaa
1206 2033 1395 2096 necessitas:
1424 2028 1458 2110 a)
1482 2031 1652 2095 necmailae

400 2134 476 2216 finis
499 2137 533 2200 in
557 2157 589 2200 ee
614 2144 641 2201 et
669 2140 793 2202 ratione
822 2139 894 2218 sni;
923 2135 956 2218 b)
981 2139 1149 2202 necessitas
1178 2137 1274 2202 medii
1303 2134 1351 2217 (in
1381 2135 1486 2200 libera
1511 2134 1651 2200 hominis

402 2243 570 2322 potestate
593 2241 705 2324 positi)
729 2243 769 2308 ad
795 2242 933 2308 eundem
949 2245 1046 2307 finem
1063 2241 1300 2326 complendum.
1333 2242 1427 2306 Finis
1442 2240 1506 2308 iste
1522 2241 1651 2305 ratione

403 2345 453 2410 sui
477 2347 682 2414 necessarius
706 2349 890 2416 formaliter
914 2369 978 2413 non
1003 2349 1065 2414 nisi
1089 2371 1173 2414 unna
1197 2351 1257 2424 est,
1289 2347 1415 2413 scilicet
1438 2348 1514 2412 ordo
1538 2368 1651 2432 operc-

403 2451 514 2518 biliam
531 2457 732 2538 universalia,
758 2455 812 2537 qui
829 2459 880 2522 est
896 2455 1072 2521 essentiale
1088 2455 1251 2521 obiectum
1267 2453 1439 2520 rationalis
1455 2452 1652 2535 cognitionis

403 2559 492 2641 (vide
515 2581 546 2624 n.
571 2562 613 2624 45
641 2562 718 2641 184)
743 2565 777 2626 et
800 2561 855 2642 qui
879 2581 951 2626 cum
977 2561 1090 2626 eadem
1120 2560 1297 2636 evidentia,
1329 2581 1401 2624 cum
1426 2580 1492 2642 qua
1514 2580 1535 2624 a
1557 2559 1652 2624 nobis

404 2664 592 2748 percipitur,
624 2667 719 2731 simul
743 2667 922 2752 percipitur
945 2671 983 2733 ut
1006 2671 1214 2749 necessarias,
1245 2667 1267 2734 i.
1292 2687 1320 2734 e.
1344 2671 1513 2747 tamquam
1539 2687 1651 2732 essen·

402 2770 482 2835 tiale
505 2771 668 2839 obiectum
692 2773 864 2839 rationalis
889 2773 1071 2840 voluntatis
1096 2772 1379 2855 quemadmodum,
1402 2773 1487 2837 idem
1516 2775 1567 2837 est
1590 2772 1648 2838 ob-

403 2876 524 2943 iectum
549 2879 767 2945 necessarium
791 2880 1020 2947 sanctissimae
1037 2881 1098 2946 Dei
1121 2879 1314 2946 voluntatis.
1346 2881 1452 2946 Medii
1467 2882 1575 2944 autem
1594 2898 1652 2942 ne-

404 2986 537 3051 cessarii
561 2987 722 3052 rationem
745 2987 846 3052 habet
869 2987 955 3054 actio
978 2988 1032 3052 vel
1057 2987 1198 3062 omissio,
1223 3007 1308 3069 quae
1331 2986 1374 3052 ad
1396 2986 1487 3051 illum
1505 2984 1652 3050 ordinem

404 3095 596 3175 comparata
625 3091 830 3174 intellegitur
852 3092 894 3158 ad
918 3093 988 3158 eius
1010 3093 1238 3176 integritatem
1261 3091 1449 3158 necessario
1477 3091 1651 3176 pertinere.

405 3197 478 3264 Hac
509 3198 610 3282 igitur
640 3199 760 3284 duplici
790 3199 989 3266 necessitate
1018 3199 1153 3282 cognita
1182 3220 1247 3265 non
1270 3202 1382 3282 potest
1408 3220 1473 3264 non
1497 3197 1574 3262 oriri
1597 3217 1651 3262 ra-

404 3305 503 3372 tionis
536 3306 702 3389 practicae
734 3309 892 3373 dictamen
925 3309 1134 3390 cumacinam,
1167 3305 1228 3372 hoc
1260 3306 1314 3370 vel
1345 3305 1423 3370 illud
1455 3303 1650 3374 faciendum,

404 3411 491 3477 alind
525 3434 602 3479 vero
634 3414 849 3480 omittendum
881 3435 963 3479 esse.
1011 3413 1106 3478 Unde
1136 3416 1227 3479 recte
1257 3412 1463 3496 Taparellius
1493 3409 1649 3475 moralem

404 3519 638 3601 obligationem
669 3520 797 3586 definit:
834 3519 983 3602 „aliquod
1014 3518 1160 3584 debitum
1189 3518 1352 3585 rationale
1386 3539 1428 3582 ex
1452 3515 1650 3582 necessitate

403 3625 502 3702 finali,
528 3625 547 3690 i.
566 3647 593 3691 o.
611 3647 653 3690 ex
678 3627 865 3691 necessaria
888 3626 1067 3692 conexione
1092 3625 1272 3691 mediorum
1297 3645 1368 3690 curn
1385 3626 1450 3689 fine
1466 3623 1650 3688 necessario

289 3783 291 3788 ,
404 3733 622 3799 resultans.“¹

404 3869 473 3941 224.
566 3874 605 3939 ll.
630 3873 785 3951 Quamvis
810 3875 967 3958 obligatio
991 3896 1056 3940 non
1079 3875 1142 3940 nisi
1158 3897 1220 3958 ope
1235 3873 1344 3938 iudicii
1361 3871 1499 3957 practici
1515 3870 1651 3937 rationis

404 3981 510 4047 induci
536 3982 649 4066 possit,
674 3985 785 4048 tamen
809 3991 998 4048 momentum
1020 3986 1150 4068 proprie
1173 3983 1327 4066 obliqa-na,
1352 3999 1409 4044 seu
1433 3979 1476 4060 id,
1505 3997 1569 4060 quo
1592 3997 1650 4039 vo-

404 4089 515 4154 luntas
538 4089 642 4156 libera
665 4089 833 4156 moraliter
857 4089 1083 4171 adstringitur,
1108 4111 1170 4154 non
1197 4096 1240 4152 est
1259 4089 1404 4152 activitas
1420 4088 1558 4151 rationis
1573 4083 1651 4147 illud

404 4195 556 4260 iudicium
589 4195 801 4272 efformantis,
832 4197 887 4261 scd
918 4204 962 4262 est
992 4198 1064 4278 abac
1094 4195 1262 4259 necessitas
1293 4193 1485 4256 disiunctioa
1509 4191 1651 4255 obiectioe

405 4305 556 4368 exsistens
581 4311 608 4367 cl
631 4305 727 4388 topice
750 4304 902 4385 anterior,
928 4321 1025 4382 quam
1050 4300 1135 4364 ratio
1159 4319 1218 4382 per
1241 4319 1333 4363 suam
1358 4296 1564 4362 nativitatem
1589 4315 1653 4360 non

405 4409 495 4486 facit,
520 4409 576 4474 sed
602 4407 816 4473 exsistentem
841 4407 1019 4489 cognoscit.

405 4545 475 4617 225.
566 4549 623 4614 ΙΙΙ.
648 4549 769 4626 Quodsi
793 4549 874 4613 haec
898 4545 1079 4612 necessitas
1101 4552 1255 4630 respectu
1278 4542 1416 4608 alicuius
1438 4541 1578 4608 actionis
1601 4540 1652 4603 vel

406 4653 589 4722 omissionis
613 4655 822 4738 cognoscitur
845 4674 916 4718 esse
941 4652 1082 4718 fundata
1104 4651 1137 4716 in
1157 4654 1272 4716 ordine
1286 4671 1394 4715 rernm
1411 4650 1580 4714 essentiali.
1606 4645 1653 4710 ita

406 4765 442 4827 ut
466 4761 723 4845 independenter
746 4782 765 4826 a
789 4780 992 4842 quacumque
1016 4757 1188 4822 voluntate
1212 4757 1322 4838 libera,
1351 4755 1422 4820 sive
1446 4757 1557 4819 creata
1582 4753 1652 4816 sive

437 4878 471 4884 -.-
564 4877 717 4884 ——.——...

497 4927 505 4960 ¹
519 4927 666 4994 Taparelll,
676 4924 776 4978 Diritto
786 4927 875 4978 natur.
887 4923 906 4988 1,
917 4925 932 4990 ἓ
944 4925 977 4978 94
990 4925 1065 4991 (llilz
1079 4939 1131 4986 ,un
1141 4921 1241 4976 dovere
1254 4921 1371 4974 secondo
1381 4921 1493 4987 ragione
1507 4917 1651 4972 risuliante

406 5015 440 5070 da
459 5015 523 5069 final
543 5013 686 5071 necessita.
707 5013 764 5066 ciob
784 5013 817 5065 da
835 5013 990 5068 necessaria
1009 5010 1184 5064 concessione
1203 5009 1230 5062 di
1243 5009 1326 5062 mezzi
1340 5025 1389 5062 con
1402 5007 1456 5061 fine
1473 5005 1650 5060 necessaria*
