3909 5842
538 695 578 750 De
596 695 717 750 naturali
735 693 852 750 hominis
870 695 968 750 merito
988 699 1016 749 et
1034 694 1165 784 demeritp
1184 693 1256 764 apud
1275 693 1370 748 Deum.
1514 694 1577 759 185

331 894 370 940 ac
393 873 576 958 praemium
598 873 840 958 possidendum,
865 872 924 939 sod
948 872 1049 939 etiam
1073 875 1111 936 ut
1133 869 1306 954 providum
1328 869 1431 936 totius
1447 868 1581 934 humani

331 983 460 1066 generis
490 984 744 1067 gubernatorem
774 987 809 1050 et
838 1003 967 1066 regem:
1000 981 1079 1046 nihil
1109 979 1260 1065 impedit,
1292 979 1464 1063 quominus
1492 978 1580 1044 inter

332 1092 436 1158 Deum
468 1096 502 1159 et
531 1092 694 1158 hominem
725 1092 836 1175 aliqua
865 1092 969 1159 veluti
997 1092 1156 1157 bonorum
1178 1087 1346 1174 proportio
1370 1093 1579 1172 agnoscatur,

333 1205 365 1268 tu
390 1203 447 1268 illo
470 1204 543 1287 ipso
566 1201 678 1268 diuino
701 1203 904 1268 ordinatione
922 1202 1067 1284 frondator
1083 1221 1122 1265 ac
1137 1199 1250 1264 divina
1264 1199 1424 1264 fidelitate
1438 1199 1580 1264 firmata.

271 1385 273 1389 .
332 1309 374 1375 Vi
397 1308 503 1389 huius,
528 1313 565 1374 ut
588 1315 679 1377 recte
702 1311 859 1377 observat
876 1309 908 1376 S.
926 1309 1080 1388 Thomas,
1108 1311 1265 1390 ,uterque
1280 1312 1316 1374 et
1330 1308 1420 1374 Deus
1435 1311 1471 1374 et
1484 1307 1582 1374 homo

332 1419 488 1499 operatur
510 1415 688 1481 secundum
711 1415 843 1482 modum
866 1439 969 1484 suum.
1012 1415 1130 1481 Modus
1153 1419 1264 1480 autern
1288 1417 1323 1480 et
1345 1435 1498 1480 mensura
1521 1413 1582 1479 hu·

331 1542 449 1588 manaa
472 1521 605 1590 virtutis
628 1523 750 1589 homini
774 1529 826 1590 est
849 1523 966 1592 aDeo.
998 1523 1044 1589 Et
1066 1522 1139 1588 ideo
1161 1521 1315 1589 meritum
1330 1519 1471 1587 hominis
1493 1521 1581 1604 apud

332 1629 437 1696 Deum
461 1652 534 1698 esse
558 1653 622 1698 non
645 1637 767 1716 potest,
799 1633 861 1699 nisi
885 1633 1063 1699 secundum
1086 1631 1427 1717 praesuppositionem
1450 1629 1582 1696 divinae

332 1739 563 1821 ordinationis;
588 1744 636 1810 ita
659 1745 794 1824 scilicet,
819 1749 856 1810 ut
879 1745 911 1810 id
935 1744 1032 1810 homo
1056 1747 1276 1826 consequatur
1291 1762 1313 1808 a
1327 1742 1398 1808 Deo
1413 1763 1474 1826 per
1488 1762 1582 1808 suam

332 1851 556 1934 operationem
580 1853 674 1937 quasi
698 1854 892 1933 mercedem,
917 1854 958 1920 ad
983 1853 1069 1937 quod
1084 1855 1174 1919 Deus
1198 1853 1228 1918 ei
1251 1852 1408 1920 virtutem
1425 1851 1583 1936 operandi

333 1959 561 2045 deputavit.“¹
592 1962 869 2040 Quemadmodum
893 1983 1011 2047 nempe
1034 1962 1187 2029 meritum
1210 1962 1351 2028 hominis
1374 1961 1461 2046 apud
1476 1962 1582 2028 Deum

333 2073 583 2153 supernaturale
606 2071 738 2138 fundari
755 2076 886 2140 constat
901 2073 934 2138 in
947 2076 1087 2159 positiva
1102 2073 1165 2138 Dei
1179 2072 1395 2156 promissione
1411 2074 1446 2137 et
1461 2072 1580 2155 gratia,

333 2178 381 2244 ita
417 2179 569 2248 similiter
604 2182 756 2248 meritum
789 2182 876 2248 illius
908 2184 1062 2250 naturale
1095 2183 1226 2248 fundari
1258 2182 1429 2248 dicendum
1462 2186 1514 2247 est
1547 2181 1580 2246 iu

333 2289 474 2370 quadam
504 2292 608 2358 veluti
635 2295 845 2378 promissione
868 2293 930 2358 Dei
959 2295 1115 2376 naturali,
1145 2292 1166 2358 i.
1191 2313 1219 2358 e.
1244 2313 1264 2357 a
1286 2293 1357 2358 Deo
1384 2295 1422 2357 ut
1445 2294 1580 2356 auctore

333 2403 472 2465 naturae
502 2399 593 2468 facta
623 2403 722 2467 stab
745 2401 876 2467 homine
899 2401 1021 2467 lumine
1043 2401 1182 2468 rationis
1205 2401 1348 2485 cognita.
1394 2400 1440 2466 Et
1461 2420 1580 2465 revera

333 2507 409 2573 talis
426 2509 557 2576 divinae
572 2510 797 2594 promissionis
813 2512 975 2578 naturalis
991 2511 1153 2578 rationem
1169 2511 1271 2577 habet
1285 2511 1343 2576 illa
1358 2509 1421 2576 Dei
1436 2509 1579 2576 creantis

333 2617 575 2700 sapientissima
604 2642 643 2686 ao
673 2621 902 2689 liberalissima
932 2622 1105 2700 ordinatio,
1138 2642 1203 2704 qua
1225 2622 1257 2688 in
1282 2621 1435 2687 universo
1459 2620 1579 2685 mundo

333 2730 444 2793 creato
475 2729 621 2796 ordinem
653 2735 792 2798 naturae
822 2731 1167 2815 eudaemonologioum
1198 2752 1271 2796 cum
1301 2731 1414 2796 ordine
1443 2729 1580 2796 deouto·

332 2836 438 2920 logico
454 2839 664 2924 inseparabili
679 2862 766 2907 nexu
783 2842 944 2908 obiective
961 2842 1168 2908 coniunctum
1186 2842 1300 2908 voluit.
1324 2841 1368 2906 Vi
1382 2839 1478 2906 huius
1493 2839 1579 2905 enim

333 2968 467 3014 necesse
491 2955 551 3030 est,
578 2955 623 3028 ut,
649 2952 844 3035 quicumque
868 2957 901 3019 et
925 2957 1088 3035 quatenus
1107 2953 1226 3018 bonum
1242 2952 1367 3017 morale
1382 2951 1487 3017 libera
1501 2971 1580 3034 ope·

333 3059 461 3126 ratione
491 3061 709 3144 prosequitur,
739 3063 825 3128 idem
850 3067 884 3128 et
907 3067 1045 3130 eatenus
1067 3062 1101 3127 in
1124 3083 1183 3128 suo
1206 3061 1339 3147 proprio
1363 3066 1397 3129 et
1419 3081 1499 3127 vero
1521 3081 1581 3126 na·

333 3171 428 3234 turae
452 3170 537 3236 bono
560 3171 710 3254 proficiat
733 3192 876 3254 suaeque
896 3171 1091 3256 perfectioni
1106 3193 1145 3238 ac
1160 3171 1315 3238 felicitati
1330 3171 1579 3256 appropinquet,

334 3280 449 3344 contra
480 3299 575 3358 vero,
609 3280 650 3346 ab
683 3301 724 3346 ea
754 3281 890 3349 recedat
921 3303 959 3348 eo
992 3282 1063 3365 ipso
1097 3287 1131 3348 et
1163 3284 1314 3350 eatenus.
1347 3285 1509 3362 quatenus
1540 3281 1580 3346 ad

333 3389 455 3454 malum
484 3391 609 3456 morale
640 3391 791 3460 declinet.
843 3392 1012 3458 Habemus
1040 3391 1143 3474 igitur
1172 3391 1206 3456 in
1235 3412 1344 3456 rerum
1374 3393 1494 3456 natura
1523 3410 1582 3454 ex·

333 3518 479 3581 pressam
511 3503 546 3566 et
568 3500 682 3566 lumini
705 3501 843 3567 rationis
867 3503 1110 3585 promulgatam
1134 3503 1198 3567 Del
1220 3504 1360 3566 creantis
1382 3503 1583 3580 voluntatem,

333 3627 399 3689 qua
421 3607 506 3674 idem
530 3609 660 3686 bonum,
686 3611 772 3693 quod
796 3611 889 3677 nobis
913 3617 950 3679 ut
974 3612 1097 3678 debitus
1120 3610 1282 3678 naturalis
1305 3609 1495 3676 tendentiae
1509 3608 1584 3674 finis

332 3717 536 3801 praefigitur,
568 3719 664 3785 simul
693 3724 731 3786 ut
758 3721 940 3804 praemium
964 3721 1165 3806 operationis
1188 3720 1357 3787 moraliter
1380 3720 1486 3786 bonae
1508 3740 1584 3803 pro·

333 3827 409 3910 poni
432 3827 566 3910 placuit.

423 3945 533 4026 Atque
564 3943 623 4024 ita,
654 3965 850 4028 quamquam
881 3945 1022 4012 hominis
1044 3967 1126 4030 erga
1149 3948 1253 4012 Deum
1276 3965 1382 4029 nequo
1404 3945 1455 4010 ius
1478 3963 1584 4026 neque

334 4053 486 4119 meritum
523 4075 596 4121 esse
627 4056 733 4138 possit
765 4059 958 4142 simpliciter,
992 4061 1167 4139 utrumque
1199 4061 1312 4123 tamen
1344 4053 1520 4121 convenire
1552 4054 1580 4118 ei

333 4165 446 4244 potest
468 4165 642 4229 secundum
666 4165 766 4250 quid;
786 4165 883 4246 idque
907 4187 980 4231 cum
1004 4166 1084 4230 iuris
1100 4165 1203 4231 divini
1218 4164 1419 4249 plenitudine
1434 4163 1582 4247 perfecte

334 4272 507 4338 consentit.
555 4271 701 4338 Tametsi
734 4273 819 4338 enim
852 4275 1022 4358 supposita
1054 4274 1112 4340 illa
1144 4273 1256 4340 divina
1288 4272 1507 4350 ordinatione,
1541 4272 1581 4351 ei,

334 4379 388 4462 qui
412 4381 495 4446 bene
518 4381 598 4464 agit,
630 4403 669 4448 eo
692 4383 764 4466 ipso
789 4385 919 4449 detetur
942 4383 1107 4450 assecutio
1130 4382 1217 4462 boni,
1249 4383 1289 4461 ei,
1313 4383 1369 4466 qui
1391 4383 1478 4448 malo
1501 4383 1581 4465 agit,

334 4489 456 4556 malum
485 4513 544 4557 seu
574 4494 647 4559 toni
674 4496 823 4578 priuatis,
855 4514 1062 4576 nequaquam
1085 4497 1196 4560 tamen
1221 4493 1253 4558 id
1277 4495 1408 4578 homini,
1439 4493 1497 4558 sed
1520 4493 1583 4558 siti

334 4603 397 4685 ipsi
420 4601 509 4666 Deus
539 4601 658 4667 debere
686 4601 842 4667 dicendus
865 4608 926 4682 est,
958 4624 1037 4669 suae
1060 4603 1211 4668 nimirum
1236 4603 1429 4687 sapientiae,
1460 4603 1582 4669 sancti-

335 4710 397 4776 tati
422 4732 461 4776 ac
484 4711 667 4778 fidelitati2.
716 4711 786 4778 Hoc
810 4733 908 4778 sensu
932 4713 1109 4779 asseritur:

335 4861 424 4870 -—-.-

426 4939 435 4971 1

425 4939 770 5098 almam
