3909 5842
437 705 501 772 388
657 699 747 756 Sentio
766 700 799 754 II.
837 699 917 754 Liber
935 699 970 754 ll.
1007 698 1096 770 Caput
1115 699 1135 753 l.
1172 697 1313 753 hdculus
1332 698 1358 752 3.
1396 697 1469 766 §3-

436 884 581 948 diaersas
596 899 754 965 personas
770 877 905 958 inducit,
922 877 1073 960 quaestio
1089 881 1255 944 movetur:
1272 879 1383 942 utrum
1395 874 1675 942 universimetiau

434 989 468 1054 in
491 1007 557 1055 una
580 985 759 1068 eademque
781 1005 924 1070 persona
945 983 1099 1062 humana,
1124 983 1266 1066 quaeri
1289 983 1413 1049 ordinis
1436 982 1676 1050 rationalistss

435 1095 559 1164 iuribus
582 1101 648 1158 tam
671 1091 787 1156 officiis
810 1089 993 1168 instruitur,
1017 1089 1091 1155 iura
1113 1089 1230 1156 officiis
1252 1090 1445 1172 catologice
1463 1093 1504 1156 et
1520 1089 1680 1172 logicam·

435 1200 571 1268 terioris
601 1197 768 1264 aestimari
796 1201 940 1280 queant?
964 1229 1009 1240 -
1031 1196 1189 1278 negative
1211 1197 1343 1262 omnino'
1365 1195 1639 1281 respondendum
1657 1208 1680 1258 er

436 1306 636 1374 contrarium
661 1304 871 1370 asserendum
896 1307 957 1370 est.
983 1339 1026 1350 -
1045 1303 1177 1370 Etenim
1199 1303 1324 1369 nullum
1340 1303 1494 1369 hominis
1510 1301 1576 1380 ius,
1599 1321 1682 1383 quan·

435 1413 559 1482 tumvis
581 1411 804 1495 originarium,
829 1431 901 1476 esse
922 1410 975 1476 vel
993 1410 1071 1475 oriri
1087 1413 1199 1492 potest
1214 1409 1276 1475 nisi
1292 1410 1326 1474 vi
1342 1409 1566 1475 fundamenti
1580 1407 1683 1493 proprii

435 1519 617 1596 rationalia,
642 1517 729 1600 quod
751 1517 784 1582 in
810 1537 888 1582 vero
911 1517 992 1582 iuris
1015 1517 1112 1584 titulo
1131 1517 1231 1582 situm
1247 1520 1308 1584 est.
1348 1517 1468 1583 Omnis
1487 1520 1606 1582 autem
1621 1513 1683 1579 iuris

435 1627 551 1694 titulus
575 1628 740 1691 anteriora
769 1623 931 1706 quaedam
961 1623 1130 1706 generalia
1160 1623 1299 1690 hominis
1329 1623 1441 1688 officia
1474 1621 1683 1708 supponitis

435 1733 540 1816 iisque
562 1729 718 1797 fundetur
741 1733 882 1814 oportet.
922 1729 967 1796 Et
990 1750 1079 1804 sane,
1103 1729 1267 1796 hominem
1289 1728 1477 1796 inviolabili
1503 1730 1621 1813 aliqua
1639 1748 1683 1811 po

434 1843 559 1908 testate
590 1837 630 1902 de
660 1837 757 1902 rebus
790 1840 824 1902 et
847 1835 1030 1902 actionibus
1053 1836 1155 1902 libers
1177 1836 1370 1920 disponendi
1392 1837 1594 1921 praeditum
1617 1855 1682 1900 sese.

435 1965 540 2032 neque
564 1948 601 2010 ut
624 1943 754 2026 aliquod
778 1943 903 2010 factum
927 1963 987 2030 per
1009 1964 1045 2009 se
1060 1941 1350 2009 indemonstrabile
1366 1963 1477 2026 neque
1496 1946 1540 2008 ut
1553 1942 1645 2026 finem
1658 1943 1683 2003 in

435 2076 468 2122 se
490 2052 618 2119 ratione
633 2049 685 2118 eui
700 2049 933 2128 necessarium,
958 2049 1016 2116 sod
1032 2050 1137 2116 solum
1154 2053 1191 2116 ut
1206 2051 1343 2116 mediam
1362 2049 1405 2115 ad
1420 2050 1589 2116 altiorem
1602 2051 1683 2114 tinen

435 2157 620 2226 necessario
651 2155 843 2238 requisitum
874 2156 1089 2240 concipimus;
1121 2160 1155 2222 et
1181 2155 1234 2220 hic
1257 2155 1388 2238 quidem
1412 2155 1520 2222 altior
1545 2155 1631 2232 finis,
1656 2166 1683 2216 ut

435 2287 478 2332 ex
501 2285 600 2349 supra
623 2262 857 2328 demonstratis
880 2263 994 2346 liquet,
1019 2262 1167 2346 proxime
1189 2262 1316 2346 inipso
1340 2271 1423 2328 recto
1445 2265 1572 2329 sociali
1585 2263 1680 2328 ordin

329 2453 332 2460 Δ
436 2394 477 2439 sx
507 2374 617 2437 mente
647 2369 749 2435 divini
780 2369 979 2451 legislatoris
1010 2369 1170 2448 consistit,
1200 2370 1243 2435 ad
1274 2390 1369 2452 quem
1399 2390 1460 2453 pro
1486 2391 1555 2436 sua
1579 2371 1680 2433 natura

436 2477 590 2546 rationali
622 2479 656 2544 et
688 2475 802 2542 sociali
830 2476 1056 2562 complendum
1080 2475 1177 2542 homo
1201 2475 1423 2542 essentialiter
1445 2476 1639 2541 destinatur
1657 2476 1681 2535 et

435 2587 603 2671 obliqatnr.
651 2582 767 2664 Itaque
797 2582 947 2648 obiectioa
971 2585 1065 2665 ratic,
1097 2583 1137 2647 ob
1161 2603 1259 2664 quarn
1282 2582 1405 2646 homini
1428 2584 1601 2664 quaedam
1623 2581 1679 2644 iura

436 2694 621 2774 compatere
634 2688 668 2752 vi
679 2686 762 2769 legis
775 2688 936 2753 naturalis
947 2687 1169 2754 necessarium
1181 2708 1254 2753 esse
1266 2688 1467 2772 agnoscitur,
1481 2689 1552 2755 huc
1565 2689 1679 2752 demun

435 2797 539 2862 redit:
571 2796 648 2881 qnia
679 2801 764 2858 recta
788 2797 872 2858 ratio
896 2795 1045 2880 intelteqit
1074 2795 1228 2859 hominem
1252 2816 1346 2859 snam
1369 2795 1514 2878 officiam
1540 2793 1678 2860 naturale

435 2905 574 2969 maxima
589 2901 803 2984 aricinarium
822 2903 1036 2982 etessnrtiale,
1053 2923 1113 2986 qno
1125 2909 1287 2986 tamquam
1299 2922 1355 2966 ens
1367 2903 1539 2984 rationale,
1558 2903 1678 2967 liberum

436 3017 463 3075 et
493 3009 606 3074 sociale
637 3007 681 3071 ad
704 3029 796 3072 suam
818 3009 913 3092 finem
937 3011 1083 3073 nltimam
1106 3009 1291 3074 contendere
1313 3009 1480 3094 oblinatur,
1513 3009 1679 3093 adimplere

435 3139 499 3182 non
520 3136 623 3201 posse,
648 3116 713 3178 nisi
735 3115 785 3179 illi
808 3115 853 3179 ad
876 3115 931 3180 hcc
952 3117 1058 3199 ipsam
1075 3115 1327 3179 accommodatae
1342 3115 1501 3200 quaedam
1516 3115 1678 3198 faeriltaln¹

437 3229 577 3308 respectu
602 3222 739 3286 aliorum
763 3223 960 3287 inviolabiles
984 3224 1101 3306 inciter
1119 3229 1248 3308 praesto
1270 3224 1366 3288 sint¹.

434 3361 503 3434 474.
595 3361 636 3429 V.
668 3361 763 3429 Unde
790 3384 888 3447 porro
917 3368 1057 3448 apparet
1086 3383 1150 3428 non
1174 3362 1288 3428 eadem
1313 3365 1495 3430 condicione
1520 3364 1630 3430 officia
1650 3364 1675 3424 cl

434 3471 507 3536 iura
527 3468 666 3535 hominis
682 3468 715 3533 in
731 3468 894 3534 communi
909 3468 1065 3535 rationali
1080 3472 1262 3535 necessitate
1278 3474 1312 3536 et
1327 3470 1401 3553 lege
1417 3469 1529 3537 divina
1545 3467 1675 3536 fundari.

435 3575 477 3640 Vi
492 3576 588 3641 huius
604 3575 690 3638 enirn
706 3575 763 3640 illa
779 3577 997 3662 imponantur,
1013 3575 1095 3642 haec
1111 3579 1345 3658 concedentem·
1359 3576 1416 3642 illa
1431 3597 1473 3642 ex
1485 3575 1675 3662 obligatione

436 3683 617 3766 adimpleri,
650 3679 731 3746 haec
761 3679 882 3746 intuitu
913 3681 1095 3746 officiorum
1122 3685 1291 3764 tamquam
1314 3683 1501 3748 necessaria
1525 3681 1674 3765 quaedam

436 3787 578 3872 provisio
608 3795 734 3872 praesto
764 3809 830 3853 esse
859 3786 989 3866 debent,
1019 3808 1084 3852 non
1115 3788 1156 3853 ad
1187 3810 1280 3853 usum
1310 3788 1344 3853 in
1373 3787 1540 3854 individuo
1570 3812 1627 3876 per
1649 3809 1673 3849 se

437 3892 688 3959 determinatum
707 3897 740 3958 et
757 3897 979 3978 praeceptum,
997 3894 1056 3958 sed
1073 3894 1115 3960 ad
1131 3916 1224 3960 usum
1236 3897 1419 3982 possibilem
1431 3895 1534 3960 libero
1545 3892 1674 3962 homins

436 3999 570 4066 consilio
593 4003 810 4078 reservatum,
834 4021 964 4085 semper
988 4005 1098 4067 autem
1122 4001 1189 4084 legi
1204 4001 1319 4066 morali
1334 4005 1404 4067 tum
1421 4001 1602 4084 negativae
1615 4007 1672 4066 tun
1743 4072 1744 4077 ἵ

435 4105 655 4172 affirmativas
676 4105 861 4172 obnoxium.
893 4105 971 4171 Ideo
992 4106 1129 4172 rationis
1145 4109 1198 4172 est
1212 4107 1245 4172 in
1261 4107 1399 4190 singulis
1415 4107 1553 4186 casibus,
1571 4107 1672 4174 habito
1743 4082 1744 4107 ¹

434 4217 586 4296 respectu
607 4210 764 4279 materiae
780 4211 935 4295 cuiusque
953 4213 1034 4278 iuris
1050 4217 1298 4295 ceterorumque
1314 4213 1551 4292 adiunctorum,
1566 4233 1671 4280 secun·

436 4318 510 4384 dum
541 4339 689 4384 normam
719 4317 802 4399 legis
833 4319 967 4384 moralis
998 4317 1184 4399 diiudicare,
1216 4323 1324 4386 utrum
1356 4324 1390 4385 et
1419 4325 1582 4402 quatenus
1606 4317 1672 4386 iuris
1743 4330 1744 4359 l

436 4426 566 4492 actuale
589 4423 780 4490 exercitium
805 4423 858 4490 vel
882 4429 1097 4510 praeceptum
1119 4426 1172 4490 vel
1197 4425 1380 4492 consultum
1404 4427 1459 4491 vel
1481 4426 1607 4492 licitum
1630 4421 1672 4488 vel

442 4590 609 4604 -ιριο--ω-ι-
616 4595 674 4601 -
681 4595 706 4600 ι.-
717 4594 740 4600 —

531 4687 538 4718 ¹
558 4687 631 4739 Idem
652 4685 738 4754 quoad
759 4703 815 4739 rem
835 4683 995 4753 intellegere
1014 4685 1124 4739 videtur
1143 4687 1179 4738 Η.
1193 4685 1278 4741 atria
1298 4685 1554 4756 (Natnmecht281)
1574 4687 1671 4742 dicens:

441 4774 486 4840 ,In
505 4773 651 4828 thrheit
669 4774 736 4828 wird
755 4774 803 4828 der
821 4773 935 4828 lllensch
954 4773 1032 4828 nicht
1049 4775 1100 4828 mit
1118 4775 1256 4839 Rechten,
1275 4775 1393 4830 sondern
1409 4793 1464 4830 nur
1481 4777 1532 4830 mit
1548 4775 1669 4830 Pfliclrten

436 4863 562 4930 geboren,
582 4861 636 4915 und
655 4879 706 4916 nur
725 4862 819 4916 darum
839 4861 888 4916 hat
907 4880 936 4915 er
955 4862 1004 4916 des
1023 4861 1119 4926 Recht,
1138 4881 1171 4916 zu
1189 4863 1313 4927 sordem,
1333 4862 1397 4918 dass
1416 4865 1472 4918 ihm
1491 4865 1535 4920 die
1552 4863 1669 4934 llogucl·

435 4951 495 5006 keit
513 4951 637 5018 geuthrt
655 4950 759 5015 werde,
785 4951 875 5006 asinar
894 4949 995 5004 Pflicht
1022 4951 1262 5006 nschzukommen.
1300 4951 1379 5006 Seius
1398 4951 1503 5008 Rechts
1521 4953 1611 5022 fulgen
1628 4969 1668 5007 nnr

437 5057 486 5096 aus
505 5040 599 5094 soloen
612 5037 746 5093 Pllichtsn
764 5039 819 5093 und
838 5039 945 5094 ktnnen
966 5040 1050 5094 daher
1069 5040 1138 5094 auch
1157 5059 1209 5094 nur
1227 5057 1277 5094 aus
1290 5039 1373 5094 ilrnen
1386 5041 1538 5110 abgeleitst
1549 5043 1666 5098 werden·
