3909 5842
437 651 502 716 330
667 645 757 702 Sestio
776 647 810 702 II.
848 647 927 702 Liber
945 648 965 702 l.
1004 648 1094 717 Caput
1111 648 1132 701 I.
1169 647 1309 702 Articulus
1327 649 1352 701 2.
1390 649 1452 715 52.

435 822 504 895 386.
595 823 636 888 ΙΙ.
663 822 838 888 Restitudo
855 827 993 889 autnon
1010 824 1173 889 rectitudo
1189 823 1321 890 socialis
1336 824 1564 908 operationis
1590 843 1688 905 quarn

434 951 532 1012 quam
562 929 690 996 ratione
718 931 794 1014 finis
824 949 884 1012 per
914 951 949 995 se
979 929 1114 996 definita
1137 933 1171 995 et
1194 930 1432 1012 quodammodo
1456 930 1628 996 absoluta
1647 929 1688 1004 sit

434 1037 563 1104 ratione
583 1037 760 1102 mediorum
782 1039 904 1112 tamen,
929 1057 1013 1118 quae
1030 1036 1185 1102 adfinem
1201 1040 1383 1121 opportune
1398 1036 1586 1119 eligantur
1601 1041 1636 1102 et
1649 1057 1691 1100 ru-

434 1143 524 1208 tione
544 1143 632 1208 modi
644 1143 850 1227 puberuaucli
864 1142 897 1206 in
911 1141 1104 1225 particulari
1118 1142 1287 1208 variabilis
1308 1148 1344 1209 et
1360 1143 1609 1226 multipliciter
1619 1141 1691 1205 rela-
1755 1208 1757 1211 ,

434 1247 505 1314 tiva
518 1267 590 1314 esse
603 1247 821 1330 cognoscitur.
847 1247 923 1314 Ideo
940 1247 1109 1332 proposita
1124 1269 1301 1330 numquam
1315 1249 1347 1313 in
1364 1251 1548 1314 abstracto
1568 1269 1631 1313 seu
1646 1268 1693 1330 pro
1755 1253 1757 1258 '

435 1353 548 1419 ordine
572 1353 680 1436 aliquo
704 1353 812 1432 ideali,
837 1355 894 1419 sed
918 1354 951 1420 in
975 1359 1128 1420 concreto
1151 1359 1186 1421 et
1206 1355 1383 1420 secundum
1398 1355 1561 1421 ordinem
1581 1355 1694 1420 realem

436 1459 606 1525 diiudicari
622 1460 751 1527 debent.
783 1460 859 1527 Non
877 1460 963 1526 enim
979 1461 1138 1527 abstracti
1161 1460 1309 1527 homines
1332 1465 1390 1527 aut
1409 1462 1548 1528 idealoe
1567 1460 1696 1544 regent

436 1570 523 1645 sunt,
547 1567 604 1632 sed
628 1567 735 1632 reales
759 1571 793 1633 et
816 1567 857 1632 ab
873 1567 972 1632 ideali
987 1566 1149 1632 humanae
1165 1569 1304 1632 naturae
1320 1566 1514 1633 condicione
1532 1568 1573 1632 in
1592 1567 1697 1632 multu

437 1673 634 1739 deficientes.
680 1672 718 1737 Id
741 1673 846 1756 ipsum
871 1672 1066 1757 exprimitur
1089 1694 1149 1756 per
1166 1673 1353 1754 generalem
1369 1674 1548 1756 regulam:
1578 1676 1698 1742 Guber

435 1781 525 1844 autin
548 1781 673 1843 ratione
696 1780 782 1844 modi
805 1781 841 1844 ia
864 1782 1000 1864 quolibet
1023 1801 1100 1844 casu
1122 1782 1317 1865 particulari
1341 1801 1374 1845 eo
1397 1783 1519 1846 rectior
1553 1790 1616 1866 est,
1648 1803 1697 1867 pau

435 1887 548 1950 melius
569 1888 732 1969 praesenti
752 1887 902 1971 physicae
926 1894 954 1951 et
976 1889 1094 1951 morali
1117 1888 1288 1972 capacitati
1311 1894 1339 1951 et
1360 1889 1546 1952 universim
1574 1891 1664 1953 reali
1676 1900 1698 1951 a

437 1992 557 2056 actuali
580 1992 758 2056 condicioni
780 1994 936 2056 materiae
958 1993 1086 2056 socialis
1110 1994 1297 2076 adaptatur.

522 2095 593 2161 Iam
617 2117 695 2162 vero
719 2099 851 2162 moralis
874 2099 1038 2181 capacitas
1059 2096 1094 2161 iu
1116 2097 1225 2181 specie
1248 2097 1422 2181 plurimum
1446 2120 1468 2162 a
1490 2100 1615 2181 gradu
1641 2100 1697 2164 cul

436 2205 530 2268 turae
546 2202 779 2269 intellectualis
798 2205 833 2268 et
856 2202 990 2269 moralis
1013 2203 1186 2286 dependet,
1211 2224 1274 2285 quo
1297 2223 1417 2286 corpus
1440 2204 1575 2271 sociale
1601 2225 1697 2288 gene·

435 2309 533 2374 ratim
556 2310 743 2393 praeditum
766 2331 839 2376 esse
863 2313 1003 2377 constet.
1034 2309 1120 2374 Hinc
1143 2331 1207 2392 quo
1227 2309 1333 2392 magis
1348 2309 1382 2374 in
1398 2299 1510 2392 alicius
1529 2313 1697 2377 societate

437 2414 558 2480 subditi
590 2416 631 2482 ad
663 2417 804 2482 idealem
835 2415 999 2482 humanae
1031 2419 1170 2481 naturae
1200 2416 1453 2499 perfectionem,
1487 2418 1695 2499 praesertim

437 2523 593 2586 moralem
618 2523 787 2599 secedunt,
812 2522 832 2587 i.
850 2543 878 2588 e.
896 2543 960 2604 quo
981 2522 1199 2587 universalius
1215 2521 1304 2586 iniis
1320 2530 1404 2587 recta
1420 2525 1506 2587 ratio
1524 2523 1696 2590 inferioris

437 2632 576 2693 naturae
606 2628 765 2711 impulsus
795 2627 931 2711 imperio
955 2628 1124 2694 continere
1147 2628 1241 2707 solet,
1274 2649 1313 2692 eo
1336 2627 1443 2710 magis
1466 2629 1543 2712 ipse
1569 2631 1695 2697 modus.

438 2752 500 2814 quo
531 2753 590 2815 per
620 2733 852 2800 auctoritatem
882 2734 1037 2799 socialem
1063 2737 1172 2800 motus
1195 2733 1329 2799 moralis
1351 2733 1392 2798 iis
1415 2738 1693 2804 communicatur.

436 2841 511 2905 huic
534 2841 688 2906 rationali
712 2841 868 2923 dignitati
892 2843 1091 2907 conformari
1113 2847 1225 2926 potest
1247 2864 1286 2908 ac
1309 2842 1416 2908 debet.
1450 2841 1553 2908 Hanc
1579 2862 1694 2926 nempe

437 2946 541 3027 decet,
573 2951 610 3013 ut
633 2948 823 3013 voluntates
843 2951 1005 3034 primario
1026 2949 1192 3015 mediante
1215 2951 1370 3014 rationali
1386 2952 1612 3034 persuasione
1630 2969 1693 3016 mo

440 3056 589 3131 veantur,
615 3075 674 3119 uec
698 3053 759 3118 uisi
783 3055 973 3120 secundarie
996 3059 1032 3120 et
1055 3055 1149 3137 quasi
1171 3055 1365 3121 subsidiaria
1388 3058 1519 3122 tantum
1537 3057 1586 3122 ad
1604 3059 1692 3139 igno

436 3158 552 3224 biliora
581 3161 815 3243 psycholagioa
845 3163 1012 3228 momenta
1044 3165 1243 3237 recurratur,
1273 3164 1354 3244 puta
1384 3161 1437 3225 vel
1467 3162 1511 3226 ad
1543 3162 1690 3229 fomenta

438 3267 634 3349 passionum,
660 3267 775 3350 quibus
801 3267 902 3332 animi
925 3287 988 3351 ope
1009 3267 1255 3350 imaginationis
1278 3268 1320 3333 ad
1342 3267 1509 3333 fervorem
1532 3268 1691 3334 socialem

435 3371 688 3452 inflammentur,
718 3374 771 3438 vel
787 3373 828 3440 ad
844 3373 1075 3439 inclinationes
1091 3373 1308 3458 idiopathicas
1331 3378 1366 3440 et
1388 3395 1546 3439 sensuum
1573 3374 1689 3440 incita·

436 3480 557 3554 menta,
582 3479 635 3544 vel
659 3479 798 3561 deniquo
821 3478 863 3544 ad
886 3479 1039 3544 timorem
1061 3499 1241 3562 poenarum
1258 3482 1293 3544 et
1308 3479 1476 3543 coercitivi
1493 3487 1689 3563 apparatus.

436 3619 479 3628 -
503 3583 625 3650 Contra
647 3605 735 3662 vero,
761 3605 823 3667 quo
840 3584 988 3667 longiore
1003 3585 1179 3652 intervallo
1196 3606 1314 3670 corpus
1330 3586 1451 3651 sociale
1466 3589 1526 3652 aut
1540 3588 1689 3653 maxima

437 3690 506 3754 eius
529 3710 607 3772 pars
630 3691 671 3755 sb
694 3691 793 3756 ideali
816 3691 872 3756 illo
896 3690 1166 3757 rationabilitatis
1189 3692 1303 3757 habitu
1322 3692 1447 3758 distare
1463 3697 1688 3776 cognoscitur,

436 3815 474 3860 eo
498 3795 604 3861 miuus
628 3798 797 3864 moraliter
820 3819 926 3881 capax
950 3799 1147 3863 censendum
1171 3801 1232 3876 est,
1257 3799 1309 3863 eui
1332 3798 1472 3864 nobilior
1494 3798 1550 3863 ille
1567 3800 1689 3881 guber·

436 3902 535 3968 nandi
558 3903 673 3968 modus
696 3905 929 3970 convenienter
945 3908 978 3970 et
995 3925 1067 3970 cum
1084 3905 1194 3969 fructu
1210 3903 1402 3987 applicetur.
1434 3903 1538 3968 Immo
1553 3905 1688 3970 accidit.

436 4012 473 4074 ut
496 4029 555 4092 pro
579 4007 770 4074 collectione
793 4009 959 4074 hominum
982 4010 1080 4094 plane
1103 4009 1176 4074 rudi
1198 4010 1358 4092 simulque
1381 4009 1512 4074 infimae
1536 4009 1689 4074 culturae

437 4114 569 4180 moralis
599 4114 749 4181 inversus
778 4115 849 4181 fere
878 4117 994 4182 modus
1023 4117 1181 4181 moralem
1204 4115 1365 4180 influxum
1389 4115 1576 4191 exercendi,
1609 4116 1688 4180 talis

436 4219 571 4298 scilieet,
597 4221 651 4302 qui
675 4242 695 4286 a
717 4222 836 4287 timore
860 4225 894 4287 et
909 4221 1083 4288 affectione
1099 4242 1252 4286 sensuum
1269 4220 1440 4286 exordium
1455 4221 1565 4297 sumit,
1591 4221 1688 4286 unice

437 4333 534 4411 aptus
557 4330 591 4392 et
615 4325 819 4392 necessarius
843 4347 915 4392 esse
938 4326 1161 4410 intellegatur.
1209 4327 1254 4391 Et
1276 4331 1346 4393 tum
1370 4326 1501 4408 quidem
1526 4325 1688 4390 eiusmodi

435 4433 640 4517 gubernatio,
671 4433 804 4500 tametsi
835 4433 962 4498 ratione
986 4434 1038 4498 sui
1060 4434 1157 4517 plane
1183 4432 1388 4516 imperfecta,
1419 4434 1549 4497 relative
1571 4436 1686 4497 tamen

434 4540 576 4625 perfecta
606 4539 775 4605 aestimari
804 4543 924 4624 potest,
957 4539 1130 4604 dummodo
1160 4538 1257 4603 simul
1286 4558 1387 4620 opera
1410 4537 1619 4621 impendatur
1641 4537 1685 4602 ad

436 4741 576 4778 commune
602 4723 799 4788 multitudiuis,
825 4722 874 4777 sed
899 4723 933 4776 ad
960 4723 1059 4777 bonum
1085 4723 1223 4792 privatum
1248 4721 1370 4788 regentis
1392 4720 1516 4788 regimen
1534 4720 1680 4780 orffinetur,

436 4812 488 4864 erit
505 4811 627 4878 regimen
646 4810 777 4866 iniustum
795 4815 878 4878 atque
904 4827 1079 4880 perversum
1104 4810 1176 4863 unde
1201 4812 1229 4862 et
1247 4809 1379 4863 Dominus
1404 4807 1509 4862 talibus
1531 4806 1679 4862 rectoribus

435 4897 613 4952 comminatur
638 4915 686 4968 per
711 4898 879 4952 Ezechielem
907 4899 966 4966 (34,
986 4899 1015 4965 2)
1043 4897 1150 4950 dicens:
1176 4895 1243 4960 ,Vae
1265 4895 1433 4965 pastoribus,
1461 4896 1509 4964 qui
1534 4895 1678 4965 pascebant

435 4986 605 5056 semetipsos*
625 4987 703 5054 quasi
722 5003 771 5040 sua
790 4987 899 5056 propria
918 4985 1058 5038 commoda
1077 4985 1263 5052 quaerentes.“
