3909 5842
411 659 476 724 390
638 655 727 710 Sectio
746 656 780 710 II.
818 655 898 710 Liber
916 656 950 711 11.
988 655 1078 727 Caput
1096 657 1116 710 Ι.
1154 655 1295 711 Atticulae
1313 657 1339 712 3.
1376 657 1439 725 53.

410 834 535 918 prietas
566 834 627 900 hoc
657 835 727 901 loco
757 856 822 902 non
845 840 914 902 tam
937 836 1118 920 probanda,
1148 836 1375 921 quamprimo
1399 837 1541 920 quidem
1568 858 1590 902 e
1614 839 1683 902 suis

410 939 633 1006 fundamentis
661 939 895 1025 philosophicis
925 942 1138 1026 explicanda;
1170 942 1286 1008 deinde
1309 963 1390 1009 vero
1418 943 1495 1008 eius
1521 945 1680 1028 practica

411 1047 557 1113 condicio
574 1046 810 1130 cognoscenda,
828 1048 971 1114 maxime
988 1051 1098 1114 autem
1115 1049 1258 1132 genuina
1272 1051 1391 1115 natura
1408 1053 1444 1114 et
1458 1049 1681 1132 significandi

410 1153 462 1219 vis
486 1157 601 1220 contra
625 1173 751 1220 omnem
776 1153 1027 1237 ambiguitatem
1051 1154 1309 1222 determinanda.

744 1329 764 1382 l.
785 1331 817 1383 lu
838 1348 892 1398 quc
911 1331 1036 1383 obiective
1054 1333 1162 1384 ratione
1179 1331 1333 1396 fundetur?

410 1431 478 1505 477.
569 1435 690 1502 Mentis
724 1437 978 1503 considerationi
1013 1438 1131 1523 duplex
1165 1437 1369 1520 potissimum
1402 1437 1679 1521 fundamentalis

410 1545 494 1607 ratio
517 1545 634 1626 sponte
658 1543 811 1622 occurrit,
836 1565 901 1627 qua
924 1544 1076 1610 coactiva
1098 1543 1333 1609 inviolabilitas
1356 1544 1437 1609 iuris
1454 1565 1677 1630 nequaquam

411 1647 616 1715 extrinsecus
639 1653 768 1717 tantum
785 1655 819 1716 et
835 1672 894 1734 per
910 1650 1073 1728 accidens,
1097 1651 1154 1715 sed
1170 1653 1362 1716 intrinsecus
1377 1659 1405 1716 et
1418 1674 1481 1738 per
1497 1659 1675 1720 essmaicnr

411 1756 585 1821 convenire
602 1777 622 1822 a
636 1757 738 1840 priori
753 1757 966 1840 intellegitur.
990 1755 1087 1823 Unde
1103 1757 1253 1822 similiter
1268 1763 1407 1840 apparet
1418 1777 1608 1826 commune
1620 1760 1678 1826 ho-

411 1861 533 1927 minum
545 1865 746 1946 suffragium,
764 1885 827 1946 quo
839 1864 925 1930 idem
938 1864 1110 1930 character
1121 1863 1185 1928 iuri
1196 1866 1387 1930 constanter
1398 1863 1578 1942 tribuitur,
1596 1867 1677 1931 nihil

411 1967 539 2034 demum
565 1971 653 2037 aliud
675 1993 773 2054 quam
793 1975 919 2036 certam
934 1970 1037 2054 ipsius
1053 1969 1224 2036 rationalis
1240 1973 1379 2036 naturae
1395 1990 1514 2035 vocem
1533 1971 1676 2038 referre.

410 2088 481 2162 478.
572 2093 598 2158 Ρ
607 2094 710 2160 rima
725 2095 837 2160 ratio
854 2094 1056 2179 depromitur
1072 2115 1093 2159 a
1108 2093 1240 2160 notione
1255 2092 1346 2170 iuris,
1363 2114 1428 2176 qua
1443 2095 1498 2158 est
1515 2097 1678 2177 potestas

411 2199 633 2266 essentialiter
657 2204 838 2286 respectiva,
863 2200 884 2266 i.
909 2221 937 2267 e.
962 2221 1027 2265 non
1050 2201 1157 2266 solum
1181 2220 1289 2265 coram
1307 2199 1387 2276 Deo,
1411 2199 1470 2264 sed
1494 2199 1611 2266 etiam
1630 2226 1678 2266 re·
1767 2284 1768 2287 Ἴ

411 2314 516 2389 spectu
540 2309 678 2374 aliorum
702 2309 865 2373 bornicum
887 2306 1038 2388 legitima
1057 2311 1091 2372 et
1106 2329 1171 2392 qao
1186 2307 1261 2372 totis
1276 2305 1448 2372 moraliter
1463 2305 1678 2374 inviolabilis

411 2410 453 2474 ab
483 2433 660 2495 eorumque
690 2412 830 2480 arbitrio
862 2417 1026 2497 exempta.
1073 2413 1159 2478 Hinc
1190 2413 1275 2478 enirn
1305 2414 1352 2488 fit,
1383 2420 1422 2478 ut
1450 2418 1487 2480 et
1518 2414 1678 2502 obliqalic

411 2518 554 2584 inridicc
578 2519 800 2586 essentialiter
816 2519 860 2585 sit
875 2522 1057 2605 respectiva,
1082 2519 1103 2586 i.
1120 2541 1148 2586 a.
1165 2540 1265 2584 unum
1280 2518 1444 2584 hominem
1462 2521 1566 2585 atteri
1581 2521 1677 2588 illam

410 2627 612 2705 potestatam
642 2626 777 2692 habenti
812 2629 928 2691 directe
959 2625 1178 2708 obstringens.
1224 2626 1295 2691 lam
1325 2646 1404 2691 vero
1437 2626 1495 2708 qui
1529 2627 1678 2694 alterius

412 2727 552 2796 hominis
568 2731 773 2798 voluntatem
790 2733 897 2818 quoad
916 2739 1033 2797 certem
1057 2735 1140 2798 iaris
1155 2734 1335 2814 materiam,
1358 2731 1378 2798 i.
1397 2752 1425 2797 e.
1441 2731 1477 2795 in
1492 2733 1621 2799 ordine
1637 2737 1677 2800 ad
1768 2724 1769 2781 ἶ

413 2835 566 2901 effectum
589 2838 712 2904 realem
735 2843 770 2904 et
793 2842 966 2905 externum
990 2838 1043 2903 vel
1067 2838 1300 2922 praestandum
1324 2836 1379 2902 vel
1401 2859 1467 2902 non
1483 2837 1677 2923 impedien-

413 2941 499 3020 dum,
531 2963 610 3009 suae
634 2945 793 3027 potestati
818 2946 934 3012 directe
957 2944 1138 3028 obligatam
1161 2943 1271 3022 habet,
1301 2943 1330 3007 is
1360 2942 1479 3009 merito
1507 2943 1677 3011 dicendus

414 3051 465 3114 est
489 3051 642 3116 indirecte
665 3051 760 3116 simul
785 3051 847 3116 sibi
871 3050 1065 3117 obstrictum
1088 3051 1209 3116 habere
1232 3049 1455 3132 organiamum
1479 3049 1592 3116 eidem
1617 3073 1678 3118 vo·

412 3155 532 3222 luntati
564 3158 761 3224 naturaliter
790 3157 1050 3236 subordinatum,
1082 3161 1244 3240 quatenus
1273 3156 1369 3222 huius
1400 3156 1676 3224 instrumentalis

413 3263 600 3346 cooperatio
625 3265 666 3330 ad
689 3265 780 3330 illum
805 3265 956 3330 effectum
982 3263 1125 3330 debitum
1149 3263 1336 3329 necessaria
1351 3265 1412 3328 est.
1445 3261 1577 3347 Quippe
1592 3267 1675 3330 sub·

413 3369 498 3434 iecto
521 3371 601 3436 iuris
624 3371 657 3436 in
680 3372 766 3436 hunc
786 3374 904 3437 realem
920 3371 1062 3454 effectum
1078 3374 1246 3452 tamquam
1261 3370 1296 3434 in
1311 3392 1378 3434 rem
1394 3391 1486 3434 auum
1503 3369 1673 3436 directmn

413 3475 590 3542 dominium
614 3477 780 3561 competit,
805 3476 891 3560 quod
914 3497 981 3542 uon
994 3476 1068 3542 ideo
1086 3477 1317 3560 exstinguitur,
1342 3476 1428 3558 quod
1444 3475 1532 3541 forte
1551 3478 1671 3542 eadem

413 3603 467 3646 res
489 3583 610 3649 iniuste
633 3605 692 3648 suo
717 3584 845 3650 donrino
870 3583 1044 3650 detinetur.
1076 3584 1229 3650 Potestas
1252 3583 1354 3664 igitur
1371 3581 1510 3647 iuridica
1524 3603 1567 3647 eo
1584 3583 1670 3667 ipso.

415 3690 499 3769 quod
524 3693 641 3773 suapte
665 3693 785 3756 natura
807 3689 956 3774 proxime
976 3698 1116 3775 respectu
1131 3692 1236 3775 ipsias
1250 3691 1379 3756 termini
1393 3691 1478 3754 iaris
1493 3689 1671 3755 moraliter

412 3794 610 3861 inviolabilis
633 3801 694 3876 est,
719 3797 816 3862 simul
839 3801 979 3862 coactiva
1002 3797 1047 3862 sit
1070 3818 1204 3862 necesse
1228 3802 1288 3876 est,
1308 3797 1333 3864 i.
1354 3819 1382 3864 e.
1407 3818 1448 3863 ea
1471 3797 1667 3863 condicione

414 3901 551 3980 sancita,
577 3906 623 3980 ut,
648 3905 806 3985 quantum
829 3924 883 3968 res
906 3903 1135 3987 postulaverit,
1166 3904 1265 3968 etiam
1296 3902 1544 3968 accommodata
1569 3925 1667 3969 coac·

414 4005 503 4072 tione
526 4007 649 4075 iniusta
672 4009 801 4076 termini
827 4009 1033 4075 contumacia
1056 4009 1144 4074 vinci
1166 4012 1201 4074 et
1223 4009 1303 4074 iuris
1327 4008 1482 4087 debitum,
1510 4009 1583 4076 sive
1606 4031 1666 4075 ne-

414 4113 562 4197 gativum
586 4115 657 4181 sive
680 4115 856 4200 positivum
880 4116 992 4192 fuerit,
1016 4115 1151 4182 realiter
1172 4115 1361 4197 extorqueri
1376 4115 1523 4198 legitime
1538 4117 1665 4183 valeat.

414 4237 483 4309 479.
574 4239 724 4305 Altera
747 4241 858 4305 ratio
882 4260 924 4305 ex
945 4241 1009 4324 fine
1032 4242 1134 4306 ideali
1156 4239 1301 4304 universi
1324 4238 1447 4304 ordinis
1462 4239 1591 4304 iuridici
1606 4241 1665 4305 de·

414 4345 551 4413 rivatur.
598 4347 653 4412 Ius
686 4347 771 4412 enim
802 4347 990 4412 universum
1028 4367 1064 4424 ,e
1093 4368 1151 4412 suo
1183 4349 1246 4411 fine
1271 4345 1369 4412 ideali
1392 4346 1435 4411 ad
1458 4350 1586 4411 rectum
1608 4367 1663 4411 so·

414 4452 530 4518 cialem
561 4453 707 4519 ordinem
737 4453 897 4519 obiective
925 4453 1128 4519 fundandum
1151 4457 1186 4519 et
1208 4451 1298 4518 intra
1320 4451 1579 4518 vicissitudinem
1601 4451 1664 4516 hu·

415 4582 531 4626 manae
561 4561 725 4627 libertatis
755 4561 1007 4627 sustentandum
1031 4559 1232 4626 destinatur“
1261 4558 1370 4641 (Thes.
1394 4557 1484 4623 XLII
1507 4579 1539 4625 n.
1563 4559 1663 4638 441);

414 4666 511 4749 idque
534 4688 598 4732 non
622 4667 726 4732 solum
751 4666 790 4732 de
813 4667 884 4732 iure
908 4667 1080 4732 collective
1104 4670 1243 4750 sumpto,
1268 4685 1382 4729 verum
1406 4665 1507 4730 etiam
1530 4664 1663 4729 deeius

415 4773 667 4857 particularibus
691 4773 862 4839 elementis
886 4793 942 4838 seu
963 4773 1004 4838 de
1020 4772 1234 4839 relationibus
1249 4769 1395 4836 iuridicis
1411 4770 1583 4836 dicendum
1598 4777 1660 4836 est,

414 4879 622 4963 Quapropter
652 4879 739 4944 omni
769 4879 831 4945 iuri
860 4900 901 4944 ex
925 4879 997 4962 ipsa
1021 4882 1160 4944 naturae
1183 4876 1390 4943 institutione
1412 4877 1491 4942 talis
1514 4876 1660 4942 efficacia

414 4986 549 5052 moralis
565 4985 741 5052 convenire
758 4986 864 5064 dehet,
883 4985 989 5069 qualis
1005 5007 1025 5051 a
1041 4985 1141 5069 priori
1157 4983 1345 5051 neccssaria
1360 5003 1433 5049 esse
1448 4982 1658 5066 intellegitur.
