3909 5842
419 617 460 681 12
703 612 793 666 Socho
812 611 834 666 Ι.
871 610 952 664 Liber
970 610 990 664 Ι.
1029 608 1118 679 Caput
1137 608 1157 662 I.
1195 606 1335 661 Articulus
1353 606 1379 661 3.

417 791 463 863 19.
554 788 689 860 Axioma
710 787 779 858 xll.
807 789 1027 874 Appreleensio
1043 794 1071 852 et
1088 790 1248 873 mansio,
1273 808 1353 873 quae
1373 787 1419 851 ad
1436 807 1541 851 unum
1557 792 1681 849 motum

417 902 596 965 naturalem
610 897 827 980 complendum
838 902 1040 977 concurrunt,
1057 896 1232 979 separatim
1248 901 1353 958 tamen
1369 893 1600 958 consideratae
1613 914 1680 955 non

419 1006 551 1071 eandem
574 1010 676 1068 molus
699 1006 855 1068 rationem
879 1001 1032 1067 exhibent.

509 1112 572 1176 Per
601 1110 881 1195 apprehensionem
910 1108 996 1172 enim
1027 1106 1209 1172 subiectum
1240 1126 1404 1172 versasse
1428 1104 1679 1187 quodammodo

418 1216 580 1283 obiectum
603 1215 717 1293 trahit,
742 1214 887 1296 illudque
909 1212 1094 1279 subiectiva
1115 1212 1347 1279 informatione
1370 1211 1432 1278 sihi
1455 1210 1680 1277 assimilando

419 1343 498 1389 suae
521 1321 699 1406 capacitati
729 1320 964 1387 accommodat.
1012 1319 1133 1385 Contra
1155 1340 1214 1403 per
1237 1321 1461 1404 expansionem
1485 1316 1680 1383 subiectum

418 1450 528 1495 uersus
550 1428 701 1495 obiectum
722 1427 812 1493 reale
836 1426 1040 1491 excurrendo
1063 1428 1225 1503 movetur,
1256 1444 1358 1507 seque
1380 1423 1444 1501 illi,
1469 1427 1509 1489 ut
1532 1444 1611 1487 cum
1639 1443 1679 1486 eo

420 1536 562 1613 uniatur,
587 1534 844 1600 accommodat1.

420 1674 468 1746 2⁰.
558 1672 693 1743 Axiomu
714 1670 820 1742 XIII..
846 1674 942 1740 Enlis
970 1676 1108 1740 alicuius
1138 1681 1259 1740 natura
1287 1679 1425 1739 concrete
1448 1680 1594 1757 spectato
1613 1694 1680 1757 per

420 1784 525 1868 ipsum
548 1782 739 1864 complenum
763 1783 903 1847 omnium
924 1780 1116 1863 facultatum
1140 1782 1339 1847 octonalium
1364 1778 1503 1843 ciusdem
1528 1780 1577 1843 ad
1602 1782 1677 1843 uni-

419 1894 514 1952 tatem
544 1888 705 1951 naturalis
734 1890 914 1952 taedentiae
942 1888 1125 1952 harmonice
1154 1887 1405 1970 conspirantium
1432 1885 1598 1949 cammaro
1622 1907 1678 1949 ex·

420 1992 553 2058 hibetur.
1400 2054 1401 2058 ,

510 2097 641 2164 Natura
664 2097 750 2163 enim
771 2119 836 2180 qua
858 2096 1053 2182 principium
1070 2097 1209 2165 actionis
1224 2096 1384 2163 naturalis
1400 2095 1532 2162 aliunde
1548 2116 1676 2177 cogno-

421 2204 544 2269 scibilis
573 2224 637 2269 non
661 2206 714 2269 est
742 2203 871 2269 nisiex
897 2204 970 2287 ipsa
994 2202 1133 2281 actione,
1165 2202 1256 2269 cuius
1279 2202 1472 2287 principium
1496 2207 1557 2279 est,
1590 2202 1676 2268 haec

421 2315 532 2378 autem
556 2309 704 2394 proxime
726 2309 807 2394 ipsis
830 2310 1044 2377 facultatibus
1071 2311 1349 2393 proportionetur,
1380 2314 1542 2392 quatenus
1566 2308 1673 2373 eidem

421 2423 560 2484 naturae
583 2417 803 2485 subserviunt.

510 2540 619 2601 Nota.
660 2542 706 2600 De
734 2546 908 2617 argumento
935 2540 1028 2600 totius
1055 2540 1143 2599 huius
1172 2538 1290 2598 articuli
1312 2539 1350 2600 ci.
1371 2538 1532 2615 Kleutpen,
1559 2538 1672 2596 Philos.

422 2638 475 2696 der
489 2638 609 2697 Vorueit
623 2638 664 2710 Il,
691 2639 717 2698 7.
731 2638 909 2713 Abteilung:
928 2638 1011 2709 ‚Von
1026 2638 1078 2696 der
1092 2636 1216 2708 Natur“‚
1232 2634 1406 2713 praesertim
1421 2654 1439 2692 a
1454 2654 1481 2693 n.
1498 2634 1672 2703 685-791,

423 2734 474 2795 ubi
494 2735 590 2794 fusius
612 2735 640 2795 S.
656 2736 785 2795 Romae
806 2742 875 2813 post
893 2734 1088 2794 Aristotelem
1109 2739 1140 2793 et
1161 2734 1312 2793 doctorum
1334 2732 1582 2791 scholasticorum
1605 2731 1672 2790 doc·

424 2832 532 2892 trinam
560 2840 622 2893 tum
652 2832 687 2891 de
715 2839 840 2892 naturae
863 2838 1022 2910 conceptu,
1051 2839 1114 2891 tum
1136 2832 1172 2891 de
1194 2831 1275 2890 finali
1296 2834 1422 2889 naturae
1443 2828 1601 2888 nativitate
1622 2848 1671 2886 ex·

422 2930 508 3006 ponit
529 2937 559 2989 et
579 2931 754 2990 recentioris
775 2930 981 3007 philosophiae
1009 2930 1158 3007 capitibus
1182 2949 1246 2988 oum
1270 2948 1306 2987 ea
1327 2926 1508 3004 comparatis
1529 2927 1670 2986 illustrat.

422 3026 497 3086 Vide
519 3032 549 3086 et
574 3030 730 3105 Taparelli,
751 3028 861 3087 Diritto
882 3032 944 3086 nat.
966 3028 990 3098 Ι,
1012 3046 1040 3087 n.
1063 3028 1139 3103 5sq.

891 3217 1135 3285 Articulus
1159 3216 1192 3285 3.

475 3344 523 3410 De
548 3346 681 3409 actionis
705 3346 867 3409 naturalis
890 3344 1024 3408 termino
1048 3364 1102 3406 seu
1128 3343 1166 3407 de
1190 3342 1268 3405 hono
1293 3348 1320 3405 et
1341 3342 1406 3425 fine
1429 3342 1615 3406 universim.

421 3480 465 3553 21.
555 3480 691 3553 Axiomu
712 3480 795 3552 XIV.
841 3484 986 3550 Actionis
1014 3484 1177 3549 naturalis
1204 3484 1359 3549 terminus
1387 3480 1571 3565 formaliter
1594 3482 1665 3546 talis

420 3610 483 3654 non
507 3592 572 3655 uisi
595 3590 709 3654 bonurn
734 3610 798 3654 esse
817 3590 948 3675 potesll.

510 3696 634 3760 Bonum
658 3694 835 3760 universim
859 3694 1117 3773 consideratum,
1147 3697 1183 3759 ut
1207 3714 1249 3757 ex
1272 3692 1500 3776 metaphysica
1524 3698 1662 3773 constat,

419 3804 571 3879 vocatur,
595 3802 754 3888 quidquid
777 3810 914 3868 naturae
935 3802 1151 3888 perficiendae
1174 3804 1328 3886 eonpruit,
1353 3802 1411 3865 aut
1435 3798 1592 3882 quidquid
1615 3822 1662 3866 re·

419 3912 533 3991 spectu
572 3906 708 3972 alicuius
742 3912 881 3973 naturae
913 3906 1073 3991 perfectio
1106 3910 1177 3985 est,
1214 3906 1269 3970 vel
1303 3925 1375 3970 eam
1406 3910 1582 3972 conservat
1614 3909 1662 3973 vel

418 4014 606 4097 amplificat.
638 4013 735 4079 Ratio
752 4035 840 4092 vero,
865 4015 906 4080 ob
926 4036 1023 4097 quam
1040 4012 1171 4095 aliquod
1188 4011 1370 4078 subiectum
1386 4012 1428 4077 ad
1445 4015 1570 4078 motum
1594 4018 1661 4079 ten·

419 4118 550 4185 dentiae
573 4140 688 4185 versus
718 4119 849 4202 aliquod
872 4118 1034 4185 obiectum
1062 4140 1119 4185 seu
1143 4119 1184 4185 ad
1209 4124 1318 4185 actum
1342 4139 1401 4202 per
1423 4122 1576 4184 naturam
1601 4120 1661 4185 sol·

417 4326 496 4381 modo
515 4329 606 4382 movet
625 4344 655 4381 se
675 4327 779 4398 ipsum:
805 4327 876 4381 unde
895 4330 923 4380 et
945 4344 1020 4381 amor
1039 4326 1073 4381 ad
1092 4326 1164 4381 hunc
1183 4328 1322 4396 pertinens
1341 4328 1384 4379 est
1402 4326 1619 4396 perlectissimus
1637 4332 1660 4380 et

417 4418 531 4469 vocatur
549 4416 672 4481 dilectio,
698 4416 725 4469 in
744 4420 875 4484 quantum
893 4417 980 4471 libera
999 4416 1131 4470 electione
1151 4414 1328 4480 discernitur,
1354 4414 1418 4484 quid
1437 4416 1475 4469 sit
1493 4417 1657 4491 amaudum‘

418 4503 598 4559 commentar.
618 4504 645 4557 in
664 4504 694 4557 B.
714 4502 838 4574 Dionysii
856 4505 902 4558 lib.
922 4504 955 4558 de
974 4506 1029 4558 div.
1049 4522 1118 4559 nonu.
1139 4522 1163 4559 c.
1181 4506 1207 4570 4,
1226 4504 1288 4558 lect.
1308 4504 1333 4557 9.

509 4593 518 4626 ¹
536 4592 607 4647 Hinc
630 4592 814 4661 intellegitur,
840 4610 924 4662 quare
950 4610 998 4649 ene
1020 4592 1152 4648 rationale
1170 4610 1224 4647 non
1243 4592 1350 4648 actibus
1370 4592 1594 4663 apprehensionis
1613 4594 1658 4663 (in-

416 4680 555 4749 tellectus)
571 4698 625 4751 qna
634 4681 743 4744 talibus.
759 4682 807 4736 sed
821 4683 928 4737 actibus
943 4682 1117 4753 expansionis
1133 4682 1245 4749 (liberae
1255 4682 1416 4747 voluntatis)
1434 4682 1565 4737 moralem
1580 4683 1658 4751 queli-

415 4774 501 4825 tstem
519 4771 563 4823 sui
581 4770 680 4824 obiecti
698 4771 758 4825 sive
777 4772 838 4826 boni
858 4773 917 4825 sive
936 4772 1002 4826 mali
1016 4772 1161 4841 participat
1174 4776 1201 4825 et
1214 4776 1327 4825 sumnus
1340 4788 1369 4825 se
1383 4772 1471 4840 ipsum
1485 4771 1553 4825 lucit
1567 4772 1656 4826 bouum

416 4858 580 4923 velmalum,
593 4863 625 4912 ut
636 4859 708 4915 infra
722 4860 917 4914 ostendendum
929 4865 980 4914 est.
1001 4860 1041 4915 cf.
1051 4864 1078 4915 S.
1093 4862 1192 4929 iham„
1208 4861 1265 4914 Lib.
1280 4864 1350 4914 sent.
1360 4860 1383 4922 2,
1400 4860 1462 4914 dist.
1472 4860 1514 4915 39.
1531 4878 1557 4930 q.
1569 4862 1591 4925 l,
1604 4860 1656 4914 al.

505 4947 575 5002 'Gt
596 4951 625 5003 S.
644 4950 744 5017 Thon„
763 4950 866 5003 Contra
883 4950 986 5005 Gentes
1005 4950 1022 5002 l.
1042 4950 1066 5011 3.
1087 4968 1109 5003 c.
1130 4949 1160 5013 3;
1181 4948 1207 5003 S.
1228 4948 1310 5003 theol.
1332 4950 1398 5013 1‚2‚
1419 4965 1446 5017 q.
1466 4950 1490 5013 8,
1511 4966 1535 5003 a.
1558 4952 1581 5002 l.
