3909 5842
431 652 473 713 42
708 648 798 703 Sectio
816 650 838 703 1.
874 649 956 703 Liber
972 650 993 703 Ι.
1032 650 1120 723 Caput
1140 652 1172 711 ll.
1210 653 1352 707 Articulns
1372 654 1398 707 2.

520 824 649 891 Omissa
672 826 758 905 crisi,
782 826 834 892 cui
857 827 989 893 aliunde
1012 827 1073 894 hoo
1094 828 1288 895 kantianum
1311 831 1526 897 ratiocinium
1551 852 1595 897 ac
1615 852 1688 915 pro-

430 930 502 1012 pria
524 932 712 1015 probandae
734 933 993 999 immortalitatis
1011 934 1184 1001 methodus
1200 957 1313 1001 ansam
1330 938 1470 1021 praebet
1481 940 1505 1013 ¹,
1532 938 1577 1003 ad
1594 958 1690 1021 prae-

429 1056 505 1103 sens
528 1043 674 1104 nostrum
699 1040 902 1123 propositum
925 1041 1097 1123 sequentia
1119 1041 1393 1110 animadvertisse
1415 1044 1587 1110 sufficiet:

522 1158 549 1219 1.
574 1155 746 1220 Eunt-iona
769 1156 847 1220 doec
868 1157 1047 1241 hypothesis
1071 1178 1092 1221 o
1110 1160 1217 1242 priori
1232 1160 1413 1224 excluditur
1428 1180 1492 1243 per
1509 1180 1692 1241 argumen-

428 1262 509 1336 tum,
534 1280 598 1341 quo
621 1260 787 1325 contraria
810 1259 923 1336 thesis,
949 1260 1077 1327 ratione
1101 1282 1119 1327 e
1143 1262 1261 1327 divinis
1284 1264 1546 1346 perfectionibus
1574 1266 1691 1349 pet-its.

429 1365 571 1448 positive
593 1366 734 1450 probata
756 1370 809 1432 est
832 1366 913 1448 (54).

518 1475 549 1540 2.
575 1473 698 1538 Eodem
721 1474 847 1538 loborat
869 1475 1038 1558 multiplici
1060 1477 1189 1540 interno
1205 1480 1468 1560 inconvenientia,
1495 1500 1565 1563 quo
1585 1488 1693 1543 semet-

428 1581 532 1663 ipsam
561 1582 709 1645 excludit.
756 1580 843 1645 Nom
872 1579 990 1644 seriem
1020 1580 1142 1645 realem
1174 1582 1328 1666 supponit
1356 1582 1520 1648 bonorum
1545 1584 1694 1649 hominis

428 1684 706 1764 secundariomm‚
729 1685 1012 1769 participatorum,
1036 1687 1251 1753 relativorum
1272 1688 1342 1754 sine
1357 1690 1442 1755 bono
1460 1690 1582 1772 aliquo
1600 1694 1695 1768 reali,

428 1791 513 1872 quod
537 1792 658 1858 habeat
680 1792 841 1858 rationem
864 1792 941 1857 boni
962 1816 1022 1879 per
1044 1816 1086 1877 so,
1111 1816 1210 1877 aquo
1234 1796 1292 1861 illa
1315 1796 1564 1880 participentur
1592 1803 1632 1863 et
1655 1798 1696 1864 ad

429 1897 514 1980 quod
544 1897 747 1974 referentum
778 1899 932 1983 supponit
955 1899 1035 1965 item
1058 1901 1179 1965 realem
1204 1901 1323 1967 seriem
1346 1904 1496 1982 finalem,
1531 1905 1615 1969 sine
1640 1906 1696 1971 de·

428 2004 604 2071 terminato
628 2006 692 2071 fine
715 2005 839 2083 ultimo,
864 2005 926 2071 nisi
949 2005 1037 2073 torte
1056 2028 1144 2072 mere
1160 2008 1257 2073 ideali
1282 2013 1317 2075 et
1339 2008 1382 2075 ad
1405 2009 1575 2077 infinitam
1597 2012 1696 2093 quasi

428 2110 618 2177 distantiam
648 2110 681 2175 in
712 2115 883 2177 aeternum
911 2111 1106 2197 refugiente.
1154 2114 1190 2179 Id
1221 2120 1331 2183 autem
1363 2136 1468 2197 aeque
1492 2138 1697 2201 repugnare

428 2217 567 2296 videtur,
600 2238 640 2283 ac
670 2217 697 2283 si
720 2220 889 2283 statuatur
921 2219 1025 2285 series
1056 2220 1254 2299 motionum,
1288 2220 1359 2287 sine
1389 2222 1494 2305 primo
1527 2232 1698 2290 movente

427 2324 525 2413 reali;
550 2329 663 2391 notum
684 2328 735 2389 est
758 2324 844 2389 enim
866 2323 947 2390 illud
962 2328 997 2392 S.
1018 2326 1193 2392 Ttomoel:
1221 2327 1383 2404 ,Ultimus
1406 2327 1482 2393 finis
1506 2329 1573 2395 hoc
1593 2331 1698 2395 modo

427 2431 580 2497 sehabet
601 2431 635 2495 in
658 2430 818 2495 movendo
834 2431 1028 2515 appetitum,
1053 2432 1140 2499 siout
1162 2432 1315 2499 sehabet
1337 2434 1369 2498 in
1390 2434 1463 2500 aliis
1479 2435 1699 2501 motionibus

427 2537 567 2620 primum
590 2541 763 2614 movens“;
788 2537 883 2619 quasi
906 2538 1011 2603 dicat:
1037 2543 1104 2605 tam
1129 2560 1245 2623 parum
1269 2540 1341 2605 tolli
1364 2540 1435 2607 sine
1458 2544 1699 2625 repugnantia

428 2648 540 2727 potest
562 2643 696 2711 ultimus
719 2643 792 2709 finis
815 2644 849 2708 in
872 2644 956 2711 serie
979 2644 1232 2729 appetitionum,
1257 2668 1355 2729 quam
1378 2647 1520 2730 primum
1545 2670 1700 2715 movens

427 2751 462 2814 in
491 2749 576 2815 serie
605 2750 795 2817 motionum.
820 2788 862 2798 —
887 2750 1004 2834 Neque
1027 2749 1127 2817 etiarn
1149 2750 1258 2830 iuvat,
1290 2754 1317 2816 si
1348 2752 1435 2819 forte
1458 2754 1533 2835 quis
1561 2762 1698 2837 urgeat

427 2854 461 2919 in
484 2855 541 2919 illo
564 2856 698 2938 pereuni
722 2856 764 2921 ad
787 2855 974 2921 ulteriorem
999 2856 1234 2940 perfectionem
1264 2878 1442 2942 progressu
1473 2859 1585 2943 ipsam
1615 2883 1699 2946 por·

427 2961 603 3027 sectionem
630 2962 814 3027 absolutam
837 2984 896 3045 pro
921 2965 984 3028 fine
1009 2962 1122 3029 ultimo
1147 2968 1181 3029 et
1204 2963 1308 3046 primo
1332 2970 1486 3031 movente
1508 2964 1544 3031 in
1568 2968 1701 3034 ordino

427 3070 629 3134 intentionoti
657 3067 770 3133 haberi
800 3089 910 3152 posse,
942 3068 1072 3134 etiamsi
1102 3068 1154 3136 hic
1185 3070 1257 3135 finis
1285 3071 1318 3135 in
1342 3070 1456 3135 ordine
1479 3072 1563 3137 reali
1590 3096 1700 3139 num-

427 3195 525 3257 quam
549 3175 761 3256 attingendus
784 3175 838 3240 sit.
874 3174 911 3239 ld
928 3174 1014 3239 enim
1037 3175 1070 3240 in
1094 3175 1166 3259 ipsa
1190 3180 1309 3242 natura
1329 3177 1484 3242 rationali
1503 3180 1699 3245 absurdam

427 3281 719 3347 contradictionem
749 3286 921 3363 argueret,
952 3282 1030 3363 quia
1060 3280 1221 3349 obiectum
1250 3306 1311 3369 per
1333 3306 1366 3349 se
1393 3289 1427 3350 et
1455 3284 1701 3353 essentialiter

426 3408 603 3470 numquam
634 3386 819 3469 attingibile
843 3407 882 3451 ao
904 3387 1041 3471 proinde
1070 3410 1129 3473 per
1151 3409 1185 3454 se
1208 3397 1347 3455 naturae
1368 3391 1529 3456 tumarice
1555 3392 1700 3477 dispro

423 3498 650 3579 portionalem,
682 3492 890 3558 nihilominus
920 3494 1054 3577 ponitur
1084 3493 1116 3558 in
1141 3494 1254 3559 ordine
1277 3496 1439 3561 naturalis
1466 3496 1700 3580 appetitionis

427 3603 465 3664 ut
492 3602 634 3685 primum
661 3620 786 3664 innuens
815 3599 962 3681 adeoque
992 3604 1116 3666 ratione
1147 3604 1200 3667 sui
1223 3601 1457 3684 expansionem
1486 3602 1699 3671 sollicitans.

427 3704 514 3769 Nam
537 3724 610 3768 esse
626 3704 749 3787 aliquid
772 3725 831 3789 per
845 3726 882 3771 se
898 3710 1038 3772 naturae
1055 3709 1389 3793 disproportionotom,
1416 3711 1450 3773 et
1473 3706 1559 3773 idem
1583 3709 1698 3775 simul

428 3830 500 3875 esse
529 3830 590 3893 per
618 3831 654 3875 ee
685 3810 754 3876 eius
781 3812 919 3895 formale
943 3812 1057 3877 bouum
1081 3817 1116 3878 et
1139 3814 1422 3896 complementum,
1454 3812 1488 3877 in
1512 3814 1601 3895 quod
1631 3838 1701 3899 per

428 3914 604 3981 essentiam
628 3917 765 3995 feratur,
790 3938 856 3981 non
879 3918 986 3982 minus
1009 3918 1114 4000 logice
1138 3940 1235 4001 quam
1260 3919 1478 4000 cosmologice
1502 3920 1698 3988 absurdum

428 4028 489 4089 est.
536 4021 573 4086 Id
600 4022 706 4107 ipsum
734 4022 879 4089 affirmat
902 4026 935 4090 S.
963 4026 1099 4090 Thomas
1122 4024 1249 4090 dicens:
1286 4025 1392 4103 ,Nihil
1418 4026 1504 4091 enim
1527 4032 1699 4094 movetur·

428 4128 536 4203 adid,
560 4128 602 4193 ad
626 4129 712 4211 quod
734 4129 936 4213 impossibile
959 4136 1011 4197 est
1034 4132 1261 4215 pervenire.“⁸

517 4236 548 4299 3.
572 4234 737 4318 Perpetua
760 4236 802 4302 ad
824 4237 1019 4303 felicitatem
1043 4238 1230 4321 progressio
1254 4238 1377 4320 absque
1402 4238 1543 4303 termino
1560 4238 1696 4320 quietis

428 4340 561 4423 insuper
577 4344 743 4407 concitiori
757 4348 865 4428 nequit
881 4367 952 4409 oum
967 4347 1081 4411 ord-ine
1097 4348 1271 4411 sonnioois
1291 4347 1433 4427 moralis,
1458 4366 1561 4429 quern,
1586 4365 1694 4427 spec·

428 4450 502 4512 tata
525 4445 585 4511 Dei
615 4448 822 4531 providentia
853 4449 952 4514 etiarn
983 4472 1072 4515 mere
1102 4450 1263 4528 naturali,
1295 4450 1380 4516 ratio
1411 4454 1526 4515 nostra
1550 4453 1695 4518 omnino

433 4613 742 4623 *θη-ρ’..-

521 4711 529 4741 ¹
548 4707 589 4761 cf.
609 4706 710 4761 civita
729 4707 857 4763 cattolioa
877 4709 954 4773 1864,
974 4708 1024 4761 Xll
1045 4710 1097 4763 656
1112 4726 1153 4778 sq.

519 4795 575 4849 ²8.
593 4794 676 4849 theol.
697 4797 726 4860 1,
752 4797 784 4861 2,
811 4814 836 4865 q.
858 4801 887 4861 l,
906 4815 931 4851 a.
950 4798 983 4856 6:
1010 4798 1045 4851 cf.
1066 4797 1167 4852 Contra
1186 4797 1288 4851 Gentes
1307 4796 1325 4850 l.
1345 4797 1377 4861 3,
1404 4814 1427 4849 o.
1447 4796 1464 4849 2
1486 4798 1529 4851 17.
1568 4799 1690 4869 Suara,

430 4884 470 4938 llo
488 4886 542 4939 line
561 4884 631 4939 hom.
651 4886 719 4955 disp.
740 4886 764 4951 3,
783 4892 850 4940 sect.
872 4890 895 4941 l.

520 4974 530 5005 ³
550 4974 650 5027 Contra
670 4974 773 5028 Gentes
792 4974 811 5027 l.
831 4976 856 5038 3,
876 4992 898 5028 c.
919 4975 944 5028 2.
