3909 5842
561 706 663 761 Verum
682 708 749 762 iuris
767 724 902 763 summum
923 707 1084 777 principium
1103 707 1243 760 asseritur.
1458 712 1523 775 497

369 890 401 952 4.
432 890 528 973 lopicc
558 910 714 952 criminum
740 910 795 952 eea
818 896 1069 973 perstantem.
1116 886 1203 952 Nam
1226 890 1336 952 rectus
1360 888 1450 954 vitae
1473 910 1526 954 so-

269 992 373 1058 cialis
397 994 476 1059 ordo
499 994 580 1058 nihil
604 993 692 1059 aliud
716 998 768 1059 est
791 1015 888 1076 quam
912 996 1079 1059 obiectione
1102 995 1181 1058 ordo
1196 997 1358 1059 reataralis
1373 997 1525 1079 iustitiae,

270 1100 372 1165 cuius
403 1100 539 1165 evidens
569 1104 604 1167 et
633 1100 810 1167 habitualis
838 1101 928 1166 notio
953 1103 998 1166 ad
1023 1104 1187 1166 essentiam
1208 1104 1346 1186 pertinet
1364 1105 1528 1187 practicae

272 1210 419 1273 rationis
443 1210 659 1274 convenienter
688 1210 836 1289 evolutae,
868 1229 933 1273 non
956 1229 1052 1273 secus
1075 1229 1114 1273 ac
1136 1207 1227 1272 notio
1250 1210 1375 1273 ordinis
1396 1211 1529 1273 moralis

273 1318 455 1380 universim
489 1314 697 1389 considerati.
744 1314 895 1396 Utraque
930 1313 1082 1380 consistit
1115 1314 1156 1378 iis
1188 1312 1355 1399 principiis
1389 1313 1527 1380 rationis

268 1444 336 1505 per
366 1443 400 1486 ec
430 1424 512 1487 notis
543 1430 570 1486 el
593 1421 798 1504 evidentibus,
830 1440 915 1503 quae
937 1419 1044 1504 legem
1069 1420 1255 1485 naturalem
1277 1420 1310 1485 iu
1334 1420 1427 1485 nobis
1450 1441 1527 1485 cou-

272 1526 433 1603 struunt,
458 1527 565 1593 altera
588 1526 765 1591 universim
789 1527 967 1592 secundum
990 1547 1103 1592 omues
1126 1531 1297 1611 respectus
1319 1526 1442 1592 ordinis
1460 1547 1527 1591 mo·

273 1633 369 1713 ralis,
394 1634 501 1699 altera
524 1632 695 1717 speciatim
718 1633 895 1698 secundum
919 1636 1104 1716 respectum
1127 1632 1250 1697 ordinis
1272 1632 1429 1700 iustitiae.

370 1742 401 1807 5.
425 1740 488 1807 Est
511 1739 648 1822 denique
672 1740 772 1806 etiam
797 1742 841 1805 ad
864 1762 956 1805 asom
982 1742 1131 1805 scientiae
1161 1742 1241 1805 satis
1272 1742 1527 1805 dctcmniaatam.

274 1846 428 1915 Tametsi
458 1848 543 1912 enim
574 1868 639 1929 qua
666 1868 827 1913 summum
850 1846 1044 1930 principium
1068 1867 1132 1910 uon
1155 1850 1362 1929 potestesse
1385 1846 1447 1911 nisi
1470 1867 1529 1929 ge·

274 1955 402 2032 morale,
434 1954 572 2019 necdum
603 1953 661 2019 ulli
690 1952 850 2019 materiae
879 1973 939 2037 per
962 1974 998 2018 ee
1021 1952 1232 2036 applicatum,
1262 1954 1311 2020 ita
1333 1956 1444 2017 tamen
1468 1973 1528 2036 pro

275 2081 341 2127 sua
363 2060 436 2144 ipsa
459 2060 679 2143 generalitate
704 2060 746 2125 ad
769 2080 897 2125 omnem
922 2060 1096 2125 materiam
1119 2059 1280 2127 naturalis
1302 2059 1448 2124 iustitiae
1467 2080 1529 2144 ope

274 2167 438 2233 scientiae
462 2166 657 2251 applicabile
681 2171 741 2245 est,
766 2170 804 2233 ut
826 2167 906 2231 nihil
929 2166 962 2231 in
986 2166 1057 2231 eius
1079 2166 1229 2231 terminis
1252 2169 1404 2231 occurrat
1418 2186 1477 2249 per
1492 2186 1529 2230 se

274 2272 442 2339 obiective
464 2273 667 2339 indefinitum
691 2276 749 2339 aut
773 2273 930 2339 scientiae
953 2272 1107 2339 rationali
1130 2272 1334 2357 impervium.
1381 2272 1426 2337 Et
1447 2293 1528 2336 vero

274 2401 339 2445 nec
371 2380 411 2445 de
440 2382 505 2446 fine
535 2380 624 2447 vitae
655 2379 784 2445 socialis
807 2380 957 2465 proximo
982 2382 1016 2444 et
1039 2378 1153 2445 ultimo
1177 2400 1237 2445 nec
1260 2379 1300 2445 de
1324 2378 1393 2445 eius
1416 2400 1528 2445 esseu-

273 2486 351 2552 tiali
382 2487 416 2552 in
446 2486 497 2551 his
527 2486 625 2551 terris
657 2485 845 2552 condicione
876 2507 936 2551 nec
967 2484 1061 2569 proin
1085 2486 1125 2551 de
1153 2492 1264 2565 ,recto
1284 2486 1375 2554 vitae
1397 2485 1529 2552 socialis

275 2594 412 2659 ordine‘
440 2613 637 2677 persenam
661 2598 695 2659 et
718 2592 879 2659 sinceram
903 2591 1143 2676 philosophiam
1167 2593 1355 2675 ambigitur,
1385 2596 1423 2659 ut
1446 2592 1528 2659 adeo

275 2701 356 2783 qnid
380 2700 428 2765 illi
453 2699 629 2779 conforme,
662 2698 738 2781 quid
762 2700 910 2765 difforme
934 2700 988 2779 sit,
1019 2720 1078 2783 per
1106 2700 1237 2765 modum
1260 2700 1417 2765 scientiae
1441 2721 1529 2765 corn-

276 2806 463 2872 meusurari
496 2827 534 2871 ae
570 2804 696 2871 definiri
730 2806 921 2889 plerumque
953 2806 1037 2874 citra
1069 2806 1317 2890 ambiguitatem
1346 2806 1461 2890 possit.
1484 2845 1529 2853 —-

277 2912 402 2991 Quodsi
426 2912 634 2978 nihilominus
658 2912 833 2997 aliquando
857 2914 1022 2980 conclusio
1046 2919 1138 2981 certa
1160 2936 1226 2979 non
1249 2914 1362 2996 liquet,
1387 2913 1420 2978 id
1443 2913 1529 2996 quad

279 3042 345 3086 non
376 3020 458 3086 vitio
489 3019 653 3105 principii,
685 3018 743 3084 sed
773 3020 935 3086 humanae
965 3020 1212 3105 intellegentiae
1234 3019 1467 3086 insufficientia
1496 3020 1529 3084 in

278 3127 461 3210 complexis
484 3127 687 3211 potissimum
712 3126 986 3210 applicationibus
1005 3128 1137 3193 evenire
1158 3130 1279 3211 potest,
1304 3131 1373 3192 turn
1397 3127 1526 3209 quidem

279 3256 319 3298 co
342 3233 415 3317 ipso
439 3254 497 3299 uec
521 3236 561 3300 de
583 3255 662 3299 vero
684 3232 754 3299 iure
770 3238 908 3327 naturae
924 3234 958 3298 in
974 3255 1015 3299 ea
1030 3256 1066 3299 re
1082 3236 1235 3300 constare
1251 3233 1447 3299 censendum
1464 3238 1526 3300 est.

279 3367 347 3439 591.
437 3364 593 3437 Probatur
616 3364 658 3437 11⁰
682 3390 721 3433 ea
744 3370 894 3455 analogia
918 3370 1015 3433 haiae
1035 3371 1191 3454 principii
1214 3390 1284 3433 cam
1299 3389 1420 3433 saraiae
1433 3371 1526 3453 pria·

278 3476 362 3562 cipio
385 3476 461 3561 lepis
483 3476 644 3539 naturalis
668 3472 713 3555 (u.
738 3474 828 3557 284).

369 3582 421 3646 Ex
451 3602 577 3645 summo
607 3580 765 3665 principio
795 3580 970 3646 universae
1000 3580 1084 3664 legis
1114 3579 1275 3646 naturalis
1306 3579 1437 3645 aliunde
1460 3580 1525 3645 iam

279 3690 411 3773 cognito
442 3692 477 3753 et
506 3686 653 3753 stabilite
676 3686 725 3752 ita
748 3685 893 3768 legitime
916 3686 1107 3753 ratiocinari
1129 3686 1225 3751 licet:
1256 3707 1416 3751 summum
1447 3686 1527 3750 iuris
1602 3708 1605 3711 ⁴

278 3792 482 3881 principium,
513 3796 551 3858 ut
580 3792 732 3859 veritatis
762 3796 874 3859 notam
905 3793 1093 3860 immediate
1120 3814 1200 3877 prae
1224 3794 1380 3872 ecferat,
1411 3793 1525 3859 eodem

279 3902 377 3987 plane
407 3898 502 3963 modo
532 3920 568 3963 se
597 3898 719 3964 habere
750 3898 849 3965 debet
879 3901 920 3966 ad
949 3900 1144 3985 principium
1167 3921 1326 3964 summum
1351 3899 1525 3965 universae

278 4007 361 4091 legis
385 4004 555 4084 naturalis,
581 4026 644 4088 quo
668 4026 704 4071 se
726 4006 827 4072 habet
850 4007 929 4072 ordo
945 4007 1100 4073 iuridieus
1116 4007 1158 4072 ad
1174 4006 1319 4071 ordinem
1336 4008 1524 4071 universum

277 4114 446 4191 moralem,
478 4112 498 4177 i.
523 4133 551 4179 e.
576 4111 661 4177 sicut
691 4132 768 4195 pare
798 4112 950 4196 specialis
980 4113 1023 4179 ad
1052 4116 1160 4179 totum
1182 4112 1379 4193 genericum.
1426 4116 1526 4197 Atqui

277 4224 363 4287 hanc
400 4216 623 4284 habitudinem
662 4218 836 4284 manifeste
875 4220 1031 4305 exprimit
1067 4220 1210 4285 formula
1244 4218 1394 4302 principii
1427 4218 1523 4283 iuris:

283 4330 426 4407 ,rectum
450 4324 539 4391 vitae
563 4324 692 4389 socialis
709 4324 854 4391 ordinem
871 4331 1037 4405 servato“,
1060 4326 1090 4391 si
1106 4330 1314 4408 comparatur
1330 4346 1402 4391 eum
1418 4324 1525 4390 forma

279 4432 427 4519 principii
450 4430 534 4514 legis
557 4432 733 4497 naturalis:
762 4436 888 4498 rectum
912 4438 1051 4499 naturae
1074 4432 1245 4497 rationalis
1270 4432 1415 4497 ordinem
1439 4437 1524 4498 tam-

279 4562 375 4624 quam
400 4537 557 4604 divinitus
581 4540 731 4603 sanctum
755 4542 899 4606 servato.
946 4541 1034 4625 Erpa
1058 4544 1119 4605 etc.

281 4672 349 4744 592.
436 4668 610 4740 Scholium.
652 4679 763 4750 Quodsi
784 4680 820 4738 de
841 4680 939 4756 logico
961 4681 1064 4741 ordine
1085 4684 1254 4757 quaeratur,
1276 4700 1332 4756 quo
1352 4678 1438 4739 varia
1459 4680 1524 4737 iura

280 4776 428 4837 naturalia
454 4795 493 4834 ex
520 4775 674 4853 proposito
702 4796 815 4835 summo
843 4776 916 4836 iuris
944 4778 1090 4855 principio
1117 4778 1295 4849 deriventur,
1325 4776 1443 4835 dubium
1463 4796 1523 4835 nan

280 4881 325 4935 eet
345 4893 472 4951 caprae
495 4874 603 4933 ceteris
624 4873 720 4949 logice
742 4875 892 4935 anteriora
914 4876 1057 4953 simulque
1078 4876 1218 4935 rationali
1239 4876 1447 4934 aestimatione
1469 4893 1523 4950 per

281 4994 312 5035 se
331 4972 552 5051 praestantiora
574 4990 650 5044 ease,
672 4991 747 5047 quae
762 4973 857 5049 magis
874 4977 1035 5034 imrnediatc
1049 4974 1194 5034 rationem
1209 4974 1297 5032 aredii
1311 4974 1465 5032 ereccssarii
1485 4971 1522 5029 ad

282 5074 363 5132 finem
392 5071 519 5130 hominis
548 5090 691 5129 summum
713 5075 743 5129 et
765 5072 952 5130 essentialem
974 5072 1006 5129 in
1028 5073 1074 5131 his
1095 5073 1184 5131 terris
1205 5070 1357 5128 socialiter
1378 5070 1521 5145 complen-

331 5176 436 5229 meyer,
452 5176 489 5217 lua
504 5174 615 5217 naturale.
639 5176 655 5217 1.
676 5174 715 5215 Ed.
730 5176 749 5218 2.
1279 5166 1314 5219 32
