3909 5842
379 706 383 715 ¹
409 718 474 782 452
628 713 717 769 Sectio
736 714 771 769 II.
808 714 888 769 Liber
906 716 940 770 II.
979 715 1069 785 Caput
1086 715 1120 769 IL
1158 714 1299 769 Articulus
1317 715 1342 768 3.
1381 714 1441 783 52.

409 891 482 950 Iioo“
508 888 654 949 etheismo
675 890 837 950 informare
858 890 931 951 totis
953 890 1069 951 viribus
1090 896 1237 951 conantur
1249 896 1264 951 ¹.
1306 891 1429 951 Reiecto
1450 890 1562 968 quippe
1582 891 1664 950 omni

412 987 472 1047 alia
493 986 639 1047 scientiae
661 987 750 1046 etiam
771 987 893 1047 moralis
914 988 1053 1047 methodo
1074 993 1194 1065 praeter
1214 989 1614 1066 mythologice-empiricam
1635 993 1664 1047 et

407 1086 601 1156 induetivsm‚
623 1085 731 1161 partim
754 1087 791 1145 eb
813 1085 887 1144 ideis
909 1086 1071 1163 Herdonii,
1090 1088 1202 1147 Benelre
1215 1091 1272 1146 etc.
1292 1087 1529 1165 proficiscentes,
1550 1086 1662 1163 partim

407 1183 536 1259 vestigio
556 1183 721 1258 Anglorum
741 1184 901 1260 Boudoros,
928 1184 1032 1243 Stuort
1052 1184 1119 1243 Mill
1140 1203 1176 1243 ac
1198 1184 1358 1261 praecipue
1377 1184 1515 1244 Herherti
1535 1185 1662 1261 Spencer

406 1286 631 1359 prosequentes,
653 1280 684 1339 in
704 1299 763 1339 uno
786 1280 911 1357 denique
932 1300 1071 1358 supremo
1085 1282 1182 1341 omnis
1195 1281 1347 1359 practicae
1361 1282 1567 1359 philosophiae
1579 1282 1660 1357 prin·

408 1378 484 1455 cipio
506 1378 696 1447 conveniunt,
718 1378 856 1437 nimirum
872 1378 904 1437 in
926 1377 1071 1456 principio
1085 1381 1279 1450 militumi,
1301 1378 1494 1438 successivae
1507 1380 1661 1438 etdrdioni

406 1476 534 1537 hominis
562 1481 593 1534 et
613 1475 695 1535 vitae
716 1474 838 1535 socialis
860 1477 1062 1535 accomodate.
1090 1508 1130 1517 -
1159 1474 1259 1545 Quare
1288 1475 1393 1535 dehis
1415 1475 1575 1535 conatibus
1595 1476 1659 1534 fere

406 1573 472 1651 pari
492 1573 556 1632 iure
578 1593 614 1632 es
635 1572 734 1633 omnia
747 1572 859 1645 valent,
881 1592 957 1649 quae
977 1573 1037 1633 iam
1052 1592 1144 1650 supra
1165 1573 1201 1633 de
1221 1573 1411 1651 philosophia
1430 1572 1659 1633 materialistica

406 1672 455 1731 vel
476 1670 801 1747 qussi-materialistice
823 1670 926 1730 critice
949 1670 1127 1730 dictasunt

495 1768 619 1829 Interim
639 1788 711 1829 vero
739 1789 774 1829 oo
796 1778 884 1846 porte
903 1772 1025 1830 aduerso
1053 1788 1114 1828 non
1135 1767 1230 1828 solum
1253 1768 1358 1827 schola
1378 1768 1528 1828 catholico
1550 1767 1655 1840 (Alco

286 1930 291 1943 ¹
406 1866 618 1940 scholastica“)
640 1866 736 1925 solida
756 1866 940 1926 haereditate
961 1866 1166 1937 invalescens,
1195 1884 1298 1924 verum
1320 1871 1350 1925 et
1371 1866 1451 1926 inter
1471 1866 1657 1925 acatholicos

404 1966 596 2045 philosophos
611 1966 777 2041 complures
789 1970 893 2025 contra
905 1964 1069 2041 scepticum
1083 1963 1228 2024 eiusmodi
1240 1964 1458 2041 positivismum
1472 1984 1511 2023 sc
1519 1963 1657 2023 materis·

404 2064 534 2125 Iistioum
561 2062 730 2122 realiemum
759 2062 882 2138 antique
909 2063 1134 2140 metaphysicae
1160 2061 1227 2121 iura
1255 2068 1286 2121 et
1313 2061 1509 2121 fundaments
1536 2060 1655 2120 theismi

404 2168 525 2221 strenue
547 2160 718 2233 defendunt,
739 2160 913 2236 intorques
934 2180 1007 2237 pree
1029 2160 1138 2219 ceteris
1158 2158 1331 2219 nominandi
1352 2159 1508 2219 videntur:
1767 2217 1768 2222 ,

494 2259 682 2317 Hemnonnue
710 2258 820 2319 Ulrici²
847 2258 1073 2331 (1806-1884)
1103 2258 1215 2335 proprii
1235 2256 1409 2334 systematis
1430 2255 1566 2315 theistici
1594 2255 1655 2315 fun·

404 2356 499 2426 dator,
521 2355 552 2413 in
573 2374 631 2430 quo
653 2358 684 2413 et
704 2359 840 2415 recentes
861 2372 1040 2432 progressus
1060 2354 1206 2413 scientiae
1227 2353 1375 2413 naturalis
1394 2358 1493 2412 testes
1514 2353 1655 2412 invocare

403 2471 463 2511 non
485 2452 608 2511 dubitet.
644 2452 726 2511 Iuris
747 2470 861 2527 quoque
883 2452 1043 2511 arctiorem
1063 2470 1173 2510 nexum
1193 2470 1261 2509 oum
1281 2452 1347 2526 Iege
1367 2450 1474 2510 morali
1495 2451 1654 2509 restituere

404 2556 544 2621 conetur;
565 2568 660 2624 neque
674 2549 764 2607 elium
778 2548 858 2607 illius
871 2549 959 2607 finem
975 2568 1043 2609 esse
1058 2548 1155 2616 docet,
1169 2548 1227 2607 nisi
1242 2552 1276 2607 ut
1289 2550 1404 2625 „nsedr'o
1417 2557 1444 2607 ct
1457 2550 1650 2607 condiciones*

404 2646 590 2724 suppeditet,
626 2646 731 2722 quibus
766 2645 796 2703 in
827 2645 874 2703 his
904 2646 994 2705 terris
1025 2646 1188 2722 „poeoibdr'o
1216 2647 1360 2705 reddetur
1388 2646 1559 2722 adimpletio
1587 2647 1653 2723 lepis

404 2740 572 2805 rnorolis“⁸.

491 2843 605 2917 Adelph
625 2842 855 2919 Trcndelonhurp
866 2841 1091 2913 (1802-1872)
1106 2840 1144 2899 ad
1157 2840 1421 2901 reconstruendom
1434 2841 1651 2918 philosophiam

403 2939 440 2999 ad
461 2943 604 3009 veterum,
628 2937 771 3015 imprimis
792 2937 984 3008 Aristotelis,
1006 2938 1183 2997 documento
1203 2937 1385 2997 redeundum
1406 2938 1541 3010 censuit,
1563 2957 1651 3015 eaque

401 3036 562 3113 indagandi
590 3036 718 3095 studium
746 3054 824 3094 novo
852 3034 981 3112 impulsu
1008 3035 1165 3111 promovit.
1216 3035 1269 3095 Uti
1296 3035 1412 3094 ethicos
1438 3040 1597 3112 respectus
1621 3036 1650 3094 In

403 3134 580 3210 teleologico
601 3132 701 3192 mundi
723 3130 825 3191 ordine
846 3131 965 3191 fundari
987 3132 1143 3207 cognovit,
1164 3132 1208 3191 ita
1229 3150 1320 3209 super
1341 3131 1440 3191 ethice
1461 3131 1650 3192 fundamento

403 3232 477 3292 iuris
505 3228 723 3309 philosophiam
752 3234 925 3287 construere
953 3233 1080 3287 conatus
1109 3232 1164 3289 est.
1211 3228 1248 3287 In
1278 3227 1456 3287 delineanda
1484 3228 1562 3288 iuris
1588 3230 1649 3289 ides
1766 3235 1767 3240 ’

404 3330 467 3389 lere
487 3328 536 3388 Fr.
557 3326 716 3385 Krausium
738 3325 879 3401 sequitur.
918 3326 990 3403 „Ius
1010 3334 1051 3384 est
1071 3328 1232 3402 complosus
1253 3345 1354 3385 eorum
1373 3326 1555 3401 pecoralium
1569 3348 1649 3405 proc

400 3428 565 3499 finitionum
586 3427 707 3501 operuit,
735 3424 839 3501 quibus
857 3425 908 3499 fit,
936 3432 969 3483 ut
998 3425 1119 3483 morolio
1138 3426 1209 3483 ordo
1228 3427 1261 3483 in
1280 3442 1336 3483 erro
1355 3428 1496 3501 oryonioo
1516 3426 1648 3484 totols'tote
1766 3461 1767 3464 =

403 3523 470 3595 (dos
491 3524 612 3583 eittliehe
633 3525 731 3582 Gonze
757 3523 819 3581 send
846 3524 923 3581 estne
944 3521 1132 3597 Gliederunp)
1153 3524 1318 3581 conservari
1348 3530 1376 3579 et
1390 3522 1496 3598 perfici
1515 3518 1647 3598 possit.‘⁴‘
1766 3587 1767 3604 χ

492 3618 759 3679 Praetermittimus
786 3619 922 3694 oooloyos
950 3623 1093 3688 conatus,
1122 3617 1228 3693 quibus
1255 3622 1286 3677 et
1312 3620 1393 3696 opud
1417 3620 1493 3677 elios
1519 3618 1647 3695 Europos
1766 3615 1767 3622 ’

398 3720 520 3796 populos
540 3716 682 3777 moderna
703 3715 891 3793 philosophia
912 3716 1049 3775 slmiliter
1068 3716 1144 3775 iuris
1165 3716 1262 3775 ideem
1277 3715 1335 3775 sibi
1348 3715 1574 3776 accommodare
1587 3734 1644 3775 con·
1766 3717 1767 3756 l

402 3814 506 3874 tendit.
547 3814 623 3873 Fere
651 3806 753 3873 omnes
781 3812 859 3873 enirn
887 3813 986 3889 eliquo
1013 3814 1099 3873 modo
1126 3814 1239 3890 pariter
1266 3814 1497 3874 scalmorum
1518 3834 1553 3873 es
1568 3834 1643 3890 proc
1766 3857 1767 3884 ᾗ

403 3915 509 3971 nototts
529 3913 668 3971 classibus
688 3918 878 3981 revocantur,
899 3930 953 3987 pro
975 3910 1103 3971 dirersis
1123 3911 1251 3971 turbidis
1271 3910 1415 3981 fontibus,
1438 3930 1455 3969 e
1476 3910 1582 3987 quihus
1599 3930 1642 3986 po

401 4010 547 4070 tissimum
579 4030 634 4070 sua
661 4010 803 4069 clunenta
830 4008 1011 4081 hauserunt,
1040 4008 1177 4068 nimirum
1198 4010 1247 4069 vel
1275 4028 1314 4068 ex
1340 4008 1417 4068 ideis
1445 4008 1642 4085 pseudophilo

402 4108 532 4185 sophicis
547 4127 583 4167 oc
597 4106 841 4184 pseudopoliticis
856 4106 995 4166 exeuntis
1009 4106 1123 4165 saeculi
1136 4106 1250 4179 XVIII,
1265 4107 1314 4165 vel
1329 4125 1368 4166 ex
1381 4106 1500 4181 anglico
1514 4106 1640 4166 realismo

405 4252 506 4259 .-——-
518 4248 711 4257 —-——-·--—-

493 4336 501 4367 ¹
521 4333 592 4387 Huic
610 4333 797 4403 philosophiae
815 4332 888 4386 inter
906 4332 961 4386 alia
979 4350 1111 4401 organum
1131 4332 1297 4402 periodicum
1315 4350 1366 4387 sno
1383 4337 1507 4404 tempore
1518 4332 1638 4389 inserviit

402 4420 445 4475 oui
471 4421 585 4475 titulus:
611 4420 896 4491 Vierteljshrsschrift
920 4421 964 4473 fllr
989 4419 1255 4474 wissenschaftliche
1273 4420 1464 4492 Philosophie‚
1488 4428 1568 4477 untes
1585 4422 1639 4475 tlt

403 4508 529 4577 wirkung
554 4526 607 4563 von
636 4508 673 4562 M.
693 4509 795 4562 Heinze
820 4508 875 4561 und
902 4508 946 4561 W.
970 4506 1077 4562 Wnndt
1100 4508 1326 4577 heransgegeben
1351 4528 1405 4565 von
1429 4512 1464 4565 B.
1490 4512 1639 4572 Annam,

402 4598 521 4667 Leipzig.
560 4596 602 4651 cf.
623 4616 645 4650 e.
665 4614 692 4664 g.
711 4597 806 4664 lahrg.
826 4598 864 4650 VI
886 4596 962 4651 1882.

493 4689 503 4721 ¹
523 4688 564 4741 Ex
583 4688 642 4741 eius
662 4686 788 4757 operibus
806 4686 851 4741 hic
870 4687 1054 4741 nominamus:
1075 4686 1142 4741 Gott
1159 4687 1214 4739 und
1233 4686 1277 4739 die
1294 4686 1391 4753 Natnr,
1411 4688 1479 4742 1861
1486 4709 1493 4751 ;
1512 4688 1576 4743 Gau
1590 4683 1636 4739 eud

402 4778 450 4831 der
468 4776 589 4843 Mensch‚
612 4778 635 4831 1.
654 4774 721 4839 Teil,
741 4774 806 4829 Leib
825 4774 879 4829 und
900 4773 986 4839 Seele,
1008 4776 1085 4840 1866,
1104 4776 1129 4828 2.
1144 4773 1212 4840 Teit
1232 4773 1395 4843 Grundztlge
1414 4776 1463 4829 der
1474 4772 1636 4847 pralrtisohen

403 4864 591 4937 Philosophie:
611 4862 784 4927 Neturreoht‚
805 4862 888 4917 Ethik
908 4862 962 4917 und
983 4850 1119 4927 detumit,
1140 4863 1161 4917 1.
1179 4862 1353 4928 Nemi-recht,
1374 4865 1451 4919 1873.

493 4954 503 4987 ⁸
521 4952 687 5007 Netumecht
706 4952 765 5006 223.

492 5044 502 5074 ¹
520 5040 686 5095 Naturreoht
704 5042 754 5095 suf
770 5042 830 5095 dem
845 5040 955 5095 Grunde
970 5040 1018 5093 der
1031 5039 1114 5094 Ethilr
1129 5040 1144 5106 ᾖ
1157 5040 1201 5105 46,
1221 5039 1333 5111 LeipsIg
1345 5040 1424 5106 1860,
1443 5040 1469 5095 2.
1483 5042 1552 5095 sun.
1565 5038 1631 5094 1666,
