3909 5842
820 683 903 752 Legis
921 683 1052 738 definitio,
1496 685 1558 749 201

313 863 503 949 procedere.
554 861 722 940 „Rationis
754 861 839 927 enim
863 867 924 941 est,
950 862 1102 927 ordinare
1125 860 1167 926 ad
1190 861 1344 926 finem.“¹
1388 859 1459 924 Iam
1483 880 1562 925 vero

313 971 397 1053 legis
413 973 465 1036 est
481 989 609 1052 scopus,
634 971 728 1034 actus
749 969 907 1034 humanos
931 967 1092 1045 ordinare,
1115 967 1136 1032 i.
1161 987 1190 1033 e.
1213 966 1262 1033 ita
1285 966 1436 1049 dirigere,
1460 970 1498 1032 ut
1521 965 1563 1031 ad

313 1079 410 1142 tinem
435 1074 644 1141 obtinendum
671 1074 870 1151 conducant;
894 1076 950 1140 lex
974 1095 1053 1157 ergo
1077 1095 1099 1139 a
1120 1071 1421 1156 ratioueprocedit.
1439 1072 1563 1138 —Sed

313 1183 478 1250 aratione
500 1180 649 1266 procedit
672 1201 737 1244 non
759 1181 1070 1263 quomodocumque,
1094 1180 1153 1245 sed
1174 1184 1344 1261 tamquam
1368 1179 1478 1261 aliqua
1493 1178 1563 1243 eius

318 1289 532 1368 ,ordinati0“,
565 1308 649 1371 quae
673 1287 826 1370 designat
848 1291 1021 1354 voluntatis
1044 1284 1215 1351 rationalis
1238 1289 1348 1352 actum
1371 1306 1429 1350 seu
1453 1285 1563 1351 decre·

272 1396 275 1400 ’
315 1401 395 1474 tum,
419 1395 439 1461 i.
465 1415 493 1461 e.
518 1392 695 1458 iussionem
717 1391 918 1474 legislatoris
942 1392 1119 1457 secundum
1144 1391 1276 1457 ductum
1301 1389 1446 1456 rationis.

405 1499 439 1584 b)
475 1501 521 1565 od
555 1501 669 1566 bonum
700 1521 881 1580 mmmmm
913 1502 950 1564 ut
983 1486 1205 1580 distinguatur
1236 1497 1292 1562 lex
1324 1517 1344 1562 a
1375 1501 1563 1580 praecepto,

315 1609 411 1692 quod,
428 1611 581 1690 utsupra
597 1605 791 1684 monuimus,
815 1627 881 1670 non
896 1604 959 1670 toti
976 1603 1213 1680 communitati,
1237 1603 1294 1668 sed
1311 1602 1564 1686 particularibus

315 1714 465 1800 personis
495 1717 553 1780 aut
582 1734 642 1797 pro
673 1733 751 1778 casu
774 1711 967 1796 particulari
990 1710 1177 1794 imponitur,
1208 1714 1243 1776 et
1266 1708 1366 1776 etiam
1390 1730 1411 1774 a
1433 1708 1564 1792 privato

316 1822 446 1886 bomine
469 1819 590 1904 imponi
615 1822 735 1902 potest,
761 1818 816 1900 qui
841 1818 949 1901 aliquo
974 1817 1115 1883 dominio
1139 1820 1276 1882 ornatus
1299 1816 1352 1882 sit.
1400 1815 1507 1892 Quare
1531 1820 1565 1882 et

315 1927 399 2005 finis,
425 1947 519 2010 quem
540 1931 750 2009 praeceptum
775 1927 915 2008 spectat,
939 1945 1004 1988 non
1028 1922 1213 1989 necessario
1236 1923 1357 1987 bonurn
1375 1925 1470 1987 totius
1486 1943 1564 1987 coar-

315 2037 483 2100 mnnitatr'a
506 2053 578 2098 esse
609 2031 721 2106 debet;
752 2031 785 2096 id
815 2031 921 2115 ipsum
952 2034 1063 2096 autem
1088 2030 1128 2094 de
1152 2028 1297 2095 essentia
1320 2033 1372 2094 est
1395 2031 1480 2114 lepis.
1527 2027 1564 2091 ln

315 2141 378 2206 hac
410 2139 573 2205 obiectiva
605 2138 765 2204 relatione
797 2137 881 2220 legis
911 2139 952 2202 ad
983 2139 1102 2202 bonurn
1133 2157 1304 2203 commune
1333 2135 1418 2217 legis
1443 2136 1565 2199 iustitio

316 2246 510 2331 praesertim
536 2244 731 2319 continetur,
757 2265 840 2325 quae
865 2248 1041 2328 propterea
1064 2243 1151 2309 inter
1175 2242 1368 2308 essentiales
1389 2240 1472 2324 legis
1488 2260 1566 2304 con-

317 2352 461 2418 diciones
484 2354 575 2417 recte
598 2353 787 2416 recensetur
796 2350 818 2413 ¹2.

407 2457 437 2540 c)
462 2458 502 2524 ab
527 2479 570 2536 co,
600 2460 655 2542 qai
678 2477 788 2522 curam
813 2458 1047 2520 commun-itatis
1069 2455 1171 2520 babet.
1189 2507 1196 2518 .
1216 2505 1248 2517 ..
1291 2451 1378 2518 Nam
1401 2455 1439 2516 nt
1454 2454 1566 2516 monet

318 2567 352 2634 S.
381 2565 534 2630 ibamus:
562 2563 650 2642 ,Lex
672 2562 813 2646 proprie,
837 2561 943 2646 primo
967 2582 1007 2626 ac
1030 2559 1255 2644 principaliter
1270 2558 1404 2642 respicit
1420 2557 1564 2623 ordinem

317 2672 361 2737 ad
384 2673 503 2736 bonum
529 2690 715 2735 commune:
740 2669 892 2734 ordinare
916 2673 1027 2734 autem
1050 2666 1174 2749 aliquid
1196 2667 1229 2731 in
1254 2667 1372 2731 bonum
1397 2684 1566 2731 commune

317 2783 370 2844 est
386 2778 440 2843 vel
455 2777 557 2844 totius
572 2776 790 2842 multitudinis
810 2776 864 2840 vel
888 2775 1025 2840 alicuius
1048 2773 1193 2857 gerentis
1217 2772 1321 2838 vicem
1336 2773 1440 2839 totius
1455 2769 1566 2836 multi·

318 2883 450 2960 tudinis,
476 2887 510 2949 et
532 2881 604 2948 ideo
631 2882 770 2947 condere
792 2881 899 2963 legem
922 2880 975 2945 vel
993 2879 1137 2964 pertinet
1149 2880 1190 2944 ad
1202 2882 1308 2944 totam
1324 2877 1565 2944 multitudinem

318 2991 373 3055 vel
397 2989 541 3073 pertinet
556 2989 598 3054 ad
614 3009 787 3072 personam
806 2986 978 3071 publicam,
1005 2985 1207 3068 quantotius
1223 2983 1441 3050 multitudinis
1457 3002 1567 3048 curam

317 3096 428 3174 habet,
453 3095 530 3179 quia
554 3099 588 3161 et
610 3095 643 3159 in
667 3093 817 3160 omnibus
840 3093 913 3159 aliis
937 3093 1089 3159 ordinare
1110 3092 1145 3157 in
1168 3093 1265 3156 tinem
1290 3094 1341 3157 est
1365 3090 1444 3168 eins,
1476 3088 1568 3154 cuius

318 3202 469 3287 proprius
500 3205 551 3267 est
580 3201 711 3267 finis.“⁸
757 3201 806 3264 De
835 3221 898 3282 quo
922 3201 994 3266 loco
1018 3199 1198 3265 notandum
1222 3201 1290 3263 est:
1321 3218 1381 3280 per
1407 3197 1567 3274 ,multitu-

320 3307 447 3374 dincm“
473 3329 537 3373 non
561 3307 740 3391 quamlibet
763 3307 894 3374 turbam
916 3306 1093 3385 bominum,
1125 3304 1184 3370 sed
1214 3325 1333 3388 corpus
1356 3301 1479 3368 sociale
1501 3301 1566 3367 iarn

320 3418 444 3480 unitam
469 3422 496 3480 et
519 3415 658 3480 vitaliter
684 3416 885 3479 coustitutum
909 3411 1091 3494 designari;
1123 3415 1157 3477 et
1188 3414 1303 3494 „mrem
1333 3430 1441 3495 perere
1463 3410 1567 3474 malti-

319 3517 463 3586 todiaia“
496 3540 539 3584 ex
570 3521 680 3584 mente
709 3518 741 3586 S.
767 3518 920 3584 Doctoris
951 3517 1040 3582 aliud
1067 3538 1131 3582 non
1162 3515 1365 3598 significare,
1397 3535 1495 3596 quam
1524 3512 1566 3590 id,

320 3627 405 3708 quod
436 3624 550 3690 statim
580 3624 763 3708 subiungit:
798 3623 1034 3703 ,multitudinis
1057 3622 1254 3706 (societatis)
1278 3643 1388 3687 curam
1412 3620 1566 3698 habere“,

321 3735 355 3797 et
369 3735 504 3797 eatenus
520 3730 649 3796 nomine
666 3730 884 3797 multitudinis
899 3751 953 3794 ree
969 3733 1074 3814 ipsias
1090 3728 1168 3810 (non
1184 3728 1247 3794 sibi
1262 3725 1426 3812 proprias)
1443 3745 1567 3800 curare,

321 3839 407 3922 qnod
430 3837 543 3919 utique
567 3837 654 3903 omni
677 3836 860 3920 legislatori
885 3836 1052 3915 incumbit,
1084 3835 1235 3918 quamvis
1257 3835 1386 3900 ratione
1408 3835 1569 3917 potcstatis

320 3966 386 4010 non
402 3943 629 4023 multitudinis,
646 3944 704 4009 sed
720 3945 783 4009 Dei
799 3943 888 4008 vices
904 3946 1011 4024 gerat.
1043 3942 1195 4024 Namque
1211 3941 1253 4006 ad
1268 3925 1383 4018 Deum,
1401 3942 1568 4004 auctorem

321 4055 470 4130 naturae,
496 4050 609 4116 eodem
633 4050 755 4134 passim
780 4049 918 4115 docente
935 4049 966 4115 S.
985 4049 1120 4126 Thoma,
1142 4071 1202 4134 per
1225 4049 1391 4114 essentiam
1414 4044 1568 4128 pertinet,

321 4157 463 4224 mediate
487 4157 538 4222 vel
562 4156 749 4223 immediate
772 4159 956 4221 raniversnra
980 4157 1136 4221 rrrundum
1158 4156 1309 4220 moralem
1332 4153 1485 4218 ordinare
1494 4153 1517 4214 ⁴.

412 4263 446 4346 d)
464 4267 679 4348 promalpato.
712 4263 878 4346 Imperare
902 4261 988 4326 enirn
1011 4260 1097 4325 idem
1121 4262 1173 4325 est
1196 4281 1235 4325 ac
1258 4258 1406 4324 subditos
1427 4257 1468 4322 ad
1493 4277 1570 4321 con-

324 4369 509 4436 venientem
542 4369 686 4434 ordinem
720 4367 894 4448 obligando
919 4366 1103 4451 applicare;
1135 4364 1313 4450 applicatio
1344 4367 1455 4430 autern
1485 4363 1571 4429 eius-

323 4475 410 4540 modi
447 4475 480 4539 in
512 4475 658 4540 subiecto
689 4473 904 4556 intellegente
937 4472 1035 4538 aliter
1066 4473 1136 4537 lieri
1166 4471 1280 4554 nequit
1312 4470 1374 4536 nisi
1406 4470 1571 4535 mediante

324 4581 510 4664 cognitione
540 4584 574 4647 et
604 4579 678 4645 hinc
709 4601 768 4664 per
798 4579 1099 4646 manifestationem
1138 4577 1326 4644 authentice
1358 4575 1481 4642 factam
1512 4596 1570 4641 seu

324 4709 382 4772 per
405 4687 732 4771 promulgationeml.

322 4852 466 4860 ———-

418 4939 473 4991 ιε.
497 4935 990 5006 mom.,sae01.1,a,q.ao,a.
1013 4935 1035 4987 1.
1144 4931 1359 4986 mamea.

416 5025 570 5080 amaa.
679 5023 747 5077 4ιι).
769 5025 792 5088 1,
812 5042 837 5091 q.
860 5023 919 5088 103,
939 5039 962 5075 a.
985 5023 1061 5076 1-s.
1170 5019 1238 5073 5ιι.
1260 5020 1283 5083 1,
1302 5019 1327 5082 a,
1346 5036 1372 5087 q.
1392 5019 1434 5098 ao,
1454 5037 1477 5072 a.
1497 5021 1524 5072 4.
