3909 5842
642 623 711 679 Esse
729 625 897 678 sanctionem
915 625 1066 680 naturalem
1086 627 1245 682 ostenditur.
1504 636 1567 700 231

411 796 571 869 Probatur
592 815 670 888 pars
692 799 717 869 I.
764 802 881 868 Exstat
910 807 975 869 iarn
1003 825 1064 889 pro
1088 808 1153 869 cita
1174 810 1338 890 praesenti
1361 810 1471 893 aliqua
1495 812 1571 896 lepis

322 908 444 971 semotio
466 907 639 989 nataralia,
663 909 720 972 secl
740 911 893 994 partialis
915 918 1040 975 tamtam
1063 919 1092 976 et
1114 911 1309 996 imperfecta.
1357 913 1401 979 Et
1425 933 1503 979 vero

415 1026 442 1086 l.
467 1021 548 1086 ane
572 1024 743 1108 aliqualem
771 1027 927 1091 eiusmodi
949 1029 1152 1109 sanctionem,
1178 1027 1342 1093 cotidiana
1367 1029 1572 1113 experientia

321 1128 405 1194 satis
428 1127 581 1195 ostendit.
630 1129 678 1194 Eo
702 1135 792 1197 certe
815 1130 983 1214 pertinent
1005 1131 1039 1212 a)
1063 1131 1136 1215 ipsa
1159 1135 1368 1198 conscientiae
1390 1155 1449 1199 aaa
1472 1135 1571 1199 bene·

322 1233 413 1300 facta
435 1233 565 1300 interna
589 1236 826 1319 approbatione
849 1240 885 1302 et
907 1237 1053 1302 sensibili
1076 1235 1175 1302 animi
1199 1238 1328 1314 solatio,
1359 1240 1463 1305 malas
1491 1260 1570 1305 vero

309 1340 469 1405 ‘actiones
492 1339 731 1408 condemnante
752 1342 870 1408 iudicio
895 1347 929 1408 et
951 1363 1050 1408 sensu
1070 1342 1227 1410 trist'tiae
1252 1344 1449 1424 constantis,
1473 1345 1571 1428 idque

321 1467 387 1511 non
410 1466 470 1529 per
491 1446 653 1526 accidens,
678 1448 736 1514 sed
759 1469 818 1532 per
840 1448 971 1514 modum
996 1453 1135 1515 naturae
1158 1449 1346 1528 rationalis;
1371 1450 1405 1532 b)
1430 1455 1570 1518 causalia

322 1555 375 1619 ille
396 1574 498 1619 cacas
520 1552 552 1617 in
576 1556 698 1619 natura
720 1573 829 1619 rerum
854 1554 1022 1633 fundatus,
1047 1555 1080 1618 vi
1104 1555 1195 1620 ouius
1212 1553 1284 1639 (per
1299 1577 1335 1621 se
1354 1560 1388 1622 et
1404 1558 1570 1640 praescin-

321 1659 429 1724 dendo
458 1659 499 1724 ab
529 1659 787 1727 accidentalibus
817 1659 1073 1745 irupedimentis)
1097 1681 1171 1726 cum
1195 1645 1424 1728 observatione
1448 1663 1571 1728 ordinis

321 1765 466 1844 moralis,
490 1765 561 1830 sive
583 1765 792 1832 individualis
815 1767 887 1832 sive
910 1767 1051 1845 socialis,
1076 1787 1136 1851 per
1159 1767 1289 1832 modum
1314 1769 1487 1834 effectuum
1510 1789 1570 1834 na·

320 1871 476 1936 turalium
497 1874 688 1958 multiplicia
712 1873 793 1937 bona
816 1878 887 1938 tum
909 1872 1123 1938 individualis
1138 1877 1207 1938 tum
1224 1872 1369 1951 socialia,
1394 1895 1467 1940 cum
1483 1873 1571 1940 illius

321 1976 520 2043 laesionibus
543 1998 633 2056 vero,
657 1978 853 2061 praesertim
869 1977 1087 2060 gravioribus
1112 1978 1262 2045 similiter
1277 1982 1466 2065 multiplicia
1483 1983 1570 2046 mala

321 2083 564 2167 coniunguntur
587 2084 676 2167 (vids
698 2106 730 2152 u.
756 2084 834 2166 217)
845 2087 866 2150 1.

412 2191 507 2257 Unde
531 2195 566 2257 et
582 2193 723 2258 sanaem
745 2195 837 2258 recte
852 2192 1023 2257 observat:
1051 2191 1198 2269 ,Malitia
1213 2193 1286 2276 ipsa
1301 2192 1477 2258 maximam
1494 2214 1570 2277 par-

321 2303 388 2362 tem
413 2295 529 2362 veneni
553 2296 604 2362 sui
627 2296 747 2373 bibit“;
779 2301 813 2363 et
841 2299 874 2364 S.
900 2298 1140 2382 Aapcetiausss:
1176 2298 1333 2377 ,Iussisti
1358 2299 1506 2376 Domine,
1536 2303 1570 2365 et

319 2401 369 2468 sic
391 2407 454 2480 est,
477 2407 515 2468 ut
537 2403 642 2467 omnis
665 2402 793 2468 animus
815 2403 1020 2470 inordinatus
1043 2423 1149 2488 poena
1172 2404 1217 2470 sit
1239 2403 1290 2470 sui
1313 2403 1443 2488 ipsius.“

412 2513 443 2575 2.
468 2510 616 2575 Eandem
638 2531 710 2574 aero
739 2531 802 2575 ease
831 2512 1001 2596 partialem
1034 2517 1158 2575 matam
1188 2518 1216 2576 et
1245 2511 1472 2596 imperfectam,
1505 2531 1570 2574 non

322 2615 429 2680 minus
451 2615 662 2681 manifestum
686 2620 746 2682 est.
794 2615 856 2681 Est
879 2615 964 2682 enim
987 2636 1047 2700 per
1070 2636 1106 2680 sa
1129 2616 1200 2681 sola
1223 2636 1328 2698 neque
1339 2605 1435 2682 lsatis
1450 2615 1569 2681 efficax

321 2742 381 2787 seu
405 2723 579 2806 sufficiam,
604 2741 709 2804 neque
732 2723 909 2787 secundnm
933 2742 1081 2787 normam
1105 2721 1250 2788 iustitiae
1272 2723 1433 2809 perfecta:

412 2826 446 2910 a)
470 2829 543 2893 Non
567 2837 613 2894 eet
634 2828 807 2913 sufficiens,
831 2828 863 2892 id
888 2828 974 2910 quod
996 2848 1056 2912 per
1075 2827 1301 2911 compendium
1316 2829 1371 2894 vel
1387 2829 1463 2894 inde
1479 2833 1569 2895 certo

320 2933 477 3016 colligere
499 2934 588 3012 licet,
619 2934 705 3016 quod
729 2934 770 3000 ad
794 2934 900 3017 legem
923 2933 1082 2999 moralem
1105 2934 1302 2999 servandam
1325 2955 1390 3000 non
1413 2955 1488 3000 raro
1512 2957 1569 3002 ne-

321 3059 414 3105 cesse
444 3040 497 3119 sit,
528 3062 593 3106 non
617 3041 722 3106 solum
745 3045 865 3106 cuncta
888 3040 980 3105 vitae
1002 3039 1187 3124 praesentis
1210 3040 1296 3106 bona
1316 3045 1416 3123 atque
1439 3043 1568 3119 solatia,

320 3147 380 3212 sed
404 3147 507 3213 vitam
530 3147 636 3231 ipsam
660 3152 752 3214 certo
777 3146 953 3212 discrimini
977 3146 1116 3213 obicere.
1163 3146 1240 3224 Quis
1271 3153 1381 3214 autem
1406 3149 1568 3228 stimulus,

321 3274 387 3336 quo
410 3255 565 3320 voluntas
586 3253 620 3319 in
643 3254 727 3336 legis
750 3254 885 3320 tramite
908 3252 1089 3319 efficaciter
1112 3253 1330 3332 contineatur,
1357 3253 1390 3318 in
1413 3254 1453 3319 iis
1477 3254 1569 3320 bonis

320 3363 393 3424 tum
405 3359 542 3445 reperiri
552 3360 667 3444 possit,
682 3381 755 3424 cum
767 3379 807 3424 ea
819 3379 954 3425 servare
966 3357 1053 3424 torta
1065 3360 1242 3444 perlegam
1255 3359 1360 3443 ipsam
1373 3381 1437 3425 non
1449 3360 1569 3427 liceat?

320 3466 392 3530 Iam
407 3487 497 3544 vero,
521 3474 558 3534 nt
573 3467 701 3535 sanctio
723 3467 807 3550 legis
829 3488 887 3550 per
903 3487 939 3531 se
955 3465 1121 3532 sufficiens
1145 3469 1179 3532 et
1195 3468 1316 3533 tuendo
1333 3468 1449 3532 morali
1465 3467 1569 3532 ordini

316 3594 383 3658 ,par
413 3573 474 3638 dici
505 3574 620 3658 possit,
651 3595 785 3640 necesse
812 3577 874 3652 est,
906 3578 943 3640 ut
965 3573 1044 3638 talis
1067 3594 1139 3639 esse
1162 3575 1376 3656 intellegatur
1399 3594 1458 3657 pro
1482 3573 1569 3638 ornni

321 3699 401 3743 casu
424 3683 459 3744 et
481 3679 569 3744 omni
591 3685 768 3764 praecepto
791 3679 885 3762 legis.
906 3679 1030 3744 -Sed
1054 3680 1154 3746 stiam
1178 3685 1275 3746 extra
1298 3679 1455 3746 eiusmodi
1479 3679 1569 3746 vitae

320 3806 419 3851 casus
442 3787 733 3864 extraordinarios,
762 3789 914 3870 spectata
935 3785 1080 3851 bumana
1102 3789 1222 3851 natura
1245 3789 1297 3852 tot
1320 3806 1473 3851 sensuum
1497 3785 1568 3851 ille·

321 3891 429 3957 cebris
453 3891 664 3971 circumdata,
694 3897 764 3959 tam
787 3914 903 3978 parum
930 3893 1057 3959 sanctio
1089 3892 1171 3976 legis
1202 3891 1368 3976 praesenti
1396 3891 1486 3958 vitae
1514 3913 1569 3958 ac·

414 4156 423 4188 ¹
444 4153 536 4221 ,Sicut
554 4171 599 4208 res
617 4153 758 4207 naturales
776 4152 861 4207 ordini
881 4153 989 4206 divinae
1009 4152 1196 4222 providentiae
1209 4151 1369 4215 subduntur,
1389 4151 1428 4205 ita
1447 4154 1568 4204 stactus

321 4244 441 4297 humani.
456 4285 462 4296 .
477 4285 504 4297 ..
548 4243 662 4312 Oportet
689 4239 781 4295 autem
809 4241 922 4295 allectus
949 4241 1041 4294 causis
1072 4257 1121 4311 per
1151 4240 1368 4294 convenientiam
1397 4239 1567 4308 respondere.

321 4331 399 4386 Sicut
423 4331 508 4399 igitur
532 4349 577 4385 res
602 4331 758 4393 naturales,
785 4347 847 4383 curn
871 4328 900 4382 in
923 4329 957 4382 iis
976 4329 1085 4382 debitus
1105 4329 1169 4382 ordo
1188 4328 1354 4382 naturalium
1374 4328 1568 4398 principiorum

319 4424 350 4474 et
368 4420 505 4474 eobanum
522 4423 657 4484 servatur,
676 4421 799 4487 sequitur
817 4436 853 4471 ex
870 4417 1035 4472 necessitate
1053 4419 1167 4471 naturae
1186 4416 1357 4471 conservatio
1377 4422 1405 4469 et
1423 4415 1521 4468 bonum
1541 4415 1569 4468 in

321 4508 403 4579 ipsis,
430 4508 566 4578 corruptio
591 4511 681 4561 autem
701 4512 729 4560 et
746 4506 862 4570 malum,
889 4523 949 4560 cum
976 4523 993 4558 a
1012 4505 1102 4559 debito
1122 4510 1149 4558 et
1168 4504 1287 4558 naturali
1306 4503 1399 4558 ordine
1418 4502 1566 4564 receditur;

319 4598 361 4650 ita
381 4598 461 4650 etiam
481 4597 507 4650 in
526 4597 608 4650 rebus
626 4596 753 4649 humanis
771 4597 885 4664 oportet,
904 4594 984 4663 quod,
1003 4611 1063 4647 oum
1084 4593 1162 4646 homo
1175 4592 1329 4646 voluntarie
1342 4595 1436 4645 servat
1448 4590 1567 4644 ordinem

320 4687 392 4753 legis
410 4685 543 4739 divinitus
560 4684 711 4754 impositae,
730 4687 913 4752 consequatur
930 4681 1038 4746 bonurn,
1058 4699 1110 4735 non
1124 4681 1201 4734 velut
1219 4698 1253 4734 ex
1272 4679 1446 4744 necessitate,
1466 4679 1513 4733 sod
1533 4695 1567 4732 ex

319 4773 524 4843 dispensatione·
541 4773 727 4841 gubernantis,
746 4773 816 4842 qnod
837 4776 880 4826 est
898 4771 1050 4840 praemiari,
1070 4774 1098 4824 et
1116 4787 1130 4823 a
1150 4787 1281 4824 converso
1294 4769 1404 4832 malum,
1424 4785 1485 4822 cum
1504 4767 1568 4821 ordo

319 4862 390 4930 legis
403 4862 486 4915 fuerit
498 4862 716 4931 praetermissus,
730 4866 758 4915 et
770 4861 821 4915 hoc
834 4865 877 4914 est
889 4861 1003 4929 punirl.‘
1026 4861 1053 4914 S.
1073 4861 1173 4928 ibam,
1184 4858 1285 4913 Contra
1300 4857 1379 4912 Geni.
1395 4857 1414 4910 l.
1429 4857 1453 4921 3,
1468 4875 1490 4910 c.
1508 4857 1567 4910 140.

413 4949 527 5020 'Epist
546 4949 589 5003 22.
699 4947 850 5003 ⁸(lorrfess.
872 4949 893 5001 l.
