3909 5842
637 699 677 754 De
695 699 807 754 moralis
825 701 938 756 virtutis
957 705 986 756 et
1004 701 1066 757 vitii
1084 705 1189 758 natura.
1471 705 1535 770 295

291 892 352 932 non
380 874 519 951 quidquid
548 875 710 935 secundum
737 876 916 936 sententiam
944 877 1035 937 etiam
1056 895 1127 936 vere
1148 877 1329 954 probabilem
1350 877 1463 936 licitum
1484 897 1536 938 seu

291 991 353 1031 non
371 972 550 1048 prohibitum
564 975 613 1033 rel
633 993 692 1034 nou
713 980 905 1052 praecaptum
925 981 1008 1035 recte
1029 975 1184 1048 iudicatur,
1207 995 1242 1035 ao
1263 975 1328 1052 ipso
1349 995 1420 1052 prae
1441 977 1536 1036 altera

291 1073 387 1144 parte,
408 1088 483 1145 quae
503 1070 564 1146 legi
584 1072 675 1144 lavat
697 1071 874 1132 laudabilius
889 1072 1038 1132 voluntati
1059 1073 1295 1152 amplectendum
1315 1073 1465 1132 suadetur.
1495 1073 1537 1134 Ut

292 1167 370 1225 enim
390 1186 453 1226 rem
474 1166 564 1227 etiam
580 1189 637 1246 per
656 1187 686 1230 ae
706 1171 815 1229 licitam
835 1189 907 1246 prae
929 1169 1025 1229 altera
1046 1170 1152 1230 saltem
1174 1170 1309 1231 similiter
1322 1169 1406 1230 licita
1420 1169 1451 1229 in
1465 1189 1536 1230 casu

291 1265 466 1342 particulari
486 1265 704 1326 rationabiliter
725 1266 886 1342 eligamus,
915 1286 989 1345 opus
1011 1273 1074 1340 est,
1102 1272 1136 1327 ut
1159 1271 1299 1346 madenti
1326 1276 1351 1327 et
1371 1269 1537 1328 rationabili

289 1365 404 1438 motivo,
424 1380 485 1422 non
504 1381 585 1422 mero
606 1363 746 1422 licentiae
767 1363 866 1422 studio
887 1363 1037 1424 ducamur.

817 1544 939 1654 Gaput
965 1543 1015 1630 II.

335 1685 392 1760 De
419 1686 625 1760 virtutibus
653 1691 692 1761 et
720 1688 825 1762 vitiis
853 1711 921 1763 sau
949 1689 995 1762 da
1023 1687 1232 1762 subiectiva
1259 1689 1419 1763 hominis
1446 1691 1492 1764 ad

588 1813 766 1885 moralem
793 1812 959 1886 ordinem
987 1812 1237 1886 habitudines

807 1997 1026 2080 Prologus,

291 2113 362 2186 330.
452 2117 666 2204 Praecipuum
688 2120 738 2186 sui
753 2120 1007 2188 illustrationem
1022 2121 1104 2188 haec
1120 2119 1288 2187 doctrinae
1311 2118 1445 2186 moralis
1459 2139 1537 2203 pars

291 2241 336 2287 ex
357 2222 503 2291 fontibus
526 2225 720 2310 theologicis
734 2227 840 2310 magis
856 2249 954 2311 quam
969 2227 1203 2312 philosophicis
1219 2226 1365 2293 sortitur.
1397 2226 1442 2292 Et
1457 2245 1537 2292 varo

292 2327 498 2415 philosophia
528 2331 707 2400 christiana
730 2333 791 2399 sibi
815 2355 1007 2418 persuasum
1031 2333 1153 2400 habere
1177 2333 1284 2412 dehet,
1315 2331 1537 2416 inpraesenti

291 2456 401 2501 rerum
429 2437 645 2505 humanarum
675 2439 789 2505 ordina
816 2461 922 2523 neque
951 2439 1112 2505 virtutum
1142 2438 1314 2504 moralium
1345 2436 1537 2504 exercitium

291 2541 421 2610 homine
445 2546 579 2628 dignum
602 2567 708 2628 neque
730 2545 861 2612 felicem
885 2547 1077 2614 avitiorum
1100 2545 1261 2612 servitute
1284 2545 1471 2612 libertatem
1495 2545 1537 2611 ab

290 2647 479 2717 interventu
497 2655 531 2717 at
545 2652 798 2719 manuductione
813 2655 953 2736 paterna
963 2651 1035 2730 Dei,
1053 2673 1118 2734 qua
1133 2651 1277 2718 auctoris
1289 2650 1412 2717 ordinis
1424 2670 1537 2735 super·

290 2756 464 2836 naturalis,
488 2757 624 2824 realiter
646 2758 794 2842 separari
817 2778 971 2840 umquam
994 2777 1101 2842 posse.
1137 2756 1354 2841 Quapropter,
1379 2755 1537 2841 ampliore

289 2859 332 2925 de
355 2861 418 2928 hac
439 2885 477 2930 re
499 2864 700 2932 tractatione
723 2865 765 2930 ad
788 2863 990 2947 theologiam
1012 2863 1175 2946 relegata,
1201 2862 1384 2930 communia
1406 2866 1536 2929 tantum

290 2966 518 3052 philosophiae
541 2970 746 3048 documenta,
770 2991 791 3037 a
814 2971 931 3054 quibus
953 2970 1012 3036 illa
1029 2975 1198 3052 tamquam
1214 2991 1274 3036 suo
1290 2969 1444 3036 rationali
1460 2970 1534 3034 suh·

288 3076 399 3139 strato
429 3075 592 3158 proficisci
624 3076 731 3156 debet,
762 3099 822 3161 per
853 3076 1081 3160 compendium
1111 3075 1438 3160 comprehendamus;
1472 3095 1536 3140 non

288 3179 386 3262 quasi
416 3180 575 3247 eiusmodi
603 3189 781 3267 praecepta
810 3203 900 3248 mera
921 3182 1147 3266 philosophica
1170 3203 1229 3265 per
1252 3202 1288 3246 se
1311 3181 1392 3257 sola,
1424 3184 1536 3263 spreta

290 3285 447 3354 videlicet
470 3289 589 3356 altiore
611 3289 819 3356 institutione
842 3289 1032 3368 christiana,
1057 3288 1099 3354 ad
1122 3289 1304 3373 perfectam
1327 3291 1361 3354 et
1380 3285 1537 3351 divinitus

289 3394 494 3478 propositam
517 3395 608 3461 vitae
630 3395 764 3461 moralis
787 3396 947 3462 rationem
970 3396 1037 3461 iam
1060 3395 1211 3460 sufficere
1235 3397 1366 3476 queant,
1397 3391 1455 3457 sed
1477 3391 1535 3470 ita,

289 3505 330 3566 ut
352 3500 386 3564 in
407 3499 448 3566 iis
471 3502 625 3585 praevius
648 3501 887 3584 quodammodo
903 3507 1042 3569 naturae
1058 3502 1181 3584 gradus
1197 3501 1238 3566 ad
1255 3498 1538 3566 conscendendum

288 3605 462 3688 fastigium
486 3613 606 3674 natura
629 3608 779 3692 superius
802 3608 941 3674 rationis
963 3607 1087 3674 lumine
1110 3608 1269 3690 signetur.

766 3798 1007 3868 Articulus
1031 3799 1063 3867 1.

575 3927 626 3991 De
648 3928 763 3991 morati
784 3929 900 3991 virtute
923 3933 952 3992 et
973 3929 1048 3992 vitio
1071 3928 1254 3992 universim.

609 4091 627 4174 ᾖ
655 4097 682 4159 l.
729 4093 784 4157 De
807 4091 1031 4175 utriusque
1060 4096 1217 4158 natura.

288 4215 358 4288 331.
449 4217 599 4283 Hominis
621 4217 776 4283 libertate
799 4220 899 4299 atque
922 4217 1137 4282 humanorum
1161 4218 1293 4280 actuum
1321 4211 1537 4297 imputatione

288 4325 340 4402 fit,
370 4327 409 4389 ut
431 4323 561 4390 bouitas
583 4328 619 4390 et
641 4323 769 4390 malitia
791 4321 936 4400 moralis,
962 4342 1047 4404 quae
1069 4321 1103 4386 in
1127 4321 1255 4387 actibus
1277 4318 1453 4396 invenitur,
1485 4339 1536 4383 se·

289 4430 433 4495 cundum
457 4431 579 4513 medus
596 4429 862 4513 imputabilitatis
876 4428 909 4494 in
925 4429 1032 4512 ipsum
1048 4427 1230 4493 subiectum
1247 4447 1350 4510 agens
1366 4423 1536 4502 redundet,

385 4665 394 4697 ¹
412 4662 575 4718 Luculentar
592 4662 626 4716 de
644 4661 696 4716 hoc
714 4667 876 4730 argumento
895 4661 1006 4716 disserit
1025 4662 1052 4714 S.
1071 4661 1171 4724 laem„
1190 4657 1217 4713 S.
1230 4657 1313 4712 theol.
1332 4657 1357 4722 2,
1377 4657 1408 4721 23
1428 4657 1493 4720 etl,
1513 4655 1537 4720 2,

290 4773 318 4825 q.
345 4753 467 4814 atr-6&
492 4769 518 4820 q.
545 4753 593 4815 71;
620 4751 721 4805 Contra
746 4749 826 4804 (lent.
851 4749 871 4804 l.
898 4751 927 4816 1,
954 4766 977 4803 c.
1004 4750 1053 4814 92;
1080 4748 1193 4814 Quaest.
1219 4747 1289 4816 disp.
1314 4745 1355 4800 De
1380 4743 1537 4800 virtutibus.

291 4841 334 4896 cf.
354 4844 473 4908 Suam,
491 4839 646 4910 Metaphys.
665 4839 733 4908 disp.
752 4839 802 4902 44;
826 4839 867 4892 De
885 4837 1005 4909 passion.
1025 4839 1053 4891 et
1071 4837 1156 4892 habit.
1175 4836 1243 4906 disp.
1264 4835 1280 4890 8
1299 4839 1328 4889 et
1345 4835 1371 4890 4.
1408 4837 1437 4889 S.
1457 4837 1538 4902 Aua,

291 4929 333 4983 De
350 4929 398 4983 lib.
417 4929 474 4982 arb.
492 4928 510 4982 l.
530 4928 562 4992 2,
581 4945 603 4982 c.
625 4928 671 4991 19;
698 4928 739 4981 Da
757 4927 852 4982 morib.
878 4926 975 4981 eccles.
994 4943 1017 4980 c.
1039 4927 1071 4980 15
1097 4929 1124 4980 et
1143 4926 1172 4979 16
1198 4927 1227 4978 et
1252 4923 1331 4988 alihi;
1357 4941 1392 4978 ex
1417 4921 1539 4992 antiquis

292 5019 416 5086 Arietct„
435 5016 523 5070 Ethic.
542 5015 645 5070 Nicom.
664 5017 696 5080 23
715 5015 803 5070 Ethic.
823 5015 935 5070 Eodem.
955 5016 980 5069 2.
1021 5015 1120 5081 Cicero,
1141 5013 1181 5067 De
1200 5013 1305 5068 officiis.
1395 5051 1398 5058 ·
