3909 5842
781 695 823 751 De
840 695 1021 768 pessiomtus.
1482 699 1525 763 99

276 879 340 952 123.
429 870 588 955 Thetis
613 870 717 955 XII·
752 895 1037 975 concupiscentia
1057 892 1262 959 antecedens
1284 898 1388 975 auget
1408 894 1527 958 volun·

277 993 422 1073 umam,
450 992 526 1072 sed,
555 997 721 1071 qnantum
742 1012 764 1057 a
783 1012 840 1074 se,
868 994 1086 1072 aliquatenus
1108 992 1232 1055 mlnnlt
1252 990 1396 1054 liberum
1417 996 1527 1070 actus,

276 1092 335 1169 qni
356 1091 422 1154 snb
444 1090 517 1154 eins
537 1090 672 1153 inllnxn
692 1108 714 1153 s
733 1092 911 1155 voluntate
931 1090 1116 1169 proeedlt¹.

368 1216 685 1283 Praenotanda:
709 1216 973 1284 Praescindimus
989 1218 1030 1285 ab
1047 1216 1167 1283 effectu
1182 1214 1239 1280 illo
1255 1214 1376 1300 partim
1392 1214 1528 1299 physico

276 1322 373 1388 huius
395 1323 568 1407 passionis,
593 1343 657 1405 quo
680 1322 845 1388 interdum
868 1323 938 1408 ipse
960 1343 1040 1388 usus
1062 1321 1201 1388 rationis
1216 1322 1348 1407 penitus
1363 1320 1527 1388 adimitur.

233 1413 236 1417 Δ
277 1428 384 1495 Actus
404 1428 508 1511 igitur
531 1429 590 1493 sub
611 1428 737 1493 influxu
754 1428 1038 1514 concupiscentiae
1053 1427 1180 1513 positus
1195 1426 1461 1510 subintellegitur
1474 1430 1528 1493 te·

277 1556 354 1600 men
368 1556 442 1601 esse
457 1540 551 1602 actus
567 1536 736 1619 humanus,
760 1554 827 1600 non
841 1539 950 1600 motus
969 1555 1061 1601 mere
1088 1534 1384 1620 ,primo-primus“,
1407 1538 1446 1600 ut
1468 1554 1528 1600 vo·

279 1647 366 1720 cant,
391 1640 462 1707 sine
485 1642 572 1708 omni
596 1640 805 1708 advertentis
828 1641 975 1709 rationis.
1007 1642 1124 1725 Itaque
1149 1644 1253 1719 actus,
1283 1640 1317 1705 in
1341 1662 1404 1724 quo
1426 1639 1528 1705 minui

279 1747 490 1830 aliquatenus
512 1748 651 1815 liberum
675 1747 804 1826 dicitur,
832 1769 898 1814 non
920 1747 1043 1814 idcirco
1067 1746 1305 1815 existimandus
1329 1750 1380 1813 est
1403 1745 1528 1830 simpli·

280 1854 364 1920 citer
386 1878 452 1920 noc
475 1856 564 1921 liber.
599 1853 780 1921 Praeterea
802 1854 916 1922 addita
939 1854 1087 1921 clausula
1113 1862 1287 1941 ,questura
1311 1876 1332 1920 a
1355 1850 1407 1919 se“
1432 1852 1529 1917 simul

278 1960 425 2028 insinuat
453 1982 550 2047 posse
571 1961 654 2040 fieri,
685 1966 722 2028 ut
748 1965 844 2029 actus
873 1962 1084 2029 nihilominus
1112 1966 1246 2029 maneat
1269 1960 1414 2046 perfecte
1437 1960 1527 2043 libor,

279 2088 318 2133 eo
347 2068 435 2151 quod
462 2068 607 2134 influxus
629 2068 802 2152 passionis,
834 2068 934 2134 dese
957 2068 1089 2151 quidem
1112 2068 1250 2133 liberum
1273 2068 1431 2145 minuens,
1462 2066 1528 2133 alio

279 2194 321 2239 ex
344 2173 456 2259 capita
478 2174 691 2258 aequilibran'
713 2179 749 2241 et
770 2195 831 2241 suo
854 2176 975 2242 effectu
998 2174 1152 2241 frustrari
1177 2178 1286 2259 queat.

367 2320 529 2394 Probatur
548 2340 627 2414 pars
649 2322 675 2393 Ι.
713 2322 750 2389 Id
774 2344 897 2407 augere
920 2322 1143 2391 voluntarium
1167 2322 1337 2389 dicendum
1356 2326 1417 2399 est,
1442 2322 1529 2405 quod

280 2433 383 2513 auget
406 2427 590 2495 voluntatis
612 2429 858 2495 inclinationem
875 2431 908 2495 in
924 2436 1051 2503 actum;
1075 2450 1152 2495 nam
1168 2428 1390 2495 voluntarium
1405 2426 1528 2511 aliquid

280 2537 401 2603 dicitur
416 2555 458 2601 ex
481 2556 531 2615 eo,
556 2537 641 2618 quod
664 2536 819 2602 voluntas
841 2537 875 2601 in
898 2536 979 2602 illud
1003 2537 1108 2602 fertur
1131 2534 1176 2619 (n.
1194 2536 1261 2618 82).
1294 2538 1395 2621 Atqui
1410 2555 1528 2601 concu-

280 2642 443 2727 piscentia
466 2642 664 2707 antecedens
683 2648 785 2725 auget
802 2642 982 2709 voluntatis
998 2642 1241 2709 inclinationem
1257 2642 1291 2707 in
1308 2645 1428 2708 actum.
1459 2642 1528 2707 Ex·

279 2750 384 2815 citato
408 2747 495 2813 enim
518 2748 669 2832 appet'tu
692 2748 850 2814 sensitivo
873 2748 922 2813 ita
944 2749 1133 2814 intellectus
1151 2747 1344 2833 disponitur,
1368 2754 1406 2815 ut
1421 2747 1531 2815 obiec·

278 2860 349 2920 tum
374 2855 528 2920 sensibile
550 2859 715 2939 proponat
736 2854 844 2937 magis
865 2854 1061 2921 delectabile
1082 2860 1119 2921 et
1143 2854 1299 2932 alliciens,
1324 2876 1422 2937 quam
1445 2855 1528 2921 alias

278 2962 360 3029 illud
392 2961 634 3046 proposuisset;
665 2964 700 3027 et
728 2960 778 3028 ita
806 2961 963 3027 voluntas
987 2982 1085 3029 sensu
1107 2960 1270 3047 passionis
1292 2960 1451 3027 incitante
1474 2981 1528 3025 ar·

279 3069 412 3134 dontius
434 3068 469 3132 in
490 3068 571 3133 illud
594 3068 710 3133 fertur.
756 3068 844 3154 Erpo
860 3120 868 3134 .
885 3120 921 3133 ..

368 3205 529 3277 Probatur
549 3224 627 3297 pars
649 3204 690 3275 lL
736 3207 822 3274 Illud
852 3210 893 3275 de
920 3230 958 3274 se
987 3208 1106 3275 minuit
1130 3209 1280 3286 liberum,
1311 3206 1398 3291 quod
1429 3206 1469 3273 de
1492 3228 1528 3273 se

277 3314 398 3381 minuit
420 3312 598 3398 positivam
618 3313 770 3399 principii
794 3314 925 3398 agentis
946 3313 1211 3381 indifferentiam.
1250 3315 1351 3400 Atqui
1374 3314 1528 3397 concupi·

277 3421 409 3489 scentia
424 3420 624 3487 antecedens
648 3424 804 3503 quantum
829 3443 850 3487 a
872 3441 909 3486 se
931 3420 1017 3487 hanc
1040 3420 1146 3505 ipsam
1169 3421 1377 3503 aliquatenus
1400 3418 1526 3485 minuit

277 3529 322 3595 Et
355 3548 438 3593 vero
470 3527 569 3592 istam
596 3526 761 3593 minuendi
794 3528 976 3594 efficaciam
1011 3528 1088 3593 inds
1119 3526 1236 3605 habet,
1270 3526 1357 3591 unde
1391 3530 1427 3592 et
1459 3525 1527 3593 vim

277 3634 423 3717 angendi
456 3634 688 3701 voluntarium.
744 3634 834 3699 Idem
868 3634 954 3699 enim
988 3633 1044 3699 ills
1076 3633 1239 3700 naturalis
1269 3632 1429 3709 influxus,
1463 3653 1527 3715 quo

277 3740 435 3825 passione
457 3742 625 3806 excitatus
648 3740 816 3825 appetitus
839 3740 1018 3806 sensitivus
1041 3740 1244 3807 intellectum
1267 3739 1317 3805 ita
1345 3737 1459 3815 afficit,
1490 3743 1528 3806 ut

276 3848 355 3913 inde
390 3846 517 3913 oriatur
547 3847 716 3912 ardentior
747 3848 930 3913 voluntatis
958 3848 992 3912 in
1025 3867 1117 3912 suum
1151 3846 1314 3911 obiectum
1346 3844 1526 3923 inclinatio,

277 3954 376 4019 simul
400 3954 509 4035 aliquo
532 3952 628 4017 modo
650 3952 854 4019 intellectum
878 3952 962 4034 ligat
984 3952 1018 4017 in
1041 3951 1302 4017 consideratione
1323 3949 1527 4015 delectabili·

276 4061 361 4128 tatis
374 4058 505 4135 obiecti,
518 4058 689 4141 ipsumque
701 4059 825 4124 avertit
837 4079 858 4124 a
870 4058 1132 4125 consideratione
1143 4056 1362 4123 inhonestatis
1374 4055 1526 4121 aliorum-

277 4188 341 4249 que
366 4166 525 4232 malorum
551 4164 581 4229 ei
604 4164 862 4240 inhaerentium
886 4164 972 4229 unde
989 4167 1126 4229 eatenus
1141 4164 1259 4229 minuit
1274 4162 1525 4228 indifferentiam

276 4272 390 4338 iudicii
420 4275 454 4337 et
484 4274 722 4353 consequenter
751 4268 1004 4336 indifferentiam
1035 4268 1218 4334 voluntatis
1247 4274 1280 4335 et
1303 4268 1524 4337 libertatem2.

368 4386 493 4452 Verum
516 4390 628 4453 tamen
651 4386 725 4472 ipsa
748 4386 925 4464 evidentia,
956 4384 1078 4468 quain
1102 4384 1199 4449 rebus
1223 4384 1328 4450 obviis
1352 4384 1524 4452 discrimen

276 4496 367 4561 inter
389 4492 562 4558 honestum
587 4496 621 4559 et
643 4494 850 4559 inhonestum
874 4492 977 4557 menti
1001 4494 1135 4557 nostrae
1158 4491 1305 4575 affulget,
1334 4490 1396 4557 nisi
1419 4492 1525 4577 passi·

277 4602 350 4667 onis
380 4600 589 4667 vehementia
618 4600 725 4684 ipsum
753 4620 848 4665 usum
877 4598 1017 4666 rationis
1045 4598 1156 4675 tollat,
1188 4619 1253 4663 non
1280 4598 1456 4683 permittit,
1487 4604 1525 4665 ut

371 4864 380 4895 ¹
398 4862 439 4917 Cf.
460 4864 488 4917 S·
511 4863 601 4917 item.
622 4864 652 4927 l,
670 4862 702 4925 2,
721 4878 748 4931 q.
767 4862 799 4924 6,
818 4878 843 4915 a
863 4861 892 4925 7;
911 4878 937 4929 q.
957 4860 1000 4915 77.
1038 4861 1158 4925 Saurea,
1178 4858 1217 4913 De
1236 4858 1391 4915 voluntario
1409 4860 1478 4931 disp.
1497 4861 1522 4925 3,

277 4955 345 5005 sect.
366 4950 383 5004 3
402 4954 430 5005 et
448 4952 473 5005 4.

368 5038 380 5072 ¹
399 5040 427 5093 S.
450 5038 551 5108 illem,
571 5038 598 5093 S.
616 5038 699 5094 theol.
721 5041 744 5103 1,
763 5040 789 5100 2,
808 5056 834 5108 q.
854 5038 897 5101 77,
916 5054 942 5092 a.
961 5040 977 5093 6
997 5036 1015 5092 i.
1036 5056 1058 5091 o.

1280 5126 1315 5178 7*
