3909 5842
453 691 518 758 402
674 686 763 742 Sectio
781 687 815 742 ll.
853 687 934 744 Liber
952 689 986 744 II.
1024 689 1113 762 Caput
1131 692 1152 746 1.
1189 690 1330 746 Atticulae
1347 691 1374 744 4.
1411 687 1474 757 fil.

454 871 627 948 gumenta,
662 867 780 948 quihus
811 887 926 934 verum
961 869 1173 952 obligationis
1207 868 1402 953 principium
1438 875 1568 936 contra
1605 871 1702 939 Kanlii

459 972 699 1050 ,autonomiam
722 972 879 1040 rationis‘
907 973 1091 1041 adstruitur
1112 997 1144 1045 n.
1163 978 1228 1041 252
1244 974 1331 1058 sqq.)
1361 975 1452 1061 Erpo
1467 996 1600 1042 revera
1615 979 1704 1042 omnis

454 1077 533 1144 iuris
556 1077 673 1144 titulus
697 1079 858 1146 obiective
881 1079 1048 1163 legitimus
1069 1083 1179 1165 legem
1193 1082 1300 1166 ipsam
1316 1080 1463 1146 divinam
1478 1085 1520 1148 et
1536 1082 1704 1149 ultimatim

454 1184 583 1267 quidem
608 1186 792 1252 naturalem
815 1185 849 1252 in
872 1207 908 1252 re
931 1187 1125 1271 particulari
1147 1187 1347 1273 applicatam
1370 1185 1487 1254 refert

454 1297 525 1368 500.
617 1295 808 1370 Gerellaria:
839 1301 864 1368 I.
889 1302 952 1368 Eat
980 1302 1063 1368 haec
1091 1303 1241 1369 doctriua
1269 1303 1367 1386 plane
1389 1303 1544 1386 analoga
1570 1303 1704 1386 dogmati

455 1404 644 1484 christiano,
669 1427 732 1488 quo
756 1411 888 1474 constat
915 1430 999 1488 ,non
1022 1430 1095 1474 esse
1118 1413 1318 1493 potestatem
1341 1409 1404 1474 nisi
1427 1430 1449 1474 a
1471 1409 1591 1475 Deo‘.
1627 1409 1705 1486 Quod

453 1510 506 1576 hic
529 1533 588 1596 per
611 1511 795 1596 apostolum
820 1513 860 1578 de
883 1518 1016 1600 speciali
1038 1517 1144 1604 aliquo
1167 1519 1248 1600 iure,
1272 1515 1398 1581 scilicet
1421 1515 1463 1581 de
1485 1515 1570 1582 iure
1586 1517 1704 1582 socialis

453 1619 663 1686 auctoritatis
686 1619 885 1698 enuntiatur,
913 1620 989 1686 huic
1012 1642 1093 1687 sane
1115 1642 1196 1705 prae
1219 1620 1338 1688 ceteris
1362 1624 1588 1688 ardentiori
1611 1626 1704 1709 aliquo

453 1725 542 1790 modo
566 1725 739 1792 convenire
762 1725 933 1793 latendum
965 1733 1026 1806 est,
1057 1749 1130 1795 cum
1158 1727 1263 1794 omnis
1287 1727 1468 1794 auctoritas
1491 1730 1637 1794 ratione
1656 1729 1702 1792 oh

451 1830 528 1897 ieoti
559 1836 594 1898 et
622 1831 697 1896 finis
729 1832 889 1914 quaedam
920 1834 1023 1919 ipsius
1047 1833 1148 1900 divini
1170 1833 1251 1900 iuris
1274 1834 1307 1900 in
1330 1834 1517 1900 ordinanda
1544 1835 1701 1901 hominum

452 1935 612 2004 societate
634 1937 845 2023 participatio
865 1940 925 2016 sit;
950 1942 1127 2006 secundum
1144 1943 1321 2027 qeneralcm
1338 1943 1448 2005 autem
1465 1940 1642 2006 rationem
1657 1940 1702 2004 illa

452 2041 586 2124 originis
610 2042 753 2126 dignitas
777 2045 902 2112 eunetis
926 2045 1050 2112 iuribus
1073 2047 1252 2112 communis
1276 2050 1336 2124 est,
1361 2051 1398 2111 ut
1414 2045 1498 2111 adeo
1517 2046 1700 2130 generalius

451 2147 603 2215 similiter
626 2150 737 2216 valeat
760 2151 908 2217 axioma:
933 2153 1006 2218 Non
1032 2161 1077 2219 eat
1099 2155 1151 2219 ias
1174 2155 1241 2218 nisi
1264 2175 1286 2217 a
1308 2153 1375 2217 Deo
1386 2155 1408 2217 ¹.

451 2262 518 2334 501.
610 2265 650 2332 Π.
682 2264 844 2348 Quidquid
874 2271 1050 2350 praetenso
1079 2267 1159 2332 iuris
1188 2266 1322 2333 humani
1348 2267 1479 2332 nomine
1502 2268 1576 2333 iuri
1601 2269 1699 2333 divino

450 2371 521 2436 sive
544 2371 686 2456 positivo
710 2372 781 2438 sive
804 2373 947 2438 naturali
968 2397 1028 2460 per
1051 2396 1085 2440 se
1107 2377 1142 2439 et
1164 2373 1332 2457 manifeste
1354 2377 1535 2457 repugnat,
1572 2395 1614 2439 eo
1640 2374 1698 2457 ipso

451 2497 564 2544 verum
587 2478 638 2544 ius
661 2499 720 2544 seu
744 2479 905 2546 obiective
928 2480 1074 2545 validum
1098 2480 1224 2545 censeri
1254 2479 1378 2563 nequit,
1407 2479 1484 2562 quia
1507 2501 1578 2563 per
1601 2501 1639 2546 se
1658 2479 1697 2543 in-
1747 2486 1748 2499 ¹

394 2637 397 2644 .
450 2604 556 2668 capax
587 2590 647 2664 est,
679 2587 764 2668 quod
788 2606 809 2651 a
833 2585 943 2652 divina
973 2586 1174 2654 auctoritate
1204 2587 1306 2652 ullam
1331 2586 1398 2651 vim
1423 2585 1607 2653 moraliter
1629 2585 1696 2650 obli·

450 2691 549 2773 gandi
572 2691 778 2775 participet2.
826 2690 924 2772 (Vide
954 2713 1040 2776 quae
1064 2712 1164 2777 supra
1186 2714 1218 2761 n.
1243 2694 1308 2758 294
1324 2712 1384 2775 sqq
1408 2691 1492 2757 duce
1515 2691 1554 2758 S.
1582 2693 1695 2758 Thema

451 2797 490 2862 de
513 2798 587 2880 lege
610 2799 786 2864 manifeste
808 2798 931 2864 iniusta
954 2800 1019 2865 iam
1043 2799 1191 2866 stabilita
1215 2798 1317 2882 sunt.)

450 2907 519 2980 502.
609 2912 667 2980 Ill.
698 2913 814 2996 Neque
847 2935 920 2980 cum
953 2913 1016 2980 hac
1044 2914 1282 2980 fundamentali
1313 2913 1456 2980 veritate
1486 2934 1604 2998 neque
1633 2932 1692 2977 cun

448 3017 591 3100 genuina
614 3018 693 3085 iuris
717 3019 792 3085 idea
815 3019 982 3086 conciliari
997 3023 1109 3104 potest
1124 3019 1300 3097 sententia,
1323 3018 1420 3084 simul
1436 3040 1511 3084 eum
1528 3019 1692 3086 exclusivo

448 3123 528 3190 iuris
550 3125 754 3208 positivismo
777 3125 811 3191 in
834 3125 993 3192 moderna
1014 3126 1271 3212 iurisprudentia
1286 3125 1603 3210 (,eonservativa‘)
1618 3123 1691 3190 haud

448 3252 523 3296 raro
553 3232 706 3312 admissa,
739 3252 833 3315 quae,
864 3232 956 3298 facta
987 3232 1197 3300 distinctione
1226 3231 1386 3298 interius
1407 3232 1551 3314 formale
1575 3239 1613 3299 et
1634 3254 1691 3296 mu·

447 3342 559 3404 teriolo
589 3339 770 3418 (formellas
800 3337 865 3402 und
889 3338 1090 3404 materielles
1114 3337 1244 3420 Recht),
1275 3341 1423 3404 statuere
1452 3357 1518 3402 non
1552 3339 1691 3404 dubitat:
1745 3350 1746 3407 ἒ

447 3445 497 3510 ius
513 3445 689 3511 humanum
706 3444 890 3510 formaliter
906 3443 1098 3524 subsistens,
1115 3445 1249 3510 tametsi
1260 3443 1477 3510 materialiter
1492 3443 1635 3528 impium
1649 3445 1689 3506 at·

448 3571 510 3632 que
529 3551 636 3616 ethice
657 3549 867 3634 impossibile,
891 3549 941 3616 aui
964 3556 1141 3634 propterea
1159 3551 1291 3634 privata
1308 3550 1474 3625 hominum
1494 3547 1689 3616 conscientia

447 3655 612 3739 passivam
629 3655 850 3723 resistentiam
867 3677 925 3722 seu
938 3657 1261 3723 non-oboedientiam
1274 3657 1392 3723 merito
1404 3660 1564 3741 opponat,
1582 3657 1688 3722 nihilo

447 3760 554 3826 minus
570 3766 737 3844 tamquam
751 3765 822 3844 ,ius
837 3761 1020 3846 formaliter
1035 3763 1199 3830 calidum“
1217 3763 1346 3847 publice
1360 3762 1611 3844 agnoscendum
1626 3781 1687 3827 eme

448 3863 482 3932 et
505 3889 571 3950 qua
593 3869 661 3934 tale
684 3869 910 3946 reverendum,
935 3869 1090 3951 quamdiu
1105 3869 1161 3936 via
1176 3869 1274 3952 legali
1290 3869 1486 3950 abrogatum
1502 3889 1570 3933 non
1586 3867 1687 3934 luerit.
1744 3942 1745 3951 ἵ

535 3973 624 4052 Quae
648 3973 806 4053 doctrina,
832 3975 893 4041 etsi
916 3975 1056 4058 quodam
1073 3975 1294 4041 moderamine
1310 3979 1344 4041 et
1359 3974 1512 4059 privatae
1526 3975 1686 4040 conscien-
1744 3968 1745 4031 l

446 4079 511 4145 liae
527 4080 714 4146 reverentia
730 4102 766 4145 se
783 4080 1023 4158 commendans,
1047 4081 1082 4145 in
1097 4103 1133 4146 se
1148 4087 1261 4149 tamon
1277 4081 1391 4147 eodem
1406 4083 1569 4168 principio
1588 4103 1686 4148 emon·

445 4189 613 4273 cipetionia
644 4189 727 4252 iuris
755 4188 891 4252 hamoni
914 4211 934 4252 a
959 4190 1031 4252 iare
1054 4188 1161 4253 divino
1184 4187 1310 4266 nititur,
1341 4187 1429 4270 quod
1458 4186 1686 4270 euphemistice

449 4293 691 4370 ,obiectivitas“
719 4293 799 4358 iuris
822 4297 960 4360 vocatur
979 4315 1018 4359 ac
1034 4294 1200 4378 proprium
1217 4293 1443 4360 characterem
1460 4293 1607 4372 exhibet,
1630 4311 1685 4374 quo

443 4399 493 4464 ius
521 4403 747 4478 ,modernum“
775 4399 891 4478 veteri,
922 4404 1032 4467 status
1062 4400 1211 4483 publicus
1239 4400 1450 4476 ,modernus‘
1478 4400 1584 4465 statui
1607 4401 1683 4464 chri·
1743 4412 1744 4495 p

444 4509 548 4572 stione
572 4505 778 4590 opponiturl.
815 4505 851 4570 In
876 4506 984 4590 specie
1008 4509 1118 4572 autem
1141 4505 1199 4571 illa
1221 4505 1283 4570 hoo
1307 4505 1429 4589 duplici
1453 4525 1565 4571 errore
1587 4503 1683 4571 mani·

443 4611 529 4677 feste
553 4611 698 4678 laborat:

535 4760 543 4789 ¹
563 4757 603 4811 Cf.
624 4763 722 4812 nostr:
742 4757 791 4811 Die
806 4757 976 4812 Grundslltze
995 4758 1043 4812 der
1056 4757 1226 4813 Sittlichlrsit
1243 4759 1297 4812 und
1317 4758 1367 4812 dea
1385 4757 1490 4812 Rechts
1508 4757 1680 4826 §lla—lat

533 4844 599 4898 ²1b.
690 4847 741 4898 4-
798 4887 804 4899 .
1742 4862 1743 4891 f

534 4845 1070 5005 ³Factfiis13tdiloiilspublieisidipsum
1096 4935 1195 4990 cotidie
1213 4934 1345 4990 illustrari
1364 4935 1499 4991 videmus.
1536 4935 1678 4990 christinae
1742 4928 1744 5047 p

442 5023 510 5076 iuris
529 5023 672 5076 axiomati:
702 5022 817 5088 ,Contra
841 5025 884 5078 ius
903 5024 1026 5078 divinum
1051 5024 1095 5078 ius
1119 5023 1266 5078 humanum
1284 5023 1379 5091 vigere
1404 5041 1459 5079 non
1484 5025 1590 5095 posse‘,
1613 5025 1677 5078 theo
