3909 5842
485 681 550 746 374
756 677 846 733 Sectio
864 678 898 732 Il.
937 679 1017 733 Liber
1035 679 1069 734 ll.
1107 679 1196 751 Caput
1214 679 1236 734 l.
1271 678 1413 734 Atticulae
1431 679 1460 732 2.

484 861 549 934 441.
642 852 797 934 rhesis
824 851 964 936 XLII.
991 878 1051 940 ns
1072 895 1091 942 ο
1112 895 1174 940 suo
1195 879 1264 940 nno
1285 877 1385 941 raom
1407 877 1452 940 aa
1475 882 1614 939 roem
1630 875 1702 939 oco

483 975 548 1036 lem
576 972 729 1036 ordinem
757 973 924 1040 allectiva
951 974 1168 1038 sudandum
1195 979 1230 1038 et
1255 975 1350 1036 intra
1376 973 1704 1040 vicissitudinem

484 1089 605 1134 manae
626 1071 796 1134 libertatis
816 1072 1087 1136 sustentandam
1107 1073 1313 1136 destinatur.

574 1189 881 1256 Praenotanda.
918 1191 1018 1258 Valet
1041 1192 1181 1258 assertio
1204 1194 1273 1258 tum
1298 1191 1339 1256 de
1362 1191 1482 1256 ordine
1508 1189 1644 1256 iuridico
1663 1192 1706 1251 od

484 1317 571 1362 aereo
594 1299 665 1362 tum
689 1295 728 1360 de
752 1295 889 1380 singulis
913 1296 982 1362 eius
1003 1297 1151 1382 partitus
1174 1302 1208 1365 et
1237 1296 1419 1375 elementis,
1451 1295 1611 1379 adeoque
1637 1308 1664 1360 et
1685 1295 1707 1357 le

483 1401 553 1466 iure
577 1422 635 1485 pro
655 1401 771 1468 morali
786 1405 953 1486 potestate
969 1407 1116 1487 accepto.
1133 1438 1175 1450 -
1195 1405 1309 1487 „Finis
1326 1402 1463 1469 idealis“
1484 1403 1576 1468 iuris
1590 1403 1622 1468 id
1636 1403 1707 1486 ipsun

484 1529 556 1576 esse
580 1509 792 1592 intellegitur,
817 1509 859 1575 ad
883 1511 968 1593 quod
992 1511 1043 1576 ius
1064 1531 1107 1576 ex
1121 1513 1232 1577 mente
1247 1510 1391 1594 supremi
1406 1509 1618 1576 ordinatoris
1632 1507 1708 1573 nunu

483 1615 617 1682 moralis
641 1615 828 1699 deputatur.
845 1653 888 1660 —
904 1618 1020 1683 Rectus
1042 1638 1141 1701 porro
1164 1621 1291 1684 socialia
1306 1618 1396 1701 ordo,
1419 1615 1463 1682 ad
1482 1637 1592 1698 quem
1605 1613 1708 1680 nom

484 1722 559 1787 dum
584 1727 618 1789 et
642 1723 892 1790 sustentandum
915 1723 966 1789 ius
990 1724 1154 1808 pertinere
1178 1725 1306 1802 dicitur,
1333 1745 1398 1790 non
1422 1727 1478 1790 est
1504 1722 1634 1805 aliquid
1653 1719 1708 1784 arti·

483 1828 631 1907 tranium,
654 1830 711 1894 sed
727 1829 824 1912 plane
841 1829 1038 1895 obiectivum
1053 1834 1088 1896 et
1102 1831 1137 1896 in
1152 1831 1221 1896 suis
1236 1829 1489 1896 delineamentis
1507 1827 1708 1895 essentialia·

484 1934 640 2000 divinitus
664 1935 697 2016 (i.
718 1956 745 2003 e.
770 1935 876 2002 aDeo
900 1940 938 2002 ut
960 1940 1096 2003 auctore
1118 1935 1272 2016 naturae)
1295 1936 1491 2014 stabilitum,
1519 1941 1562 2003 ut
1585 1938 1669 2019 patet
1684 1953 1708 1994 a

482 2040 533 2118 iis,
558 2061 642 2123 quae
664 2063 765 2127 supra
788 2042 828 2108 de
851 2043 996 2110 naturali
1019 2042 1145 2126 origine
1167 2043 1337 2110 societatis
1352 2042 1525 2108 humanae
1542 2042 1706 2108 dictasunt.

483 2146 632 2230 idemque
663 2149 909 2234 comprehendit
931 2153 1002 2216 tum
1025 2153 1151 2215 rectam
1174 2148 1339 2215 hominum
1362 2148 1668 2215 subordinationem
1685 2144 1707 2208 aa

483 2253 671 2335 organicam
695 2255 855 2321 unitatem
878 2253 1033 2320 socialem
1056 2258 1127 2320 tum
1150 2259 1274 2321 rectam
1291 2254 1582 2322 coordinationem
1597 2253 1706 2335 singulo

483 2379 554 2424 rum
578 2361 797 2428 membrorum
820 2361 989 2428 socialium
1013 2362 1100 2427 inter
1122 2382 1168 2429 se.

482 2497 552 2570 442.
643 2495 804 2572 Probatur
825 2499 860 2571 1⁰.
906 2504 960 2568 Ec
982 2505 1136 2570 relatione
1158 2506 1242 2569 iuria
1266 2505 1311 2568 cd
1334 2506 1502 2572 iustitiam.

571 2605 661 2672 Finis
683 2608 799 2674 idealis
822 2609 968 2676 universi
990 2609 1071 2675 iuria
1094 2631 1168 2675 cum
1190 2611 1255 2674 line
1277 2609 1376 2676 ideali
1398 2609 1503 2694 ipsius
1526 2605 1705 2677 iustitiam

482 2712 623 2778 iectivao
654 2718 816 2795 congruat
847 2735 982 2782 necesse
1011 2719 1072 2782 est.
1119 2716 1174 2782 Ius
1202 2715 1321 2800 quippe
1344 2735 1386 2780 ex
1409 2715 1602 2797 originaria
1622 2724 1704 2778 suad

482 2817 638 2902 primaria
667 2819 799 2885 notione
828 2820 934 2905 ipsum
966 2822 1128 2887 obiectum
1158 2821 1305 2888 iustitiae
1335 2822 1481 2887 denotat.
1533 2823 1635 2907 Atqui
1658 2813 1704 2880 uui

482 2945 601 2990 versae
624 2925 770 2992 iustitiae
794 2927 975 2994 obiectivae
998 2928 1072 2998 finis
1095 2927 1211 2993 idealis
1233 2928 1267 2992 in
1290 2930 1381 2993 recto
1405 2927 1524 2992 sociali
1549 2921 1705 2994 ordineotr

482 3029 601 3098 iective
632 3032 832 3100 adstruendo
865 3039 899 3100 at
931 3035 1147 3100 sustentando
1180 3035 1264 3100 situs
1293 3037 1354 3100 est.
1400 3035 1487 3120 Erpo
1521 3037 1568 3102 ad
1598 3031 1700 3098 eunden

482 3139 579 3204 finem
602 3139 728 3222 pariter
750 3140 938 3206 universum
962 3139 1013 3205 ius
1036 3139 1182 3205 ordinari
1204 3137 1393 3204 immediate
1415 3139 1641 3222 consequitur.

571 3247 686 3314 Prob.
718 3247 859 3315 minor.
907 3247 996 3312 Ordo
1025 3246 1171 3312 iustitiae
1200 3244 1332 3330 proprie
1362 3244 1469 3310 dictae
1492 3244 1554 3325 (de
1578 3265 1640 3328 qna
1658 3237 1704 3306 solt

481 3351 534 3417 hic
558 3352 682 3437 agitur)
706 3358 823 3437 suapte
847 3355 967 3419 natura
991 3352 1033 3418 ad
1057 3372 1131 3416 eum
1155 3350 1285 3416 modum
1309 3349 1431 3415 ordinis
1454 3351 1632 3418 rationalis
1654 3365 1703 3431 prr

480 3458 574 3536 tinet,
600 3459 655 3541 qui
678 3460 830 3526 consistit
852 3459 886 3526 in
915 3457 1045 3538 „ordine
1067 3457 1210 3542 partium
1235 3457 1276 3522 ad
1300 3477 1399 3522 unum
1421 3459 1533 3522 totum
1556 3463 1592 3524 et
1607 3454 1702 3520 rodon

481 3562 576 3628 huius
600 3565 642 3629 ad
665 3585 700 3630 sa
724 3565 902 3643 invicem“;
928 3568 1090 3648 quatenus
1112 3563 1164 3628 hic
1180 3565 1214 3628 in
1230 3561 1337 3646 specie
1353 3562 1473 3628 mundo
1489 3562 1611 3629 morali
1626 3554 1701 3642 appii·

482 3674 586 3747 catur,
618 3671 709 3736 cuius
738 3673 832 3754 quasi
861 3678 973 3756 partes
997 3672 1236 3738 constituentes
1259 3674 1337 3736 sunt
1359 3669 1490 3752 singula
1513 3670 1610 3735 entia
1630 3661 1701 3730 ratio

482 3775 621 3841 ualitate
651 3782 685 3843 et
715 3779 868 3846 libertate
898 3779 1049 3863 praedita
1078 3798 1135 3844 seu
1165 3797 1343 3861 personam
1373 3774 1406 3840 id
1430 3775 1517 3857 quod
1542 3777 1610 3840 iam
1630 3783 1699 3852 supa

483 3881 527 3962 (n.
554 3884 618 3947 203
635 3883 686 3966 sq)
716 3883 749 3949 in
780 3883 971 3967 quaestione
1000 3883 1180 3949 demerito
1204 3885 1239 3948 et
1262 3880 1420 3947 demerito
1442 3880 1641 3946 luculentius
1664 3891 1701 3936 ex·

482 3988 650 4072 planatum
676 3996 736 4057 est.
768 3994 867 4078 Atqui
890 3990 942 4057 hic
965 3991 1036 4075 ipse
1060 4011 1187 4055 cosmos
1209 3987 1353 4067 moralis,
1379 3987 1433 4069 qui
1457 4009 1500 4052 ex
1523 3985 1699 4064 detincre
1738 4018 1739 4063 3

481 4095 631 4179 portione
660 4117 873 4181 personarum
903 4102 974 4164 tum
1005 4096 1046 4163 ad
1077 4117 1176 4162 unam
1203 4095 1359 4161 moralem
1383 4094 1589 4160 totalitatem
1612 4084 1700 4170 (sotir
1738 4086 1739 4109 *

482 4200 610 4283 tatem),
635 4205 705 4267 tum
728 4202 856 4268 ratione
879 4202 973 4268 huius
997 4201 1040 4267 ad
1063 4201 1265 4268 seinvicem
1288 4201 1447 4276 exoritur,
1471 4201 1563 4266 aliud
1587 4218 1645 4265 non
1666 4205 1698 4255 eil

491 4343 570 4350 —---
577 4343 610 4350 -μ
619 4344 798 4352 -m--q

483 4427 555 4464 mum
581 4413 675 4481 aperte
700 4409 846 4464 theismum
872 4410 1023 4479 profitetur.
1060 4409 1177 4463 Fructus
1201 4412 1293 4464 autem
1318 4408 1417 4477 aliquis
1442 4407 1578 4462 eiusmodi
1601 4412 1697 4472 ‚exacta

481 4499 627 4552 scientiae‘
649 4502 776 4569 apparet:
803 4498 830 4552 in
850 4501 931 4552 irrito
957 4501 1056 4552 conatu
1080 4515 1169 4552 veram
1197 4497 1364 4567 concipiendi
1386 4495 1582 4564 obligationem
1600 4496 1651 4548 sins
1664 4487 1698 4539 ior·

482 4586 547 4653 mali
565 4591 692 4657 respectu
710 4587 745 4640 ad
764 4587 852 4655 legem
866 4585 916 4640 Dei
932 4588 959 4640 in
972 4591 1071 4641 natura
1083 4585 1210 4640 rationali
1223 4585 1422 4656 promulgatam
1436 4585 1485 4652 (cf.
1498 4584 1511 4638 l
1524 4584 1580 4639 290
1592 4581 1637 4637 329
1647 4591 1696 4642 822·-

483 4674 510 4726 ln
529 4675 589 4730 idea
609 4677 675 4730 iaris
694 4693 710 4730 a
729 4675 912 4729 mechanisma
930 4675 1019 4742 magis
1037 4691 1118 4743 quam
1138 4691 1154 4727 a
1172 4674 1268 4727 morali
1294 4673 1387 4728 ordine
1404 4672 1567 4743 deprompta
1585 4659 1696 4740 (firmil

482 4763 571 4816 sation
590 4763 638 4818 des
651 4765 796 4833 Zwangae‘
812 4783 838 4834 p.
851 4765 925 4832 291),
945 4765 972 4817 ὶιι
991 4763 1105 4818 iuridica
1117 4765 1207 4818 status
1225 4761 1421 4832 omnipotentia
1434 4761 1556 4829 (neem
1573 4763 1609 4814 ist
1624 4750 1695 4812 lert·

483 4849 583 4917 begriff
599 4851 647 4906 der
664 4853 691 4906 in
712 4855 798 4906 einsm
818 4853 912 4907 Stante
931 4851 1076 4920 geltenden
1094 4851 1354 4918 Zwangsnormen‘;
1377 4849 1447 4916 ‚Der
1464 4847 1546 4904 Stant
1563 4851 1606 4905 die
1622 4844 1695 4904 einos

484 4935 579 5001 Quelle
598 4939 645 4994 des
664 4939 781 4995 Rechts*
804 4959 829 5011 p.
849 4941 916 5005 32ος
944 4940 1038 5007 „Anah
1063 4939 1113 4994 das
1131 4939 1220 4994 Recht
1237 4939 1285 4994 der
1304 4938 1481 4994 christlichen
1500 4939 1602 4993 Kirche
1617 4925 1692 4988 aaut

483 5026 569 5082 durch
589 5029 738 5096 Ableitung
756 5047 809 5082 von
829 5029 916 5083 seiten
935 5029 983 5083 des
1002 5027 1126 5082 stantes·
1148 5045 1173 5098 p.
1194 5027 1258 5096 321)
1279 5031 1331 5082 etc.
