3909 5842
429 608 471 674 94
651 603 741 658 Sectis
759 604 780 657 Ι.
818 603 899 659 Liber
916 605 937 659 Ι.
976 602 1067 675 (18881
1084 605 1134 661 Ill.
1171 604 1312 661 Atticulae
1331 606 1356 660 3.
1394 605 1456 673 52.

427 782 491 855 118.
582 778 775 853 Corollaria:
798 781 824 851 I.
847 782 1041 866 Ignorantia
1056 785 1253 851 invincibilia
1268 804 1325 849 888
1341 783 1477 870 perfecte
1493 785 1692 849 antecedens

428 889 559 955 omnino
575 890 715 954 excusat
736 908 757 953 a
773 892 911 971 peccato
926 888 1068 968 formali,
1091 890 1112 957 i.
1130 910 1159 957 8.
1175 888 1278 956 libere
1293 890 1407 968 volito,
1431 888 1505 956 aive
1519 894 1579 955 est
1596 889 1691 972 iguo-

427 996 538 1061 rantia
559 994 642 1060 facti
664 994 735 1060 eive
757 993 839 1059 iuris
862 992 974 1073 cinni,
998 995 1160 1061 naturalis
1183 998 1242 1063 881
1264 995 1407 1079 positivi.

518 1100 558 1167 II.
583 1099 777 1183 Ignorantia
799 1102 958 1167 vincibilis
981 1122 1039 1167 888
1063 1101 1173 1183 811888
1189 1101 1286 1169 modo
1302 1122 1519 1184 consequens,
1544 1100 1692 1167 simodo

429 1229 495 1273 non
518 1207 562 1273 sit
584 1206 741 1273 affectata
763 1209 823 1273 881
845 1206 943 1273 valde
959 1228 1082 1287 crassa,
1108 1208 1316 1290 aliquatenus
1331 1207 1448 1273 minuit
1463 1208 1691 1274 subiectivam

429 1313 560 1397 culpam
582 1313 710 1397 peccati
732 1333 775 1378 ex
797 1312 857 1379 1118
879 1313 1053 1380 commissi.
1100 1312 1138 1379 In
1162 1313 1249 1380 omni
1271 1313 1466 1397 particulari
1489 1333 1575 1379 casu
1608 1313 1691 1379 haec

428 1418 635 1485 aestimanda
657 1418 722 1484 erit
739 1438 782 1483 ex
797 1418 904 1501 gradu
918 1418 1159 1502 neglegentiae,
1186 1440 1251 1502 888
1265 1440 1407 1503 peccans
1422 1420 1560 1487 debitae
1578 1419 1692 1501 cogui-

427 1526 527 1592 tionis
548 1524 768 1607 acquirendae
782 1525 987 1591 occasionem
1004 1545 1077 1591 cum
1094 1525 1206 1609 aliqua
1221 1526 1431 1593 advertentis
1446 1525 1691 1610 praetermisit

517 1631 576 1697 HI.
607 1629 697 1708 Quae
727 1630 768 1696 de
797 1630 987 1714 ignorantia
1011 1630 1209 1711 dictasunt,
1234 1632 1419 1715 generatim
1442 1634 1563 1699 valent
1589 1633 1691 1699 811818

429 1738 470 1804 18
499 1740 744 1821 incdeertentim
775 1736 868 1804 facta
896 1738 1023 1822 pariter
1052 1738 1262 1805 distinctione
1292 1738 1379 1805 inter
1402 1739 1691 1805 inadvertentiam

429 1846 641 1913 invincibilem
664 1846 699 1909 et
721 1843 909 1909 vincibilem

798 2036 871 2120 12.
918 2036 975 2102 Ι)8
999 2036 1308 2121 888818811881.

842 2202 875 2255 Δ.
893 2198 929 2255 De
947 2198 1105 2271 panicnilus
1122 2198 1149 2255 in
1167 2214 1266 2271 genere.

428 2318 492 2390 119.
582 2319 754 2385 Passiones
767 2317 802 2383 in
816 2338 917 2385 sensu
937 2317 1056 2383 latiore
1079 2317 1273 2401 quicumque
1288 2318 1390 2383 animi
1405 2319 1556 2397 affectus,
1585 2322 1692 2385 etiam

429 2446 518 2491 mere
540 2426 671 2503 interni,
702 2427 872 2501 vocantur,
903 2424 1052 2491 strictius
1075 2428 1187 2491 autem
1209 2424 1272 2491 hoc
1295 2425 1426 2492 nomine
1450 2427 1693 2511 comprehendi

429 2533 538 2598 solent
567 2531 667 2598 animi
696 2531 897 2608 affectiones,
928 2551 1014 2613 8888
1044 2551 1086 2597 ex
1110 2530 1261 2616 appetitu
1283 2532 1443 2599 sensitiva
1467 2532 1694 2599 vehementer

324 2664 328 2670 ·
430 2638 575 2705 excitato
599 2658 672 2702 cnm
696 2638 852 2719 organica
875 2638 1022 2721 corporis
1046 2638 1244 2704 alteratione
1259 2660 1317 2703 888
1333 2638 1555 2705 commotione
1572 2640 1693 2706 oriun-

428 2748 493 2811 tur.
540 2744 589 2810 De
612 2743 663 2809 his
685 2743 890 2827 potissimum
913 2742 976 2809 hoc
999 2744 1070 2809 loco
1095 2764 1195 2827 agere
1218 2744 1367 2810 interest.
1770 2709 1773 2881 1

517 2852 685 2937 Dislinpni
713 2850 822 2915 881881
851 2849 1022 2932 passiones
1047 2850 1226 2917 secuudum
1251 2850 1416 2917 diversum
1441 2852 1591 2929 modum,
1628 2875 1694 2936 qno
1771 2888 1772 2907 2

428 2980 450 3024 a
472 2958 631 3023 sensitivo
661 2957 811 3040 appetitu
841 2957 1033 3039 procedunt,
1065 2956 1150 3023 81188
1175 2959 1362 3043 primitivae
1385 2977 1445 3023 888
1469 2956 1692 3041 originariae,

429 3064 515 3131 aliae
539 3066 711 3130 derivatae.

519 3174 549 3237 1.
573 3171 762 3236 Primilioce
785 3170 939 3237 dicuntur
962 3190 1032 3249 888,
1063 3191 1148 3253 8888
1172 3170 1321 3237 sensitivi
1345 3170 1512 3256 888811188
1537 3174 1589 3238 cel
1611 3196 1692 3259 pro

426 3282 608 3364 pensionem
631 3276 665 3341 in
688 3276 808 3342 bonum
832 3276 986 3343 sensibile
1008 3279 1055 3343 cel
1077 3276 1147 3343 eius
1171 3280 1365 3345 aversionem
1389 3298 1409 3344 a
1429 3278 1515 3343 malo
1532 3280 1693 3345 sensibili

349 3414 352 3419 ·
426 3383 617 3451 immediate
639 3385 820 3465 sequuntur
842 3385 943 3465 atque
965 3384 1000 3449 18
1023 3404 1063 3450 88
1086 3386 1271 3449 vereantur.
1307 3384 1513 3450 Pertinentes
1538 3384 1583 3450 ad
1605 3408 1693 3470 prn-

424 3494 607 3579 pensionem
637 3492 852 3555 numerantur
879 3493 967 3555 tres:
1001 3512 1108 3575 amor,
1142 3491 1339 3556 desideriam
1371 3489 1692 3575 (concupiscentia),

425 3599 582 3684 pand-inm
605 3594 825 3679 (delectatio);
851 3596 967 3680 quibus
992 3616 1034 3661 ex
1056 3600 1152 3679 parte
1175 3600 1353 3663 eversionis
1374 3596 1523 3663 similiter
1539 3600 1617 3663 tres
1636 3620 1693 3664 re-

426 3704 599 3790 spondent,
623 3701 886 3786 illisrespective
909 3702 1096 3786 oppositae:
1120 3705 1240 3785 811888,
1263 3706 1379 3771 licerer
1401 3704 1518 3788 (fuga),
1538 3706 1692 3771 tristitia

428 3810 559 3895 (dolor).
592 3810 637 3875 Et
658 3808 771 3874 eodem
788 3809 918 3891 quidem
934 3808 1057 3889 ordine,
1082 3830 1145 3892 qno
1162 3810 1315 3892 utrinque
1330 3812 1552 3887 recensentur,
1576 3811 1692 3877 etiam

427 3900 625 3985 naturaliter
648 3916 710 3981 sibi
733 3916 921 3994 succedunt,
946 3916 994 3981 118
1017 3919 1054 3981 81
1078 3918 1119 3981 ab
1136 3937 1247 3982 amore
1263 3916 1318 3982 vel
1334 3918 1407 3982 odio
1423 3916 1569 3999 reliquae
1584 3918 1690 3985 velut

427 4044 530 4093 asno
549 4025 711 4111 principio
735 4022 914 4088 dimanant.
945 4020 984 4087 In
1008 4042 1119 4087 amore
1143 4021 1306 4101 videlicet,
1332 4023 1385 4105 881
1405 4026 1530 4107 estper
1545 4044 1582 4088 88
1600 4024 1689 4089 sim-

426 4134 504 4218 plex
534 4129 774 4213 complacentia
804 4128 844 4193 18
874 4128 1002 4193 8118818
1033 4128 1142 4211 811888
1165 4132 1334 4211 tamquam
1357 4130 1453 4209 bono,
1483 4129 1616 4195 initium
1650 4136 1688 4197 et

426 4238 512 4305 ratio
537 4236 724 4302 continetur
746 4233 910 4310 88118818,
942 4254 1007 4316 888
1035 4238 1166 4300 8888181
1189 4234 1402 4309 desiderium
1427 4235 1571 4301 eiusdem
1593 4256 1686 4304 vero

426 4344 580 4411 motionis
603 4343 696 4426 88188
718 4341 773 4406 vel
797 4340 939 4407 cessatio
962 4362 1022 4424 per
1044 4341 1200 4423 gandium
1224 4342 1384 4424 signatur.
1416 4344 1540 4409 Eadem
1564 4348 1683 4411 antem

425 4451 511 4517 ratio
545 4453 597 4516 est
628 4448 812 4515 aversionis
840 4468 861 4514 a
888 4447 986 4527 malo,
1021 4468 1105 4529 quae
1135 4450 1177 4513 ab
1209 4449 1283 4514 odio
1313 4450 1470 4534 procedit.
1517 4448 1682 4526 Quoniam

426 4578 505 4624 vero
535 4578 628 4623 amor
658 4576 697 4622 ac
727 4555 902 4641 propensio
933 4556 966 4619 in
996 4554 1116 4620 bonum
1147 4555 1276 4621 ratione
1305 4556 1416 4639 priora
1445 4558 1522 4621 8881
1544 4556 1619 4621 8118
1646 4564 1682 4624 81

427 4664 600 4733 aversione
622 4684 643 4729 a
666 4662 764 4741 malo,
796 4661 883 4727 sicut
912 4664 946 4727 et
968 4662 1089 4726 bonum
1113 4662 1242 4727 ratione
1265 4662 1434 4746 praecedit
1456 4662 1678 4747 privationem

517 4855 524 4886 ¹
546 4856 575 4907 S.
598 4854 690 4906 raom.
711 4854 741 4918 1,
760 4852 785 4917 2,
805 4868 829 4920 q.
851 4851 974 4914 22-483
998 4848 1148 4904 Comment.
1167 4850 1196 4903 in
1216 4850 1245 4905 B.
1266 4850 1390 4921 Dionysii
1410 4852 1457 4907 lib.
1475 4852 1509 4907 de
1528 4852 1584 4907 div.
1603 4872 1679 4910 nom.

425 4961 449 4998 c.
468 4945 494 5007 4,
513 4942 575 4996 lect.
595 4942 612 4996 9
631 4940 678 5008 (de
696 4940 810 5008 amore).
846 4942 960 5005 auam,
979 4938 1020 4992 De
1038 4939 1210 5008 passionibus
1230 4939 1299 5009 disp.
1320 4940 1344 4995 1.
1772 4909 1773 4952 l
