3909 5842
637 646 781 702 Societatis
799 647 910 718 partitio
929 649 958 700 et
975 648 1054 701 varia
1071 645 1184 700 indoles.
1469 649 1530 713 331

265 825 565 910 imperfectionem
589 825 695 909 ipsius
714 825 874 892 materiae
897 824 1029 891 socialis
1052 824 1206 907 congruis
1229 823 1354 902 mediis,
1383 823 1533 890 nimirum

267 929 454 1014 religionis
477 931 682 1015 potissimum
705 933 840 1010 influxu,
865 932 1026 1016 paulatim
1049 932 1239 998 sanandam.

376 1047 472 1114 Unde
501 1048 722 1132 consequitur,
753 1049 786 1113 iu
818 1048 934 1131 quavis
964 1047 1125 1114 societate
1152 1048 1293 1132 pradum
1319 1047 1477 1112 libertatis
1501 1050 1535 1112 et

270 1154 437 1238 privatae
453 1156 670 1234 autonomiae,
688 1176 772 1238 quae
788 1155 884 1220 sociis
901 1153 995 1220 selvo
1011 1153 1124 1220 sociali
1140 1153 1254 1219 ordine
1269 1151 1403 1219 concedi
1417 1152 1531 1237 possit,

270 1263 406 1348 pradai
429 1266 565 1328 moralis
587 1266 775 1349 capacitatis
799 1262 943 1345 corporis
966 1261 1098 1326 socialis
1118 1263 1370 1347 proportioaori.

271 1407 352 1479 387.
443 1408 615 1482 scholium.
659 1420 907 1492 Quemadmodum
934 1420 965 1478 in
995 1426 1064 1479 actu
1091 1419 1284 1488 individuali,
1310 1420 1355 1479 ita
1382 1424 1413 1477 et
1439 1417 1470 1476 in
1490 1437 1534 1477 so·

271 1516 351 1574 ciali
373 1515 494 1576 moralis
514 1517 662 1578 rectitudo
683 1521 816 1579 obiectiaa
837 1523 868 1578 et
888 1519 1041 1590 saliatica
1062 1517 1204 1593 distingui
1225 1520 1334 1595 potest.
1374 1517 1535 1575 Subiectiaa

273 1611 425 1685 habetur,
447 1613 498 1672 ubi
518 1615 680 1691 superioris
701 1615 842 1688 intentio,
864 1614 998 1691 generali
1019 1615 1140 1690 regulae
1161 1613 1342 1673 moralitatis
1364 1611 1534 1680 conformis,

275 1708 377 1768 etiam
404 1710 435 1769 in
457 1711 644 1788 particulari,
671 1718 740 1790 post
761 1713 871 1772 serium
899 1731 1025 1772 examen
1045 1731 1099 1789 pro
1120 1711 1164 1771 rei
1185 1712 1335 1787 gravitate
1355 1711 1534 1780 institutum,

275 1805 402 1866 sincere
428 1809 589 1869 secundum
617 1810 815 1885 cognitionem
845 1809 983 1885 dirigitur
1010 1809 1042 1867 in
1062 1809 1108 1881 id,
1138 1809 1215 1884 quod
1244 1828 1298 1885 pro
1325 1807 1533 1885 praesentibus

277 1903 435 1963 adiunctis
455 1925 558 1964 verum
579 1909 687 1966 bonum
709 1926 861 1967 commune
883 1907 1005 1982 exigere
1025 1906 1159 1977 videtur,
1181 1905 1298 1964 etiamsi
1318 1905 1396 1964 forte
1416 1922 1470 1981 per
1491 1923 1533 1962 er·

278 2020 382 2060 rorem
410 2001 621 2080 inculpabilem
648 2008 702 2064 aut
728 2009 867 2064 eventum
894 2023 955 2064 non
984 2003 1154 2081 praevisum
1182 2005 1220 2062 ab
1248 2002 1398 2062 obiectiva
1430 2000 1532 2060 sociali

278 2099 463 2160 rectitudine
485 2101 644 2162 deflexisse
665 2107 771 2180 postea
793 2102 1039 2180 deprehendatur.

756 2309 1000 2377 Articulus
1024 2309 1058 2377 3.

589 2454 754 2520 Societatis
772 2455 908 2538 partitio
932 2461 959 2520 et
983 2455 1079 2518 acria
1101 2454 1234 2517 indoles.

376 2591 412 2656 ln
448 2593 613 2659 hominum
649 2595 812 2672 coetibus,
851 2595 904 2677 qui
943 2615 1061 2660 nomen
1095 2597 1130 2658 et
1161 2592 1347 2674 genoricum
1380 2596 1531 2656 naturam

284 2698 455 2765 societatis
477 2699 693 2784 participent,
724 2701 897 2785 multiplex
919 2701 951 2766 in
976 2699 1085 2784 specie
1109 2699 1334 2765 characterum
1358 2697 1534 2763 diversitas

285 2808 438 2883 notatur,
470 2826 535 2888 qua
560 2808 728 2873 commode
758 2807 893 2891 partitio
917 2806 1086 2873 societatis
1109 2805 1240 2871 fundari
1263 2804 1377 2888 possit.
1424 2805 1534 2886 Atque

285 2912 334 2978 ita
357 2915 488 2978 sacietas
512 2914 688 2978 diuiditur:

287 3051 357 3123 388.
451 3057 480 3120 1.
505 3056 642 3121 Ratione
668 3058 857 3121 extensionis
879 3091 923 3098 -
946 3055 979 3118 in
1004 3055 1215 3119 universalem
1238 3056 1274 3117 et
1294 3054 1532 3136 particulam.

375 3169 570 3236 Universalis
595 3169 714 3237 dicitur
743 3169 908 3235 hominum
933 3169 1093 3246 societas,
1125 3188 1210 3249 quse
1239 3166 1373 3231 moralis
1397 3165 1533 3231 unitatis

287 3273 414 3340 vinculo
439 3297 551 3340 omnes
575 3275 722 3341 homines
738 3275 771 3340 in
787 3279 879 3341 terra
895 3275 1009 3341 eodem
1025 3280 1174 3358 tempore
1190 3272 1429 3338 cobxsistontes
1445 3293 1532 3336 com·

288 3379 466 3464 prehendit.
513 3381 631 3448 Totum
663 3382 783 3466 quippe
814 3402 918 3463 genus
940 3380 1107 3446 hominum
1130 3379 1226 3444 simul
1249 3377 1430 3443 viventium
1453 3398 1533 3443 vero

290 3487 395 3570 aliquo
425 3489 559 3554 tametsi
589 3488 749 3555 latissimo
780 3487 895 3553 sociali
919 3487 1048 3553 viuculo
1080 3487 1121 3552 ad
1150 3484 1314 3567 quandam
1338 3482 1534 3548 universalis

290 3593 430 3660 familiae
454 3595 613 3661 unitatem
638 3594 856 3676 coniungitur,
881 3597 997 3677 utpote
1020 3614 1105 3676 quae
1128 3593 1188 3657 sub
1212 3590 1373 3656 communi
1389 3589 1533 3655 auctori·

290 3704 357 3766 tate
380 3702 525 3784 supremi
547 3701 757 3784 legislatoris
782 3721 863 3766 voce
886 3699 1107 3765 conscientiae
1130 3697 1354 3780 gubernantis,
1379 3696 1421 3761 ad
1445 3717 1533 3760 com·

291 3827 383 3871 mune
406 3811 440 3872 et
463 3828 623 3872 summurn
648 3807 790 3872 omnium
815 3807 944 3879 bonum,
969 3805 1152 3889 perfectam
1175 3826 1221 3871 sc.
1244 3803 1439 3869 felicitatem
1462 3823 1532 3866 mu·

293 3911 354 3978 tuis
377 3912 492 3978 officiis
516 3918 550 3979 et
573 3913 705 3979 auxiliis
729 3913 995 3998 comparandam,
1020 3910 1172 3994 dirigitur
1189 3914 1289 3992 atque
1304 3907 1531 3990 obstringitur.

294 4019 398 4101 Longe
427 4019 607 4102 perfectior
636 4041 715 4084 sane
739 4019 821 4084 haec
844 4018 1039 4084 universalis
1063 4018 1205 4083 societas
1228 4019 1342 4083 exstet
1363 4014 1396 4078 in
1421 4012 1533 4078 ordine

293 4125 537 4208 supernaturali,
562 4145 621 4209 per
637 4125 758 4192 Christi
773 4145 909 4207 regnum
926 4125 1097 4208 spirituale
1113 4123 1287 4188 visibiliter
1302 4142 1362 4205 pro
1378 4119 1533 4184 universo

294 4229 451 4296 hominum
474 4253 595 4314 genere
619 4235 773 4296 erectum.
799 4266 841 4276 —
866 4229 997 4309 Quodsi,
1021 4229 1249 4310 utaliquando
1265 4227 1437 4310 contingit,
1461 4227 1533 4292 uni·

295 4335 424 4402 versalis
448 4337 589 4403 societas
612 4341 682 4402 tam
705 4336 772 4402 late
796 4335 970 4419 accipitur,
995 4340 1121 4402 utnon
1144 4335 1249 4400 solum
1273 4333 1315 4399 ad
1339 4353 1452 4398 omnes
1474 4333 1532 4397 ho·

295 4442 389 4508 mines
405 4447 481 4508 actu
498 4443 660 4521 viventes,
685 4443 915 4509 verumetiam
940 4442 982 4508 ad
999 4464 1065 4519 eos,
1089 4441 1144 4524 qui
1162 4461 1315 4523 umquam
1333 4439 1533 4505 exstiterunt

297 4553 327 4614 et
352 4548 455 4614 adhuc
486 4547 641 4614 exstituri
670 4552 762 4627 sunt,
795 4548 1011 4626 extendatur,
1044 4547 1222 4630 improprie
1253 4567 1334 4612 sane
1363 4544 1532 4612 societatis

297 4675 403 4720 nornen
427 4657 613 4738 usurpatur.
661 4655 751 4720 Talis
781 4655 867 4721 enim
896 4655 931 4719 in
953 4654 1004 4719 his
1027 4655 1126 4720 terris
1149 4673 1326 4735 numquam
1349 4655 1426 4716 actu
1449 4655 1531 4728 tote,

298 4760 347 4825 sed
367 4763 497 4827 tantum
521 4782 580 4845 per
608 4765 722 4845 partes
745 4766 780 4828 et
803 4761 989 4827 successive
1012 4761 1174 4826 exsistere
1196 4764 1316 4842 potest.
1363 4756 1532 4834 Quatenus

299 4869 396 4934 autem
427 4866 540 4932 eadem
572 4870 647 4950 post
679 4867 993 4934 consummationem
1025 4867 1149 4932 saeculi
1180 4866 1214 4931 in
1247 4886 1307 4930 sua
1339 4863 1468 4930 unitate
1498 4865 1533 4928 et

298 4973 385 5037 beuta
407 4971 562 5039 fruitione
585 4973 751 5056 cogitatur
774 4973 947 5057 completa,
972 4971 1141 5039 societatis
1157 4971 1320 5037 humanae
1336 4968 1532 5036 condicioni·
