3909 5842
440 698 504 761 416
708 692 797 749 Sectio
816 694 849 748 ll.
887 693 967 747 Liber
985 694 1018 747 ll.
1057 691 1146 763 Caput
1164 694 1197 748 11.
1235 694 1376 748 Articulus
1394 695 1420 749 2.

439 894 503 939 non
534 874 772 953 contentiones,
803 894 868 939 non
899 873 985 951 odia,
1016 895 1081 940 non
1104 874 1198 951 iram,
1229 895 1295 939 non
1318 874 1421 952 dolos,
1453 894 1515 939 nec
1538 874 1691 940 absolute

439 980 570 1063 aliquid,
596 979 682 1063 quod
705 980 872 1064 appetitus
894 979 1022 1055 suadet,
1046 979 1212 1045 aversari“
1239 977 1271 1061 (ἕ
1295 980 1340 1061 9).

527 1086 649 1151 Verum
681 1089 715 1151 et
737 1094 838 1151 stolus
862 1089 977 1169 cicilie,
1008 1086 1042 1151 iu
1066 1085 1157 1152 cuius
1180 1084 1307 1167 origine
1328 1085 1469 1169 pactitia
1491 1085 1692 1169 explicanda

439 1192 578 1278 Spinoza
601 1192 659 1257 vix
682 1192 749 1258 ulla
772 1213 808 1257 re
831 1213 852 1258 a
873 1192 1005 1277 placitis
1020 1192 1177 1257 Hobbesii
1193 1192 1326 1271 recedit,
1350 1192 1475 1258 nullam
1491 1192 1598 1258 aliam
1614 1193 1693 1257 iuris

438 1318 625 1365 mensuram
655 1299 756 1378 novit,
786 1298 848 1364 nisi
880 1298 999 1365 iterum
1027 1298 1181 1384 propriae
1204 1298 1457 1382 uniuscuiusque
1480 1301 1640 1364 naamis
1661 1305 1694 1365 et

435 1408 602 1493 potentiae.
650 1405 781 1471 Scilicet
803 1404 852 1471 ita
875 1405 990 1470 eodem
1013 1404 1123 1489 capite
1146 1404 1274 1489 pergit:

531 1511 706 1593 „Homines
729 1512 772 1577 ad
795 1532 909 1577 secure
933 1516 968 1578 et
991 1510 1113 1595 optime
1137 1511 1312 1576 vivendum
1336 1511 1524 1577 necessario
1540 1510 1577 1576 in
1595 1534 1694 1577 unum

438 1620 627 1705 conspirare
651 1618 800 1685 debuisse
824 1638 863 1683 ac
886 1617 1023 1700 proinde
1045 1617 1202 1695 effecisse,
1226 1620 1264 1682 ut
1279 1616 1339 1696 ius,
1364 1617 1449 1700 quod
1465 1618 1696 1700 unusquisque

438 1750 480 1793 ex
496 1732 616 1793 natura
632 1725 674 1791 ad
690 1724 798 1790 omnia
813 1724 966 1803 habebat,
993 1724 1166 1790 collective
1181 1722 1351 1799 haberent,
1368 1744 1474 1805 neque
1497 1724 1534 1789 id
1550 1724 1695 1808 amplius

437 1854 479 1899 ex
510 1832 543 1897 vi
574 1838 607 1899 et
636 1831 784 1915 appetitu
808 1830 1072 1913 uniuscuiusque,
1103 1831 1160 1896 sed
1185 1851 1226 1895 ex
1250 1831 1394 1895 omnium
1416 1830 1515 1897 simul
1540 1834 1693 1915 potentia
1776 1843 1777 1862 ³

438 1946 472 2007 et
504 1940 676 2005 voluntate
708 1936 999 2004 determinaretur“
1036 1936 1068 2020 (ὅ
1098 1936 1186 2019 13)¹.
1236 1936 1302 2016 ,At
1333 1937 1390 2020 (ex
1418 1937 1495 2017 lege
1526 1937 1694 2003 humanas
1776 1987 1778 2004 ,

437 2051 576 2113 naturae
599 2044 777 2110 universali
800 2048 835 2111 et
857 2043 928 2109 iure
951 2044 1104 2126 naturae)
1127 2043 1289 2110 neminem
1313 2044 1437 2127 absque
1452 2044 1532 2110 dolo
1551 2046 1693 2128 promis·
1776 2036 1778 2040 ’

438 2174 559 2233 surum,
577 2172 612 2217 se
627 2150 707 2229 iure,
725 2151 809 2233 quod
825 2150 858 2215 in
872 2150 982 2215 omnia
993 2150 1103 2229 habet,
1121 2172 1298 2230 cessurum,
1316 2155 1350 2216 et
1361 2150 1513 2217 absolute
1527 2152 1692 2217 neminem
1776 2163 1778 2219 ἶ

437 2258 605 2343 promissis
628 2262 802 2337 staturum,
826 2257 887 2322 nisi
913 2280 950 2323 cc
972 2264 1055 2324 metu
1079 2261 1212 2324 maioris
1235 2260 1314 2323 moli
1334 2262 1380 2324 cel
1394 2280 1449 2345 epe
1464 2260 1608 2323 maioris
1624 2260 1694 2324 boni

438 2363 470 2447 (ξ
503 2364 568 2447 16).
620 2364 760 2443 ,Verum
789 2364 866 2445 quia
895 2364 946 2429 ius
976 2366 1129 2430 naturale
1153 2365 1225 2430 sola
1253 2365 1403 2449 potentia
1434 2364 1693 2447 uniuscuiusque

417 2471 683 2549 determinatur,
703 2471 861 2553 sequitur,
881 2470 966 2553 quod
985 2474 1143 2551 quantum
1156 2471 1377 2554 unusquisque
1389 2470 1574 2555 potentiae,
1594 2492 1690 2553 quam

437 2580 546 2655 habet,
577 2579 610 2643 in
641 2578 780 2644 alterum
811 2577 863 2642 vel
891 2577 923 2641 vi
947 2577 1001 2641 vel
1024 2581 1142 2660 sponte
1165 2576 1336 2655 transfert,
1367 2580 1498 2642 tantum
1522 2577 1632 2642 etiam
1655 2577 1691 2640 de

438 2708 496 2751 suo
520 2685 590 2750 iure
614 2684 708 2750 alteri
733 2684 919 2749 necessario
942 2683 1070 2762 cedere,
1096 2688 1244 2751 stillum
1267 2687 1500 2749 summumiua
1524 2688 1562 2748 in
1587 2706 1692 2748 omnes

437 2793 563 2871 habere,
588 2794 642 2876 qui
665 2812 820 2855 summam
844 2792 936 2855 lubet
957 2798 1149 2876 potestatem,
1173 2812 1236 2875 quo
1259 2812 1365 2856 omnes
1388 2793 1419 2855 oi
1439 2812 1550 2875 cepere
1565 2798 1598 2853 ct
1614 2799 1690 2855 mdc

438 2899 554 2963 sumini
584 2898 742 2981 supplicii,
773 2898 859 2981 quod
888 2918 994 2961 omnes
1023 2898 1248 2961 animaliter
1269 2899 1387 2978 timent,
1419 2897 1562 2960 retinere
1583 2904 1690 2981 polest.

439 3001 530 3079 Quod
560 3002 689 3085 quidem
717 3002 770 3067 'ius
798 3002 923 3068 tamdiu
946 3006 1075 3068 tantum
1099 3001 1265 3080 retinebit,
1296 3001 1449 3084 quamdiu
1472 3000 1561 3066 hanc
1583 3010 1692 3087 polen-

439 3112 527 3192 tiam,
540 3110 700 3194 quidquid
711 3112 782 3175 cclii
795 3110 995 3195 assequendi,
1009 3108 1233 3184 conservabit;
1247 3108 1330 3174 alias
1340 3108 1491 3192 precario
1502 3108 1691 3192 imperabit.
1776 3173 1777 3176 ,

440 3217 475 3279 et
490 3235 585 3280 nemo
601 3214 728 3293 fortior,
753 3214 815 3279 nisi
834 3214 925 3293 velit,
950 3214 979 3279 ei
997 3216 1224 3298 obtemperare
1239 3214 1422 3279 tenebitm‘
1442 3212 1475 3295 (ἕ
1493 3215 1564 3295 24).
1592 3215 1692 3281 SecuR

439 3324 548 3386 autem
577 3320 704 3399 ,omnia
728 3321 878 3386 absolute
901 3341 1049 3385 summae
1071 3321 1247 3405 potestatis
1270 3321 1427 3385 mandata
1443 3321 1584 3403 exsequi
1600 3324 1691 3387 tenc-

438 3448 520 3507 mur,
543 3428 678 3493 tametsi
702 3428 935 3494 absurdissima
954 3428 1108 3510 imperet;
1132 3428 1215 3494 talia
1230 3428 1316 3493 enim
1332 3428 1417 3494 ratio
1434 3428 1574 3510 exsequi
1590 3429 1690 3494 etiam

438 3534 538 3609 iubet,
570 3537 607 3599 ut
637 3534 677 3599 de
708 3533 833 3599 duobus
857 3534 952 3599 malis
974 3534 1082 3599 minus
1106 3534 1283 3617 eligamus“
1311 3532 1344 3616 (ξ
1368 3535 1452 3615 27).·
1486 3533 1580 3612 ,Nec
1604 3535 1690 3599 aliud
1776 3600 1778 3644 ;

438 3639 489 3704 ius
513 3660 693 3721 agnoscere
716 3639 868 3721 (subditis
891 3637 1071 3721 incumbit),
1096 3660 1194 3720 quam
1219 3640 1303 3722 quod
1327 3659 1455 3705 summa
1472 3643 1629 3723 potestas
1644 3642 1690 3705 ins
1776 3713 1778 3747 1

431 3766 511 3834 esse
539 3745 702 3810 declarat“
731 3746 762 3828 (ἐ
787 3746 854 3829 31).
880 3782 923 3793 ·-
950 3747 1146 3825 ,Peccatum
1168 3746 1281 3827 itaque
1304 3746 1434 3810 nonnisi
1456 3745 1492 3810 in
1514 3746 1607 3827 (sub)
1632 3748 1690 3811 im·

439 3852 530 3935 perio
561 3851 685 3937 concipi
715 3858 834 3936 potest,
866 3852 921 3918 ubi
948 3853 1074 3919 scilicet
1097 3851 1174 3935 quid
1198 3853 1315 3917 bonum
1339 3857 1375 3919 et
1398 3851 1474 3933 quid
1498 3852 1624 3917 malum
1649 3852 1687 3916 sil

440 3978 482 4023 ex
506 3958 667 4024 communi
690 3958 793 4025 totius
815 3959 942 4043 imperii
965 3959 1036 4025 iure
1060 3958 1301 4025 decemitur.⁶²

911 4148 1154 4215 Articulus
1179 4147 1212 4215 2.

478 4272 559 4339 Idea
582 4277 666 4339 iuris
688 4276 724 4339 ic
748 4275 914 4339 subiccliuo
938 4277 1160 4340 rationaliemo
1181 4276 1334 4357 fundulo.
1360 4271 1658 4351 (Kont—Ficlrte.)

650 4440 668 4523 ἕ
695 4446 723 4508 1.
761 4441 861 4506 Eius
892 4440 1064 4525 propria
1094 4441 1207 4507 ratio
1238 4440 1480 4523 exponitur.

842 4579 873 4633 A.
893 4576 1052 4648 Philosophia
1070 4577 1134 4632 iuris
1151 4576 1288 4632 Raptim.

442 4684 507 4756 519.
600 4686 808 4769 Philosophia
843 4686 995 4765 ,critica“
1029 4708 1050 4751 a
1073 4686 1195 4751 Kantio
1225 4685 1368 4763 exculta,
1399 4706 1484 4767 quae
1507 4686 1688 4749 communis

442 4792 586 4856 moderni
611 4792 828 4857 rationalismi
852 4792 926 4857 fons
950 4794 984 4855 et
999 4791 1247 4857 fundamentum
1264 4790 1382 4855 merito
1398 4790 1546 4866 habetur,
1572 4791 1687 4855 eodem

444 4906 480 4913 --

534 4950 541 4982 ¹
562 4950 603 5002 uf.
622 4948 769 5003 Tractatus
794 4948 869 5018 polit.
890 4965 912 5001 c.
932 4948 963 5011 2,
983 4948 999 5015 ξ
1021 4949 1068 5001 17:
1098 4948 1171 5014 ,Hoc
1197 4950 1255 5013 ius,
1280 4947 1351 5015 quod
1370 4948 1552 5000 multitudinis
1566 4950 1685 5014 porentia

442 5038 577 5101 delinitur,
596 5037 738 5107 imparium
758 5038 889 5107 appellari
908 5036 1001 5091 solet*
1114 5036 1233 5091 ²Tract.
1252 5036 1328 5107 polit.
1347 5054 1371 5089 c.
1390 5036 1415 5101 2,
1434 5037 1452 5103 ᾗ
1472 5038 1512 5091 19.
