3909 5842
442 663 506 728 292
668 656 759 712 Sectio
777 657 798 711 Ι.
835 655 916 710 Liber
933 655 981 711 lV.
1019 654 1106 725 Caput
1125 655 1146 709 1.
1184 653 1324 710 Atticulae
1342 655 1367 708 2.
1406 655 1466 723 53.

440 845 521 904 aeto
544 835 642 903 dubia
664 837 775 916 fieret,
799 834 858 902 sed
880 837 1030 901 maneret
1052 833 1313 918 probabilissima
1337 839 1371 902 et
1393 833 1484 914 hinc,
1513 837 1553 900 ut
1576 837 1673 898 monet

441 945 472 1011 S.
497 943 696 1027 Alpheusus,
720 941 829 1024 aliquo
852 941 949 1008 modo
971 943 1135 1008 moraliter
1158 949 1253 1008 cata.

529 1059 560 1124 2.
583 1055 706 1134 Quodsi
724 1057 1000 1142 mobabdion'smi
1022 1059 1222 1135 assertores,
1253 1061 1291 1123 ut
1313 1055 1489 1138 aliquando
1511 1058 1568 1134 fit,
1593 1075 1675 1122 suam

439 1182 568 1247 quoque
591 1182 722 1228 causam
747 1165 862 1228 contra
885 1161 1151 1246 probabilismum
1175 1161 1337 1228 communi
1367 1161 1424 1228 illo
1447 1161 1608 1246 principio
1629 1163 1677 1226 fir·

439 1291 531 1337 mare
554 1273 730 1348 conantur,
762 1289 826 1352 quo
858 1269 981 1334 homini
1004 1267 1221 1353 praecipitur,
1258 1269 1382 1346 ,vitare
1405 1269 1587 1354 periculum
1610 1289 1678 1352 peo-

440 1376 539 1456 cati‘,
562 1396 657 1442 nemo
681 1396 746 1440 non
768 1374 870 1452 videt,
893 1395 991 1458 quam
1015 1374 1199 1440 infelicibus
1223 1375 1323 1441 armis
1347 1379 1492 1443 utantur.
1541 1375 1577 1442 Si
1601 1373 1677 1440 enirn

438 1483 521 1548 haec
550 1486 666 1548 eontra
694 1481 962 1566 probabilismum
992 1482 1196 1549 moderatum
1221 1481 1397 1565 quidquam
1420 1483 1591 1560 valerent,
1622 1501 1678 1545 uon

438 1588 546 1654 minus
568 1609 648 1655 sane
671 1588 782 1655 valida
804 1593 917 1656 essent
940 1591 1056 1655 contra
1079 1589 1394 1673 probabiliorismum
1418 1594 1453 1656 et
1467 1588 1679 1672 aequiproba·

438 1694 619 1772 bilismum,
643 1697 679 1760 et
700 1697 786 1760 solus
809 1694 1033 1762 admittendus
1057 1698 1146 1761 esset
1170 1697 1383 1780 tutiorismue,
1408 1695 1484 1779 quia
1506 1695 1561 1761 hie
1586 1695 1678 1768 solus,

439 1821 568 1885 semper
594 1800 716 1879 ,tutius
738 1800 921 1883 eligendo“,
944 1800 978 1865 in
1002 1822 1100 1867 sensu
1115 1801 1378 1868 adversariorum
1395 1823 1489 1869 omne
1504 1802 1678 1886 periculum

439 1906 567 1992 peccati
589 1906 685 1973 vitat.
732 1907 815 1972 Esse
838 1911 948 1975 autem
971 1907 1056 1973 hunc
1080 1927 1214 1974 sensum
1237 1909 1334 1992 plane
1364 1929 1554 1988 erroneum,
1586 1927 1678 1991 supra

439 2013 522 2080 satis
545 2017 711 2080 ostensum
735 2017 796 2079 est.

527 2129 623 2196 Unde
639 2129 718 2194 illud
730 2130 831 2196 etiam
846 2150 888 2195 cx
903 2129 968 2196 isto
985 2129 1188 2208 ,axiomate“
1204 2129 1317 2194 inferri
1334 2149 1539 2213 nequaquam
1556 2131 1679 2214 potest:

434 2239 576 2324 practica
606 2257 728 2322 semper
757 2257 823 2301 esee
845 2237 1065 2316 cerimmile'us,
1096 2238 1118 2300 l.
1144 2257 1168 2300 e.
1195 2236 1396 2318 probabilius
1423 2235 1679 2321 praeferecdum.

438 2342 536 2420 Nam,
549 2347 791 2426 praeterquam,
805 2340 891 2422 quod
902 2339 935 2405 in
948 2339 1166 2424 appretianda
1177 2340 1409 2424 probabilitate
1421 2344 1552 2407 relatiua
1567 2342 1680 2407 moion

438 2451 484 2514 cel
506 2451 624 2514 minem
654 2447 791 2513 alicuius
821 2445 980 2530 opinionis
1004 2446 1148 2511 virorum
1179 2446 1279 2513 ctiam
1302 2448 1480 2532 peritcmm
1504 2468 1680 2514 consensus

438 2554 600 2620 unanimis
632 2554 824 2638 plerumque
854 2552 1041 2636 exspectari
1065 2553 1122 2618 vix
1152 2553 1257 2636 possit
1287 2552 1376 2634 (dum
1408 2554 1490 2620 alius
1519 2555 1553 2620 id
1577 2554 1678 2638 ipsum

438 2660 640 2744 probabilius
662 2658 796 2736 iudicat,
820 2658 906 2739 quod
929 2657 1014 2723 alius
1030 2657 1136 2724 minus
1152 2659 1331 2742 probabile,
1355 2679 1420 2724 non
1435 2659 1505 2724 sine
1521 2659 1619 2742 gravi
1634 2660 1679 2724 in·

439 2763 607 2832 commodo
630 2785 690 2847 pro
712 2763 829 2828 morali
852 2763 1031 2828 directione
1047 2763 1289 2848 conscientiae),
1314 2765 1387 2848 ipsa
1400 2764 1459 2831 illa
1472 2764 1581 2831 illatio
1598 2763 1679 2831 omni

438 2871 540 2938 subdo
563 2870 777 2935 fundamento
801 2889 915 2934 carere
939 2869 1077 2935 dicenda
1100 2873 1162 2939 est.
1193 2869 1319 2954 Quippe
1337 2873 1375 2936 ut
1397 2875 1470 2937 tuto
1486 2871 1677 2938 altemtram

437 2982 565 3062 partem
589 2976 662 3058 quis
684 2975 913 3059 amplectatur,
938 2981 1016 3041 ante
1039 2976 1148 3042 omnia
1170 2975 1203 3042 id
1224 2979 1354 3042 tantum
1369 2976 1549 3060 requiritur
1565 2981 1601 3044 et
1616 2975 1679 3041 suf·
1753 2975 1754 2998 ³

437 3084 523 3161 ficit,
550 3087 588 3148 ut
611 3085 701 3148 oertc
724 3086 919 3164 cognoscat,
949 3103 987 3147 se
1017 3083 1058 3148 ad
1082 3087 1232 3150 neutram
1262 3085 1390 3168 partem
1414 3104 1457 3149 ex
1480 3083 1678 3166 obligatione

437 3189 610 3273 adstringi.
654 3190 747 3255 Haec
776 3192 887 3256 autern
917 3192 1009 3255 certa
1039 3189 1181 3271 cognitio
1211 3209 1270 3272 per
1295 3192 1464 3276 posticum
1493 3199 1522 3257 et
1545 3191 1677 3257 solidum

435 3298 689 3383 probabilitatem
711 3295 912 3374 sententiae,
943 3315 1029 3377 quae
1052 3295 1285 3378 obligationem
1313 3300 1431 3379 negat,
1462 3296 1596 3363 omnino
1626 3297 1678 3361 de·

436 3403 644 3481 terminatur,
668 3403 740 3468 sive
762 3402 820 3468 illa
843 3401 994 3468 soliditas
1018 3401 1142 3468 directe
1166 3422 1209 3467 ex
1231 3401 1304 3486 ipsa
1326 3401 1494 3484 gravitate
1516 3401 1676 3468 rationum

436 3511 470 3576 in
493 3531 530 3575 se
552 3513 720 3592 spectata,
751 3509 822 3574 eive
845 3529 889 3573 ex
911 3528 1024 3574 earum
1049 3509 1293 3591 comparatione
1323 3529 1394 3573 oum
1419 3508 1476 3586 iis,
1507 3529 1594 3591 quae
1622 3527 1677 3592 pro
1752 3517 1753 3556 ³

438 3613 605 3682 contraria
629 3614 779 3698 opinione
802 3613 912 3680 afferri
936 3613 1074 3698 possint,
1098 3613 1131 3678 in
1148 3635 1225 3680 casu
1241 3613 1433 3698 particulari
1449 3613 1533 3681 citra
1549 3615 1675 3680 dubium

438 3720 614 3803 colligitur.
660 3721 748 3785 Vera
778 3741 920 3802 namque
949 3724 984 3786 et
1014 3720 1118 3786 solida
1148 3719 1308 3805 opinionis
1337 3721 1567 3804 probabilitas,
1600 3721 1621 3788 i.
1650 3741 1675 3785 e.

437 3829 527 3906 talis,
551 3847 636 3910 quae
659 3827 742 3909 legis
766 3831 825 3892 aut
847 3825 1057 3909 obligationis
1074 3826 1301 3893 exsistentiam
1318 3849 1389 3893 cere
1406 3827 1538 3894 dubium
1553 3827 1675 3900 reddat,
1751 3853 1752 3902 q

439 3933 615 4000 manifesto
638 3937 709 4000 tum
725 3933 826 4000 etiam
841 3933 1022 4000 subsistere
1038 3935 1159 4016 potest,
1184 3953 1256 3998 eum
1272 3951 1331 4016 pro
1347 3933 1514 4000 conmaria
1529 3931 1675 4017 opinione

437 4039 588 4106 similiter
623 4059 744 4122 graves
780 4039 926 4105 rationes
957 4039 1011 4104 vel
1047 4039 1146 4104 etiam
1181 4039 1355 4121 aliquando
1388 4039 1529 4106 maiores
1563 4040 1674 4106 adesse

438 4145 602 4213 videntur.

571 4329 601 4383 c.
619 4328 654 4383 Dc
672 4327 741 4384 nodo
759 4327 904 4384 adornandi
921 4327 968 4384 aut
986 4327 1139 4384 manno
1156 4327 1242 4388 iudicii
1262 4327 1383 4384 obisotivr
1401 4329 1545 4398 probabilia

439 4443 508 4515 324.
599 4445 765 4528 Siquidem
788 4445 879 4511 nulla
899 4445 1028 4511 admitti
1045 4466 1125 4511 vera
1140 4445 1355 4530 probabilitas
1370 4445 1441 4512 sive
1457 4451 1596 4514 externa
1610 4445 1673 4510 siro
1749 4439 1750 4470 ³

437 4549 569 4616 interna
580 4550 695 4634 possit,
712 4571 796 4634 quae
812 4550 922 4616 nonin
939 4551 1111 4616 obiectivis
1124 4551 1317 4632 quibusdam
1329 4555 1364 4617 et
1375 4551 1533 4634 gravibus
1544 4549 1671 4619 rationi·

439 4657 499 4721 bus
522 4656 688 4734 fundetur,
714 4678 777 4722 non
800 4655 960 4722 inutiliter
984 4677 1171 4723 communes
1195 4657 1325 4740 quidam
1342 4657 1501 4724 eiusmodi
1516 4659 1669 4724 rationum

439 4763 549 4829 fontes
571 4764 708 4847 proponi
731 4763 847 4840 solent,
872 4783 890 4826 e
914 4762 1030 4844 quibus
1054 4784 1119 4828 non
1141 4784 1216 4829 raro
1240 4767 1406 4830 momenta
1429 4767 1540 4830 rectae
1561 4759 1670 4829 rationi

440 4874 661 4937 consentanea
684 4871 725 4936 ad
748 4867 900 4934 iudicium
925 4869 1160 4934 enormandum
1183 4870 1216 4934 in
1238 4869 1335 4935 rebus
1351 4869 1497 4935 obscuris
1513 4865 1668 4954 probabile
1748 4893 1749 4928 1

440 4975 707 5060 suppeditantur,
732 4997 835 5057 eaque
858 4975 951 5041 varia
974 4996 1033 5059 pro
1059 4976 1151 5042 varia
1174 4975 1321 5042 subiecta
1344 4975 1493 5044 materia.
1540 4975 1668 5042 Verun-
1748 4975 1749 5046 i

1744 5295 1748 5470 l
