3909 5842
730 634 770 688 De
793 635 938 706 „principio
956 635 1145 692 moralitatis‘.
1497 642 1557 705 151

404 816 444 880 G.
476 815 523 880 W.
555 814 593 879 F.
624 815 743 900 Hepel¹
776 812 1027 896 (1770-1831)
1058 813 1328 898 schellingianum
1367 814 1559 900 principium

313 920 538 998 „identitatis“
568 918 738 986 dialectice
761 921 918 986 evolvens
942 941 982 986 ac
1005 942 1064 986 suo
1087 919 1184 985 modo
1207 920 1378 1004 perficiens
1394 920 1464 1005 ipse
1480 943 1561 1005 quo·

308 1047 376 1110 que
400 1025 477 1092 novi
500 1025 691 1110 systematis
711 1025 868 1092 fundator
883 1027 993 1095 factus
1009 1033 1070 1104 est,
1095 1027 1181 1110 qnod
1200 1027 1362 1105 ‚absoluti
1376 1028 1555 1094 idealismi“

308 1135 415 1218 vulgo
438 1133 618 1216 appellant,
644 1153 707 1216 quo
732 1155 751 1198 a
779 1134 977 1212 „subiectivo
1001 1135 1190 1200 idealismo“
1211 1133 1432 1216 distinguatur
1440 1136 1463 1200 θ.
1496 1135 1560 1199 Το-

309 1243 384 1306 tum
414 1239 603 1304 universum
632 1239 694 1322 ipsi
718 1239 797 1304 nihil
820 1241 909 1306 aliud
933 1245 986 1307 est
1008 1262 1106 1324 quam
1129 1239 1316 1306 necessasia
1339 1239 1482 1306 evolutio
1505 1240 1561 1305 ab·

310 1345 414 1410 soluti
444 1345 514 1410 sive
544 1345 715 1410 absolutae
744 1347 892 1426 rationis
923 1369 983 1432 per
1009 1368 1199 1432 processum
1230 1346 1391 1429 quendam
1420 1345 1560 1428 logicum

311 1451 386 1516 eius
416 1451 510 1534 quasi
542 1451 693 1534 analysin
724 1453 891 1518 exhibens.
939 1453 1038 1520 Ratio
1069 1452 1222 1518 absoluta
1251 1451 1426 1518 secundum
1451 1450 1562 1516 va1ios

310 1558 439 1640 gradus
461 1561 531 1623 tum
554 1556 588 1622 in
611 1559 731 1622 natura
753 1561 822 1624 tum
847 1559 879 1624 in
903 1559 1138 1643 intellegentiis
1154 1563 1189 1626 st
1203 1559 1236 1623 in
1252 1557 1390 1624 historia
1405 1578 1442 1622 se
1456 1555 1561 1622 mani-

309 1663 444 1730 festans
466 1685 527 1748 per
549 1682 586 1728 se
609 1663 696 1728 omni
719 1665 957 1748 personalitate
980 1669 1082 1743 caret,
1107 1666 1257 1748 quamvis
1280 1664 1385 1730 subsit
1413 1662 1561 1729 omnibus

310 1772 483 1852 tamquam
514 1769 711 1836 substantia.
765 1768 1043 1846 Quemadmodum
1075 1770 1248 1855 distinguit
1281 1770 1450 1855 ¹‚spiritum
1485 1768 1561 1834 sub·

311 1874 503 1954 iectivum“,
536 1876 557 1944 i.
583 1897 610 1942 e.
635 1877 905 1960 personalitatem
939 1877 1152 1957 individuam,
1185 1883 1220 1946 et
1256 1878 1423 1963 „spiritum
1454 1877 1561 1943 obiec-

311 1981 453 2061 tiium“,
484 1982 540 2064 qui
562 1982 596 2048 in
619 1983 787 2049 totalitate
811 1984 977 2050 socialium
1002 1984 1245 2051 institutionum
1268 1988 1303 2050 et
1325 1983 1482 2050 historiae
1505 1984 1561 2049 de-

312 2108 413 2153 cursu
446 2087 649 2171 exprimitur,
684 2093 718 2154 et
754 2089 922 2173 „spiritum
955 2089 1173 2168 absolutum‘,
1207 2089 1262 2171 qui
1294 2093 1344 2154 est
1377 2089 1560 2154 coniunctio

313 2193 486 2276 utriusque
516 2195 557 2260 ad
588 2194 759 2273 unitatem,
784 2197 899 2262 —ita
928 2197 961 2262 in
987 2201 1059 2263 toto
1083 2196 1195 2261 ordine
1219 2195 1326 2262 ethico
1350 2193 1562 2276 distinguitur

317 2299 538 2385 „moralitaa“,
563 2320 647 2382 quae
666 2305 833 2384 tamquam
859 2302 990 2384 aliquod
1014 2303 1124 2368 debere
1140 2301 1284 2385 pertinet
1299 2300 1340 2366 ad
1356 2301 1561 2366 voluntatem

312 2406 548 2472 individualem
566 2406 731 2491 (spiritum
749 2407 992 2490 subiectivum),
1016 2412 1051 2474 et
1074 2409 1165 2474 cuius
1187 2428 1348 2473 summum
1367 2407 1560 2490 principium

313 2533 335 2578 a
359 2511 596 2596 schellingiano
620 2513 677 2580 vix
708 2514 826 2592 differt,
859 2520 893 2582 et
918 2513 1160 2598 „Sittlicbheit“‚
1191 2534 1276 2596 quae
1305 2517 1357 2579 est
1386 2513 1480 2595 quasi
1504 2512 1561 2578 ob·

311 2619 436 2686 iective
466 2620 649 2688 subsistens
679 2621 849 2687 moralitas
878 2621 911 2688 in
942 2621 1117 2688 socialibus
1146 2619 1406 2686 institutionibus
1433 2619 1561 2703 (matri-

312 2724 435 2804 monia,
460 2725 595 2805 familia,
620 2727 779 2794 societate
803 2728 891 2794 civili
914 2733 948 2794 et
970 2727 1126 2812 publica).
1172 2726 1294 2809 Logica
1316 2747 1375 2792 seu
1399 2726 1561 2793 architec-

312 2831 428 2897 tonica
450 2831 560 2900 unitas
583 2835 764 2914 rationalis,
793 2857 877 2917 quae
899 2835 948 2901 ita
970 2835 1212 2913 manifestatur,
1242 2833 1313 2918 ipse
1336 2831 1466 2916 Hegelii
1483 2834 1562 2898 deus

313 2941 379 3016 est,
411 2937 501 3004 cuius
529 2960 682 3022 suprema
704 2940 873 3006 realisatio
897 2945 949 3008 est
971 2939 1044 3026 ipse
1065 2948 1166 3008 datae
1186 2941 1333 3026 publicus
1356 2938 1429 3022 (der
1451 2939 1561 3018 Stant)

314 3048 350 3110 et
374 3043 444 3110 eius
467 3066 526 3129 per
548 3047 659 3112 mundi
681 3047 852 3114 historiam
875 3049 1064 3114 successiva
1086 3046 1241 3114 evolutio.
1273 3047 1481 3127 Consequens
1499 3047 1560 3118 est.

313 3154 355 3216 ut
385 3149 483 3216 altius
518 3151 658 3217 hominis
691 3152 834 3218 officium
864 3174 929 3218 non
962 3153 1068 3232 detur,
1102 3151 1373 3234 quemadmodum
1402 3149 1473 3234 ipse
1503 3148 1560 3228 ait,
1658 3197 1660 3199 .

314 3277 416 3340 quam
441 3280 526 3339 „esee
549 3256 663 3324 ciuem“
690 3257 941 3342 (Staatsbdrger
956 3280 995 3324 zu
1011 3258 1105 3342 sein),
1130 3263 1229 3340 atque
1245 3257 1294 3323 ita
1308 3257 1437 3322 demum
1453 3257 1562 3320 status

314 3361 466 3444 publicus
496 3384 667 3447 supremus
690 3370 725 3430 et
748 3365 861 3430 unicus
885 3365 917 3430 in
941 3364 1041 3429 terris
1063 3365 1138 3429 lons
1162 3361 1268 3429 omnis
1289 3361 1370 3428 iuris
1393 3360 1562 3443 omnisque

314 3468 515 3536 moralitatis
534 3469 675 3536 feliciter
691 3471 889 3538 constitutus
905 3474 966 3536 est.
999 3469 1080 3546 Quid
1097 3470 1224 3548 mirum,
1248 3468 1345 3552 quod,
1368 3467 1562 3548 ubicumque

313 3574 398 3638 haec
429 3595 515 3640 nova
544 3573 732 3642 idololatria
762 3577 889 3642 animos
919 3576 1173 3658 gubernantium
1195 3575 1407 3660 publicasque
1430 3573 1562 3639 institu-

313 3680 424 3746 tiones
447 3682 642 3766 pervaserit‚
666 3703 720 3748 rea
744 3703 856 3748 omnes
879 3684 1042 3748 humanae
1064 3687 1165 3764 atque
1191 3681 1284 3766 ipsae
1311 3680 1440 3747 demum
1465 3678 1562 3744 intel·

314 3786 491 3870 legendae,
516 3788 716 3866 voluntates,
733 3789 953 3856 conscientiae
969 3787 1100 3866 civium,
1116 3787 1289 3871 repudiato
1305 3786 1376 3852 veri
1391 3785 1453 3850 Dei
1475 3784 1563 3867 regi·

314 3895 414 3975 mine,
439 3896 526 3962 circa
549 3896 610 3962 hoc
632 3917 731 3962 unum
761 3895 894 3975 idolum,
926 3895 1012 3978 quod
1045 3898 1207 3974 „statum“
1241 3897 1371 3967 vocant,
1403 3895 1562 3975 perpetuo

314 4021 438 4084 gyrare
462 4002 556 4084 eique
578 4001 740 4068 immolari
764 4006 947 4084 cogantur?
970 4039 1016 4050 -
1039 4001 1103 4067 Sed
1126 4002 1208 4067 haec
1230 4001 1264 4066 in
1290 3997 1458 4087 praesenti
1488 3998 1562 4063 hre-

315 4108 404 4174 vitsr
427 4108 579 4191 attigisse
602 4108 685 4174 satis
708 4107 761 4175 sit.
807 4108 914 4174 Maior
937 4108 987 4172 his
1010 4107 1185 4185 erroribus,
1216 4105 1271 4172 ubi
1296 4104 1337 4170 de
1359 4105 1430 4170 iure
1453 4103 1563 4169 dicen-

316 4215 392 4280 dum
417 4215 491 4294 erit,
516 4214 657 4281 attentio
681 4215 827 4282 debetur.

315 4353 381 4425 175.
473 4353 582 4438 Atque
612 4357 694 4422 haec
720 4355 791 4422 fere
814 4361 901 4434 sunt,
932 4376 1017 4438 quae
1039 4353 1168 4420 ratione
1190 4350 1341 4436 principii
1364 4348 1563 4414 moralitatis

316 4461 377 4526 sub
407 4461 576 4545 proposita
603 4463 750 4544 generali
773 4462 951 4546 partitione
974 4462 1008 4526 in
1032 4461 1141 4545 specie
1164 4456 1449 4525 commemoranda
1471 4456 1563 4521 vide-

319 4569 437 4634 bantur
459 4571 643 4649 systemata
665 4567 890 4652 philosophiae
912 4567 1056 4643 moralis,
1080 4565 1192 4630 multis
1215 4564 1289 4630 aliis
1311 4561 1563 4646 praetermissis,

318 4717 381 4724 —-

409 4795 417 4826 ¹
436 4793 538 4862 Hegels
558 4791 669 4857 Werke,
689 4793 880 4862 Gesamtausg.
899 4791 1049 4857 I-XVIIL
1069 4791 1159 4846 Berlin
1181 4790 1250 4845 1832
1263 4807 1303 4859 sq.

407 4881 534 4936 ’Totum
559 4885 682 4951 systema
707 4881 863 4936 summatim
887 4897 941 4934 non
966 4877 1026 4934 aine
1051 4878 1167 4932 relativa
1192 4877 1318 4931 claritate
1339 4875 1450 4947 exponit
1475 4875 1563 4942 aaut,

317 4969 483 5024 Geschiehte
502 4970 550 5024 der
568 4968 848 5040 lteeblsphiloaophie,
868 4971 893 5023 5.
913 4967 997 5032 Bucb‚
1016 4967 1042 5022 2.
1061 4966 1180 5021 Abscbn.
