3909 5842
544 688 585 744 De
603 689 711 743 eetiorm
728 689 789 759 ipsa
806 692 839 742 ut
857 692 901 743 eet
919 692 1009 743 motus
1028 688 1062 743 ad
1081 688 1235 743 terminum.
1323 731 1326 736 .
1475 692 1514 755 17

255 866 405 946 bonum,
438 867 520 932 utile
551 871 663 932 autem
696 870 730 933 et
759 866 954 933 delectabile
984 868 1139 945 eatenus,
1174 871 1337 949 quatenus
1369 866 1409 931 de
1441 886 1518 932 eon·

256 972 413 1039 venienti
436 972 639 1058 participant
661 994 719 1038 seu
743 972 864 1039 abillo
888 992 983 1038 suam
1006 972 1187 1040 bonitatem
1212 972 1363 1039 derivant
1374 975 1395 1040 1.

256 1110 314 1181 30.
408 1108 545 1182 axioma
575 1108 695 1182 XXIII.
741 1113 836 1178 Finis
865 1116 1027 1178 naturalis
1057 1116 1307 1199 uniuscuiusque
1335 1118 1415 1179 entis
1443 1137 1519 1200 pro·

255 1221 362 1303 prins
389 1240 426 1283 ue
446 1218 583 1304 proinde
606 1239 763 1283 auium-nm
786 1222 855 1284 eius
878 1218 991 1284 bonurn
1017 1222 1212 1304 copnoecitur
1237 1242 1274 1284 eu·
1298 1220 1436 1285 eiusdem
1460 1242 1518 1285 na·

256 1333 344 1390 tura
368 1347 423 1391 eeu
447 1326 592 1390 omnibus
616 1328 683 1391 eius
708 1324 919 1408 facultatibus
941 1328 976 1390 in
1001 1348 1100 1391 unum
1123 1326 1301 1411 specificam
1324 1326 1518 1393 tendentium

257 1432 522 1499 subordinatis².

360 1538 580 1621 aequoniam
608 1538 690 1604 haec
714 1539 867 1623 specifica
890 1537 960 1603 eius
986 1539 1158 1605 tendentia
1180 1558 1239 1604 seu
1263 1540 1420 1622 expansio
1444 1560 1519 1622 pro·

257 1644 461 1728 portionale
483 1649 534 1710 est
557 1644 729 1728 specificae
752 1646 823 1710 eius
846 1643 1111 1729 apprehensioni,
1136 1643 1237 1710 etiam
1260 1662 1319 1727 per
1343 1646 1520 1730 apprehen-

257 1754 389 1817 sionem
418 1750 595 1837 spondeum
624 1755 778 1837 cuiusque
807 1755 888 1818 eutis
915 1754 992 1836 finis
1014 1754 1177 1817 naturalis
1198 1774 1254 1818 eeu
1277 1756 1446 1837 terminus,
1478 1752 1520 1819 ad

259 1878 369 1940 quem
392 1856 462 1922 eius
484 1860 605 1923 natura
627 1858 744 1934 tendit,
770 1860 1012 1924 determinatur.

744 2038 988 2107 articulus
1010 2038 1045 2107 4.

491 2166 542 2230 De
565 2166 687 2229 actione
709 2166 783 2250 ipso
805 2172 840 2229 ut
865 2172 909 2230 est
931 2172 1034 2229 metue
1057 2166 1103 2231 ud
1126 2167 1306 2231 terminum.

262 2285 314 2357 31
408 2288 504 2353 Aetio
534 2294 571 2355 ut
600 2291 653 2353 est
680 2286 852 2353 tendentia
881 2286 914 2351 in
944 2286 1119 2381 terminum
1151 2287 1211 2352 sub
1241 2286 1361 2370 duplici
1391 2288 1521 2353 formali

263 2398 425 2479 respectu
449 2393 648 2459 considerari
671 2397 792 2477 potest,
816 2393 870 2458 vel
893 2396 932 2459 ut
953 2396 1006 2458 viu
1030 2400 1058 2457 et
1078 2393 1217 2458 inedium
1234 2394 1279 2458 ud
1295 2392 1410 2459 tonum
1426 2397 1520 2460 ottin-

261 2501 421 2586 9endnm,
445 2501 499 2565 vel
522 2504 559 2565 ut
582 2508 685 2565 motus
708 2502 753 2565 ud
776 2521 902 2585 scopum
920 2501 1057 2585 aliquem
1070 2500 1250 2584 praefixum
1268 2499 1415 2566 tendens.
1451 2499 1521 2578 Qua

264 2609 414 2673 medium
438 2608 483 2671 od
506 2606 621 2672 bonnm
645 2606 731 2671 aetio
754 2606 933 2689 participat
955 2606 996 2671 de
1019 2606 1103 2671 bono
1127 2604 1268 2684 termini,
1294 2604 1380 2671 siout
1403 2605 1521 2670 bonum

266 2713 355 2780 utile
384 2714 424 2778 de
453 2713 538 2778 bono
567 2713 792 2780 conveniente.
837 2712 923 2777 Hine
953 2711 1073 2776 dicitur
1103 2712 1184 2777 bonu
1214 2710 1267 2776 vel
1297 2715 1394 2795 mutu,
1424 2715 1523 2795 prout

263 2840 392 2885 revera
423 2817 574 2884 conducit
609 2818 651 2883 ad
684 2817 881 2883 conveniens
916 2818 1034 2883 bouum
1068 2817 1122 2881 vel
1157 2816 1198 2883 ab
1231 2837 1269 2882 eo
1302 2816 1449 2885 deflectit
1480 2819 1522 2883 ad

266 2927 394 2991 bonum
426 2946 516 2991 mere
546 2945 724 3009 apparere,
756 2945 860 3007 eoque
890 2926 942 2989 eet
973 2924 1060 2991 actio
1090 2924 1206 2989 melior
1235 2928 1293 2990 aut
1322 2924 1427 3009 peior,
1460 2945 1522 3005 quo

264 3032 398 3097 certius
420 3036 455 3097 et
477 3031 599 3097 rectius
622 3032 663 3097 ad
686 3032 806 3096 bonum
832 3030 921 3097 ducit
944 3034 1003 3097 aut
1026 3051 1089 3113 quo
1113 3030 1242 3113 longius
1265 3030 1307 3095 ab
1327 3030 1383 3096 illo
1400 3032 1524 3098 avertit

264 3142 305 3204 et
331 3158 396 3219 quo
419 3136 525 3202 maius
552 3142 587 3203 et
609 3136 828 3202 universalius
851 3141 903 3202 est
925 3136 1060 3215 bonum,
1090 3137 1175 3219 quod
1199 3140 1355 3220 procurat
1378 3140 1436 3203 aut
1459 3158 1522 3219 quo

266 3244 396 3329 privat.
443 3243 565 3310 Contra
587 3242 615 3308 si
638 3242 866 3309 consideretur
889 3243 975 3309 actio
999 3244 1109 3327 potius
1139 3246 1176 3309 ut
1203 3252 1304 3309 motus
1328 3244 1374 3309 ud
1397 3266 1524 3331 scopum

266 3350 425 3433 deinum,
449 3347 669 3415 abstrahendo
693 3348 735 3414 ab
759 3348 829 3414 eius
852 3348 1000 3415 bonitate
1024 3348 1143 3415 dicitur
1166 3356 1252 3414 recto
1275 3350 1329 3414 vel
1347 3372 1411 3417 non
1426 3358 1522 3433 recto,

266 3461 374 3541 prout
397 3454 439 3521 ad
462 3476 596 3539 scopum
619 3454 772 3538 dirigitur
795 3454 849 3520 vel
873 3455 915 3520 ab
939 3477 977 3521 eo
1002 3454 1166 3527 deflectit..

364 3560 460 3627 Prior
481 3566 651 3646 respectus
672 3564 976 3649 eudaemonotopiae,
1001 3562 1087 3629 alter
1109 3564 1321 3650 deontolopiae
1337 3562 1522 3646 respondet.

269 3668 341 3735 Sed
364 3668 518 3751 quoniam
540 3667 626 3735 ratio
648 3668 723 3734 boni
749 3690 769 3735 a
791 3670 855 3733 fine
879 3670 932 3733 vel
956 3690 1055 3753 scopo
1078 3668 1268 3735 tendentiee
1292 3668 1452 3736 obieetive
1474 3670 1524 3735 in-

269 3772 470 3859 separabilis
501 3777 566 3853 est,
597 3774 695 3841 facile
725 3780 819 3860 patet
850 3774 1172 3858 eudaemonologiam
1204 3796 1224 3840 a
1252 3775 1461 3857 deontologia
1490 3774 1523 3841 in

269 3882 420 3948 moribus
442 3902 539 3965 posse
562 3903 601 3947 ao
625 3882 743 3947 debere
766 3884 893 3969 quidem
918 3886 1084 3970 distinqui,
1108 3884 1257 3967 separari
1277 3890 1380 3947 autem
1396 3884 1525 3947 minime

267 4010 376 4075 posse.
411 3986 512 4053 Valet
534 3987 653 4071 quippe
676 3987 786 4070 aliquo
805 3990 900 4054 modo
917 3990 957 4054 de
973 3988 1060 4054 omni
1077 3991 1238 4065 creatura,
1263 3986 1348 4070 quod
1364 3990 1397 4054 S.
1415 3990 1524 4073 Aupu·

271 4100 380 4161 atinus
404 4094 444 4159 de
460 4093 589 4159 homine
605 4094 765 4161 inculcat:
795 4096 891 4172 ,lude
907 4116 1041 4161 neeesse
1057 4099 1119 4171 est,
1143 4098 1181 4161 ut
1204 4096 1263 4159 fiat
1285 4094 1381 4158 homo
1397 4094 1524 4170 heutua,

272 4202 363 4267 unde
385 4202 424 4266 fit
445 4201 607 4269 bonus.“³
650 4202 736 4267 Dum
766 4201 869 4285 igitur
891 4206 1034 4288 requiam
1059 4204 1219 4269 actionum
1242 4202 1442 4267 naturalium
1466 4199 1524 4265 du-

272 4308 410 4393 plicem:
424 4310 667 4393 deontolopiram
678 4308 828 4387 alteram,
841 4309 980 4374 alteram
992 4310 1328 4395 eudaemonolopicurn,
1339 4306 1524 4385 statuimus,

272 4438 340 4481 non
358 4414 573 4493 materialem,
596 4415 655 4480 sed
676 4416 844 4498 formalem
861 4415 1031 4499 utriusque
1052 4414 1289 4492 diversitatem,
1314 4434 1451 4495 eamque
1466 4434 1525 4498 pro

272 4526 350 4589 tota
373 4520 511 4587 seientia
533 4541 659 4585 morum
683 4521 924 4603 gravissimam,
948 4526 1065 4587 notare
1089 4520 1296 4587 intendimus

465 4634 583 4642 .——-

370 4680 377 4712 ¹
397 4675 780 4746 cr.s.ru0m.,s.theol.1,
799 4694 826 4746 q.
840 4678 871 4731 5:
891 4676 932 4731 De
949 4676 1020 4731 bono
1038 4676 1066 4731 in
1085 4676 1229 4731 communi.
1260 4677 1406 4744 Taparura,
1425 4674 1525 4729 Diritto

272 4771 333 4823 m
352 4766 378 4888 ι’
391 4784 426 4910 Ἲς.
438 4768 544 4924 gisola,
564 4852 851 4919 conmunione,
870 4870 892 4907 e.
906 4853 957 4907 25:
980 4852 1107 4923 ,Propria
1121 4851 1242 4922 operatio
1261 4850 1408 4907 cuiuslibet
1425 4850 1465 4905 rei
1484 4854 1528 4905 est

272 4944 338 4998 finis
357 4944 441 4997 eiua·

366 5033 379 5065 ⁸
396 5029 485 5102 Epist
507 5031 565 5096 1³0,
584 5048 608 5086 o.
626 5030 652 5097 2,
671 5048 698 5084 u.
717 5028 742 5084 3.

325 5128 435 5180 loyor.
450 5126 489 5168 Ius
503 5125 615 5168 naturale.
635 5126 652 5169 1.
673 5125 714 5168 lid.
727 5127 747 5167 2.
1303 5116 1320 5169 2
