3909 5842
520 687 560 743 De
578 688 633 743 fine
650 688 770 743 nattirali
787 693 899 744 actuum
918 689 1097 745 humanorum
1116 694 1144 745 et
1162 690 1287 745 hominis.
1486 698 1525 761 19

371 868 494 933 Varum
518 868 559 932 de
574 868 733 953 principio
757 872 792 935 ct
813 869 878 935 fine
895 872 1029 935 actuum
1045 868 1261 933 humanorum
1276 868 1363 934 utin
1378 870 1527 953 proxime

276 974 494 1057 sequentibus
518 974 679 1059 capitibus
702 974 853 1042 ordinata
876 980 1014 1058 agatur,
1038 974 1177 1057 primum
1203 974 1243 1039 de
1266 976 1330 1039 fine
1354 980 1388 1043 et
1410 981 1527 1061 postea

277 1080 319 1146 de
344 1081 503 1166 principio
528 1080 700 1148 dicendum
723 1103 796 1148 esse
812 1080 954 1160 videtur,
979 1102 1018 1147 eo
1035 1082 1121 1165 quod
1138 1080 1222 1159 finis,
1246 1080 1381 1148 tametsi
1396 1081 1430 1147 in
1446 1083 1528 1149 reali

275 1187 492 1253 exsecutione
507 1192 718 1272 postremum,
742 1188 777 1253 iu
800 1188 914 1253 ordine
928 1192 1040 1254 tamen
1063 1186 1255 1255 intentionis
1272 1192 1306 1253 et
1322 1188 1527 1255 causalitatis

277 1292 448 1359 actionum
480 1294 621 1376 primum
651 1295 759 1360 locum
782 1299 931 1378 occupat.
978 1294 1016 1359 ld
1039 1298 1151 1361 tamen
1174 1314 1239 1359 non
1263 1292 1415 1378 impedit,
1448 1316 1528 1377 quo-

277 1399 389 1464 minus
418 1399 452 1464 in
480 1400 553 1483 ipso
581 1399 770 1482 indagando
799 1402 864 1465 fine
894 1400 1055 1481 quaedam
1086 1400 1183 1466 simul
1206 1400 1247 1465 de
1270 1400 1428 1485 principio
1452 1403 1528 1467 sub-

277 1506 402 1571 iectiuo
425 1507 647 1589 generaliores
670 1506 822 1571 notiones
845 1506 1084 1588 quodammodo
1108 1506 1347 1589 anticipentur,
1378 1494 1463 1590 quad
1486 1510 1528 1574 ad

278 1612 344 1678 rite
369 1612 587 1677 deliniendum
610 1614 709 1677 finem
732 1612 905 1678 dialectice
928 1613 1229 1696 praerequiruntur.

807 1775 929 1885 Caput
954 1774 1004 1861 ΙΙ.

376 1926 433 2001 De
460 1928 534 2002 fine
561 1928 722 2001 naturali
750 1931 901 2002 actuum
928 1928 1172 2001 humanorum
1200 1931 1240 2002 et
1267 1930 1438 2005 hominis.

795 2110 1016 2194 Prologus.

281 2237 332 2311 35.
425 2240 500 2306 Non
524 2242 565 2307 de
587 2244 666 2319 tine,
691 2264 786 2326 quem
811 2247 974 2329 operantia
998 2244 1099 2325 vulgo
1122 2243 1309 2322 nominant,
1334 2249 1368 2311 et
1392 2246 1446 2329 qui
1470 2270 1529 2333 pro

281 2344 424 2413 bominis
446 2348 584 2415 arbitrio
607 2348 781 2433 multiplex
805 2369 878 2414 esse
902 2353 1023 2434 potest,
1048 2348 1100 2413 hic
1117 2350 1226 2415 dicare
1242 2350 1446 2435 suscipimus,
1471 2355 1529 2421 sed

282 2452 322 2517 de
344 2455 411 2519 fine
434 2458 555 2540 operis,
586 2477 643 2521 seu
667 2456 708 2521 de
731 2476 788 2533 eo,
821 2476 917 2537 quem
940 2454 1038 2520 homo
1061 2454 1123 2519 sibi
1146 2476 1167 2520 a
1190 2460 1339 2520 creatore
1362 2460 1529 2540 praeordi-

282 2564 398 2626 natum
427 2561 544 2640 habet,
576 2566 610 2629 et
633 2565 724 2628 cuius
748 2562 955 2628 assecutione
978 2560 1156 2626 secundum
1179 2565 1319 2627 naturae
1342 2584 1528 2633 mansuram

282 2666 316 2731 in
337 2688 399 2733 suo
423 2688 496 2734 asse
518 2668 615 2752 plene
637 2669 827 2753 perficiatur
850 2674 885 2735 et
908 2667 1128 2751 compleatur:
1153 2670 1188 2733 et
1211 2667 1263 2733 hic
1286 2688 1366 2733 sane
1382 2690 1447 2737 non
1468 2674 1529 2740 nisi

286 2795 367 2839 uuae
390 2794 465 2839 osse
487 2778 609 2857 potest.
1215 2826 1216 2831 κ

371 2880 475 2946 Porro
498 2881 583 2946 idem
611 2882 664 2946 hic
687 2880 848 2947 naturalis
871 2880 954 2958 finis,
987 2879 1041 2962 qui
1072 2880 1254 2963 promiscue
1278 2884 1312 2947 et
1335 2880 1474 2949 hominis
1497 2892 1531 2953 et

284 2989 417 3051 actuum
440 2986 656 3052 humanorum
672 2986 801 3065 dicitur,
826 2986 945 3069 quippe
960 2986 1016 3068 qui
1040 2985 1091 3050 his
1115 2984 1333 3052 mediantibus
1354 2988 1400 3053 illi
1418 3010 1532 3057 conse·

284 3092 431 3173 quendus
460 3094 662 3179 proponitur,
694 3094 823 3159 nomine
853 3094 960 3176 magia
991 3092 1146 3178 explicito
1171 3093 1269 3160 etiam
1296 3096 1373 3178 finis
1395 3098 1533 3163 lerninis

285 3202 414 3265 ultimus
437 3203 583 3266 internus
606 3200 713 3276 audit;
738 3204 870 3267 ultimus
893 3200 1033 3283 quidem,
1058 3200 1135 3283 quia
1158 3200 1191 3265 in
1214 3221 1253 3267 co
1270 3206 1390 3267 natura
1407 3203 1531 3287 simpli-

285 3306 365 3373 citer
394 3308 565 3391 perficitur
594 3312 629 3373 et
658 3306 850 3391 completur,
883 3310 1029 3373 internus
1056 3328 1135 3373 vero
1160 3306 1256 3389 (alias
1280 3312 1314 3373 et
1341 3310 1526 3393 ,proprius“

285 3414 335 3479 vel
363 3412 638 3499 ,particularis‘),
662 3419 699 3479 ut
722 3436 742 3479 a
765 3416 829 3478 lius
853 3414 968 3479 ultimo
995 3422 1129 3495 externo,
1158 3413 1178 3477 i.
1204 3434 1231 3481 e.
1256 3434 1364 3479 rerum
1389 3416 1531 3481 omnium

286 3520 447 3586 communi
470 3526 504 3587 et
526 3520 716 3600 universali,
741 3520 973 3603 distinguatur.

372 3628 491 3694 Tutam
512 3626 609 3692 huius
624 3627 698 3693 linis
713 3626 936 3710 investigandi
953 3628 1042 3693 viam
1058 3626 1131 3709 ipsa
1146 3625 1204 3691 illa
1220 3626 1350 3691 interna
1366 3630 1532 3693 correlatio

288 3736 489 3819 suppeditat,
520 3755 604 3817 quae
626 3734 713 3801 inter
736 3742 890 3800 naturam
913 3732 1069 3817 cuiusque
1093 3732 1178 3798 entis
1203 3735 1237 3798 et
1261 3733 1331 3798 aius
1352 3734 1447 3817 finem
1471 3758 1531 3801 na·

287 3845 418 3908 turclem
440 3842 626 3908 intercedat
641 3862 774 3907 necesse
791 3846 842 3907 est
858 3840 937 3921 (vid.
955 3842 1097 3905 Axioma
1112 3840 1168 3923 II),
1193 3844 1227 3907 et
1244 3840 1335 3905 cuius
1351 3841 1529 3924 practicam

289 3950 431 4031 regulam
455 3948 580 4032 colligit
602 3948 744 4015 Axioma
768 3948 876 4013 XXIII
900 3946 945 4027 (n.
971 3948 1028 4031 30)
1052 3951 1220 4013 statuens:

421 4057 534 4135 ,Finis
563 4060 726 4122 nataralia
757 4059 1008 4143 uniuscuiusque
1041 4059 1121 4121 entis
1151 4057 1304 4141 proprius
1337 4058 1532 4141 copnomitur

374 4188 411 4230 ex
442 4165 580 4230 academ
613 4172 733 4229 nutura
765 4185 820 4228 seu
850 4162 996 4227 omnibus
1026 4166 1094 4228 eiua
1124 4160 1333 4245 facultatibus
1365 4166 1400 4228 iu
1433 4186 1531 4228 uuum

372 4271 549 4357 specificam
572 4272 766 4335 tendentium
789 4268 1047 4354 (expansionem)
1070 4266 1320 4333 subordinaret

373 4378 467 4443 Hanc
490 4376 593 4458 igitur
615 4381 791 4457 sequentes
815 4376 1003 4441 methodum
1028 4376 1070 4440 ad
1088 4373 1304 4439 definiendum
1320 4376 1417 4439 linem
1438 4372 1531 4438 ade-

291 4480 425 4549 finienda
456 4482 546 4567 prius
580 4484 725 4547 humabo
758 4490 880 4547 acturo
913 4482 1123 4547 exordiamur
1154 4484 1301 4565 oportet3
1339 4479 1529 4555 delinienda,

292 4583 434 4668 inquam,
466 4610 526 4674 pro
556 4610 615 4653 suo
646 4588 772 4654 scilicet
803 4592 955 4673 respectu
986 4586 1213 4653 correlationis
1245 4584 1287 4651 ad
1320 4588 1432 4663 finem,
1466 4606 1530 4650 non

294 4696 462 4761 secundum
491 4715 603 4761 omnes
634 4699 669 4761 et
698 4694 849 4777 singulas·
869 4694 939 4759 eius
962 4693 1110 4760 internas
1133 4692 1279 4758 rationes
1302 4691 1433 4775 penitus
1456 4712 1530 4774 per·

293 4800 468 4868 uastando.
515 4802 647 4867 Plenior
674 4822 815 4883 namque
838 4800 997 4867 eiusmodi
1025 4799 1195 4879 scrutatio,
1227 4818 1311 4880 quae
1335 4796 1443 4881 aptius
1466 4799 1531 4863 fine

295 4900 353 4969 iam
375 4908 519 4974 stabilito
543 4912 578 4973 et
600 4906 744 4973 vicissim
768 4908 979 4991 praelucente
1003 4906 1189 4990 suscipitur,
1214 4904 1319 4971 altero
1343 4903 1451 4987 capite
1472 4903 1529 4969 ab·

295 5009 442 5080 solvenda
464 5014 537 5081 erit.

1285 5113 1301 5167 2
1307 5113 1321 5144 ᾖ
