3909 5842
596 732 734 789 Kantiana
752 736 820 790 iuris
838 735 899 789 idea
917 734 1013 790 critice
1032 731 1195 790 excluditur.
1456 744 1521 809 433

364 911 463 995 Atqui
486 910 540 975 vel
563 910 645 976 haee
668 912 739 979 sola
763 916 855 978 certa
879 912 1030 996 exceptio
1053 913 1220 996 praetensi
1243 913 1330 980 ibina
1346 916 1522 984 axiomatis

275 1016 474 1082 obiectivum
503 1016 752 1083 fundamentum
780 1017 930 1097 destruit,
961 1019 1048 1101 quod
1077 1020 1110 1084 in
1133 1024 1276 1106 emeruit
1298 1022 1521 1106 suppositione

275 1122 435 1202 consistit,
466 1123 671 1207 personalem
702 1124 842 1189 hominis
871 1125 1061 1191 libertatem
1083 1126 1181 1191 elteri
1203 1126 1339 1192 iuridice
1362 1128 1523 1213 obstringi

275 1250 341 1294 non
370 1249 467 1313 posse
497 1228 559 1294 nisi
588 1250 648 1313 per
677 1228 888 1314 semetipsam
918 1252 976 1297 seu
1007 1232 1116 1315 aliquo
1143 1254 1202 1298 suo
1225 1232 1327 1299 libero
1350 1254 1520 1302 consensu.

274 1337 362 1402 Nam
385 1336 499 1403 eadem
523 1340 575 1401 eet
597 1340 718 1404 natura
735 1338 878 1405 hnmana
894 1338 1045 1423 specifice
1060 1343 1202 1423 sumpta,
1227 1340 1342 1406 eadem
1357 1341 1522 1407 libertatis

275 1442 421 1525 dignitas
444 1445 479 1508 et
501 1442 662 1509 naturalis
686 1444 881 1526 aequalitas,
905 1466 990 1527 quae
1012 1444 1047 1509 in
1069 1445 1127 1512 ilia
1143 1466 1207 1527 qua
1222 1446 1283 1511 tali
1299 1446 1465 1525 tundatur,
1488 1446 1521 1511 in

273 1569 476 1631 quocumque
500 1552 591 1615 statu
614 1548 761 1615 homines
777 1551 1040 1627 considerantum
1065 1550 1180 1634 quodsi
1195 1552 1298 1635 igitur
1312 1551 1346 1617 in
1361 1552 1521 1619 societate

273 1656 453 1721 domestica
482 1654 552 1720 sine
583 1656 670 1721 omni
700 1656 823 1723 causali
854 1656 979 1722 influxu
1009 1657 1173 1725 libertatis
1196 1678 1277 1724 vera
1299 1658 1380 1724 iuris
1402 1659 1521 1725 relatio

273 1762 369 1827 condi
392 1782 431 1827 ac
454 1760 633 1826 subsistere
655 1766 776 1845 potest,
800 1762 879 1827 nibil
904 1768 994 1830 certe
1017 1786 1055 1829 eu
1069 1772 1190 1830 natura
1206 1767 1271 1829 aior
1286 1766 1442 1831 libertatis
1457 1768 1523 1831 eice

272 1871 358 1933 iuria
388 1868 520 1933 obstare
550 1866 720 1933 dicendum
751 1872 812 1947 est,
846 1869 1018 1952 quominus
1047 1870 1134 1935 idem
1155 1870 1189 1936 in
1213 1870 1287 1936 aliis
1310 1892 1438 1954 quoque
1462 1873 1520 1937 sd·

272 1973 392 2039 iunctis
415 1972 547 2038 evenire
570 1976 679 2055 queat,
704 1974 898 2058 ubicumque
921 1976 1028 2043 simile
1049 1976 1173 2043 factum
1193 1977 1350 2043 divinitus
1365 1977 1520 2045 determi-

271 2100 356 2145 nans
378 2078 604 2145 intervenerit.
651 2080 738 2165 Erqo
762 2084 824 2148 ete.

361 2187 472 2251 Maior
483 2186 669 2268 argumenti
682 2187 838 2253 ulteriore
847 2188 1254 2273 probationevixindiget.
1276 2188 1398 2267 Quodsi
1408 2194 1519 2256 tamen

273 2291 391 2375 aliquis
421 2292 464 2358 ad
493 2292 686 2358 salvandum
708 2295 1018 2378 ¹quomodocumque
1047 2296 1235 2379 generalem
1264 2296 1410 2361 valorem
1433 2295 1520 2361 illius

273 2395 459 2477 axiomatis,
484 2398 646 2465 communi
668 2399 832 2466 hominum
857 2422 954 2467 sensu
977 2402 1023 2467 nil
1046 2402 1232 2485 impeditus,
1257 2424 1295 2467 eo
1319 2423 1421 2485 usqne
1443 2423 1519 2487 pro·

272 2505 419 2584 cesserit,
444 2509 481 2571 ut
503 2510 537 2571 et
560 2505 593 2570 in
612 2527 690 2572 casu
715 2506 816 2572 allato
832 2506 912 2572 illud
927 2506 1037 2589 aliquo
1052 2508 1148 2573 modo
1165 2508 1328 2573 verificari
1343 2508 1521 2573 contendat

272 2631 434 2689 asserens,
458 2612 662 2695 parentalem
686 2612 786 2678 etiam
809 2614 1013 2693 relationem,
1036 2635 1097 2698 per
1119 2634 1155 2679 se
1178 2614 1309 2696 quidem
1331 2614 1365 2678 vi
1381 2617 1520 2679 naturae

274 2720 370 2784 ethice
389 2719 619 2799 necessariam,
644 2724 837 2787 nontamen
860 2718 990 2787 aliunde
1007 2742 1104 2803 quam
1122 2744 1159 2787 rx
1182 2742 1334 2787 concensu
1349 2722 1519 2785 liberorum

272 2827 407 2911 lepitime
432 2834 636 2911 praesumpto
665 2826 732 2890 vim
756 2847 834 2892 vere
857 2829 1033 2893 iuridieam
1056 2826 1184 2905 sortiri3
1207 2864 1253 2873 -
1275 2827 1448 2904 videatis,
1479 2849 1520 2893 ne

273 2936 333 2996 aut
355 2930 417 2996 sibi
439 2930 500 3014 ipsi
525 2932 738 3011 contradicat,
763 2937 821 2999 aut
836 2934 1005 3012 familiam,
1030 2954 1129 3017 quam
1147 2934 1366 3000 necessariam
1382 2938 1521 3000 naturae

270 3037 460 3104 inst'tutum
483 3058 556 3103 esse
579 3039 740 3120 agnoscit,
765 3042 881 3105 contra
903 3044 1056 3105 naturam
1081 3039 1251 3106 dissolvat.
1291 3039 1424 3106 Scilicet
1446 3039 1519 3104 ideo

272 3146 407 3230 lepitime
425 3146 683 3229 praesumentes
706 3145 769 3210 iste
792 3166 970 3211 consensus
995 3146 1123 3223 dicitur,
1152 3146 1229 3227 quia
1251 3148 1389 3211 naturae
1411 3146 1519 3210 deter-

271 3250 452 3317 minatione
481 3254 683 3316 neceseorius
707 3273 745 3316 ac
769 3252 901 3317 debitae.
949 3251 1013 3316 Sed
1037 3251 1216 3333 quaeritur,
1245 3273 1309 3334 qua
1332 3252 1520 3317 condicione

272 3356 553 3439 praesumendum?
570 3392 613 3401 —
630 3377 705 3421 num
722 3356 780 3433 ita,
806 3359 843 3421 nt
858 3357 952 3422 liberi
966 3358 1033 3422 iam
1049 3379 1143 3423 usum
1158 3356 1296 3423 rationis
1312 3356 1400 3422 nacti
1416 3357 1520 3422 velint

272 3462 379 3526 nolint
409 3482 447 3525 eo
477 3461 573 3544 ligati
603 3462 728 3527 censeri
760 3462 923 3529 debeant?
947 3499 992 3508 —
1015 3467 1051 3529 at
1073 3463 1134 3529 boe
1157 3462 1253 3529 modo
1276 3463 1399 3545 aliquid
1421 3464 1521 3547 plane

272 3568 472 3650 superfluum
489 3567 719 3651 praesumitur,
740 3566 817 3651 quia
832 3588 949 3634 revera
964 3592 1022 3653 per
1045 3572 1144 3635 aotam
1168 3577 1306 3635 naturae
1327 3570 1519 3655 1898880111-

272 3672 366 3757 gatio
378 3672 513 3739 iuridica
525 3678 603 3740 ante
619 3694 748 3739 omnem
760 3696 951 3751 consensum
968 3676 1064 3740 firma
1079 3696 1151 3741 esse
1167 3675 1370 3749 declaratum
1387 3712 1431 3721 —
1442 3697 1518 3741 num

272 3801 293 3845 e
316 3780 479 3845 contrario
502 3801 542 3846 ea
557 3782 755 3861 condicione,
779 3786 817 3847 ut
839 3787 950 3849 tamen
967 3803 1010 3848 ex
1026 3786 1121 3867 parte
1136 3782 1312 3847 liberorum
1328 3778 1520 3849 adolescen-

272 3886 355 3953 tium
380 3886 492 3953 futura
515 3888 633 3954 saltem
656 3889 760 3955 tacita
776 3888 950 3955 ratificatio
969 3891 1152 3954 necessaria
1167 3893 1394 3971 supponatur?
1417 3926 1461 3934 —
1484 3894 1520 3954 at

272 4012 353 4057 vero
376 3992 454 4058 talis
479 3992 623 4059 condicio
646 3994 751 4078 ipsam
775 3994 992 4061 stabilitatem
1016 3994 1197 4077 parentalis
1219 3994 1389 4073 relationis
1405 3998 1520 4060 eontra

273 4103 414 4165 naturae
436 4099 623 4166 institutum
647 4102 680 4166 in
704 4101 883 4184 periculum
907 4100 1051 4167 adducit.
1086 4100 1168 4177 Quid
1186 4100 1281 4179 enim,
1306 4098 1335 4164 si
1349 4100 1435 4165 filius
1450 4121 1521 4166 snc-

274 4226 434 4285 oreseenS,
458 4210 617 4290 paternae
641 4206 831 4291 disciplinae
853 4208 1028 4291 impatiens
1047 4228 1171 4289 suaque
1186 4206 1351 4291 personali
1365 4206 1520 4273 libertate

274 4316 379 4391 utens,
410 4312 502 4377 illum
531 4333 624 4377 suum
656 4334 859 4391 consensum,
891 4335 953 4396 quo
984 4313 1168 4380 formaliter
1190 4314 1241 4378 ius
1263 4317 1436 4397 paternum
1461 4314 1518 4379 nit'

273 4528 394 4583 Freibeit
406 4528 465 4583 sich
478 4528 566 4583 selbst
584 4528 691 4594 besitzt,
711 4546 740 4582 so
759 4528 853 4582 leitete
871 4545 934 4582 man
954 4528 1043 4581 daven
1057 4528 1107 4581 wie
1120 4540 1174 4579 von
1190 4526 1281 4595 jedem
1300 4524 1456 4579 faktischen
1469 4525 1519 4579 Be·

274 4618 344 4671 sitze
363 4617 411 4671 das
429 4616 1021 4684 11881181881181881888888(1881188110)
1043 4616 1084 4669 als
1103 4614 1163 4668 Teii
1182 4615 1230 4667 der
1243 4613 1384 4677 Substanz,
1403 4630 1454 4666 aus
1473 4614 1521 4667 der
1591 4614 1596 4621 '

274 4705 315 4759 sie
334 4705 497 4759 entstanden
516 4706 565 4770 ist,
591 4705 633 4760 ab.
670 4705 719 4759 Die
738 4704 807 4759 freie
824 4703 988 4773 Verfttgnng
1006 4706 1074 4759 tiber
1092 4704 1142 4758 das
1161 4704 1233 4757 Kind
1251 4720 1305 4757 von
1324 4702 1412 4756 seiten
1429 4701 1521 4755 aeiner

275 4792 370 4847 Eltern
388 4793 426 4847 ist
444 4793 502 4847 also
521 4794 565 4847 ein
584 4793 756 4849 Erfurdernis
775 4794 823 4846 der
842 4793 1032 4864 persbnlicben
1051 4793 1179 4857 Freiheit,
1199 4791 1242 4845 die
1261 4810 1313 4845 nur
1331 4808 1381 4844 aua
1399 4789 1519 4843 hbheren

275 4882 459 4936 Rdcksichten
485 4882 652 4937 besohrdnkt
677 4881 786 4935 werden
811 4881 900 4945 kann,
925 4886 1004 4937 sonet
1022 4882 1087 4937 aber
1112 4880 1140 4934 in
1158 4880 1232 4934 ihrer
1250 4878 1521 4933 Unbeschrbnktheit

274 4971 400 5026 belussen
419 4972 527 5025 werden
545 4988 636 5036 muse,
655 4971 707 5023 wie
726 4987 756 5024 es
774 4970 843 5023 auch
863 4972 900 5024 im
919 4971 1073 5025 rbmiseben
1091 4968 1196 5023 Rechte
1215 4968 1263 5021 der
1281 4967 1340 5021 Feli
1359 4969 1439 5022 888.1
1480 4966 1520 5021 Si·

274 5060 378 5113 militer
396 5059 449 5113 iam
469 5060 584 5128 nomer,
604 5057 775 5113 staats-Lex.
796 5058 890 5127 (1837)
912 5060 970 5115 Art.
990 5059 1111 5113 Familia.

327 5152 431 5206 noyer,
447 5154 485 5195 lua
500 5154 611 5198 naturale.
630 5154 647 5197 1.
668 5154 709 5197 Ed.
722 5155 742 5196 2.
1277 5144 1312 5198 28
