3909 5842
390 685 452 750 180
613 679 702 735 Sectis
721 679 742 734 I.
780 679 860 734 Liber
879 679 913 735 Il.
951 678 1040 750 (laput
1059 679 1091 733 ll.
1129 678 1270 733 Articulus
1289 679 1313 732 2.
1351 678 1411 747 §L

387 862 493 928 oritur
514 863 684 942 tamquam
707 880 725 923 e
749 879 847 925 causa
868 857 1004 942 sarmati
1027 857 1217 942 adaequata,
1241 855 1394 922 meritum
1417 875 1496 921 vero
1520 861 1555 922 et
1578 855 1637 921 de·

387 967 540 1034 meritum
565 986 607 1030 ex
630 964 745 1030 eadem
769 963 874 1031 oritur
896 967 1066 1046 tamquam
1090 984 1133 1030 ex
1155 985 1311 1029 concansa
1334 963 1468 1047 sananti
1476 964 1496 1029 ¹.
1532 951 1535 958 ’

389 1105 456 1178 203.
547 1107 588 1174 Il.
614 1107 866 1192 Metaptysicum
893 1104 1142 1187 fundamentum
1173 1108 1349 1187 conceptus
1380 1102 1487 1169 meriti
1516 1125 1555 1169 ao
1578 1105 1638 1169 de·

388 1215 498 1280 meriti
521 1214 620 1279 situm
644 1216 696 1279 est
718 1212 752 1277 in
777 1211 939 1278 obiectivo
963 1209 1077 1276 ordine
1100 1230 1219 1289 rerum,
1251 1209 1291 1274 ad
1320 1230 1416 1292 quem
1439 1214 1560 1276 natura
1582 1231 1638 1276 ra·

389 1319 521 1387 tionalis
545 1319 753 1386 essentialem
777 1321 962 1402 respectum
986 1316 1096 1382 habet.
1133 1315 1256 1381 Verum
1278 1315 1312 1381 in
1335 1316 1448 1381 eodem
1473 1316 1637 1382 obieetivo

389 1426 501 1493 ordine
524 1447 643 1505 rerum,
675 1427 702 1491 si
726 1445 784 1510 pro
809 1445 870 1490 sua
892 1425 1132 1490 universalitate
1155 1422 1324 1506 accipitur,
1356 1426 1532 1507 conceptus
1555 1444 1637 1506 quo-

388 1554 452 1616 que
475 1532 605 1599 honesti
628 1535 663 1598 et
678 1530 841 1597 inhonesti
858 1534 892 1597 et
908 1529 1025 1614 reliqui
1045 1550 1158 1595 omnes
1182 1534 1368 1614 conceptus,
1393 1529 1435 1596 ad
1459 1528 1637 1595 essentiam

389 1638 561 1705 rationalis
585 1637 780 1721 cognitionis
803 1637 1017 1722 pertinentes,
1048 1657 1106 1702 suo
1137 1636 1232 1702 modo
1256 1636 1445 1714 fundentur,
1476 1640 1638 1720 utsupra

390 1742 436 1824 (n.
456 1745 509 1822 47,
537 1743 614 1826 188)
638 1746 804 1808 ostensum
828 1747 889 1808 est.
937 1743 1100 1808 Remanet
1122 1742 1233 1825 igitur,
1258 1743 1350 1809 utin
1373 1743 1430 1807 illo
1452 1743 1524 1826 ipso
1548 1763 1637 1808 aom-

390 1850 479 1915 muai
502 1848 716 1914 fundamento
746 1852 815 1914 tem
843 1848 1048 1914 diversorum
1078 1852 1292 1932 conceptuum
1323 1869 1363 1914 ea
1387 1851 1526 1935 propria
1554 1852 1638 1915 ratio

390 1957 618 2039 investigetur,
651 1976 710 2040 per
740 1976 837 2039 quam
868 1958 966 2022 sotius
997 1958 1104 2022 meriti
1133 1963 1162 2021 et
1189 1957 1333 2021 demeriti
1356 1955 1638 2022 accommodatum

391 2085 430 2130 ao
453 2064 621 2148 proprium
644 2063 892 2128 fundamentum
917 2083 991 2128 esse
1013 2061 1237 2144 intellegatur.

480 2170 524 2237 Et
547 2189 627 2235 sane
650 2169 729 2235 ordo
752 2169 786 2234 in
810 2167 937 2234 cunctis
961 2168 1080 2234 divinis
1104 2167 1256 2252 operibus
1278 2167 1438 2247 relucens,
1462 2171 1497 2234 et
1515 2167 1566 2233 aui
1583 2188 1638 2233 oo·

392 2275 579 2359 gnoscendo
603 2279 703 2358 atque
727 2275 885 2341 imitando
909 2279 1029 2340 natura
1052 2273 1224 2340 rationalis
1248 2273 1435 2358 adaptatur,
1460 2278 1571 2340 uarius
1595 2281 1638 2339 est

389 2405 449 2468 pro
481 2385 663 2450 diversitate
688 2405 796 2448 reram
822 2389 849 2446 et
871 2385 1071 2460 relationum,
1097 2384 1130 2446 in
1154 2382 1267 2468 quibus
1290 2388 1343 2447 est.
1390 2380 1504 2446 Omnis
1527 2385 1637 2448 tamen

391 2488 472 2555 haec
485 2489 607 2555 ordinis
623 2489 780 2567 varietas,
798 2489 935 2554 docente
951 2488 985 2579 S.
1002 2487 1136 2567 Thema,
1154 2487 1195 2552 ad
1213 2487 1373 2571 duplicem
1389 2487 1483 2570 quasi
1499 2487 1638 2552 classem

391 2596 558 2662 reducitur
585 2581 643 2678 (ci,
666 2617 697 2662 n.
723 2595 790 2676 47).
837 2594 890 2661 Vel
922 2594 1009 2658 enirn
1040 2597 1091 2659 est
1120 2595 1199 2658 ordo
1229 2594 1440 2680 operabitinrn
1470 2596 1515 2659 ad
1543 2594 1637 2677 finem

391 2706 426 2768 et
449 2701 578 2784 quidem
601 2701 634 2766 in
652 2722 710 2766 suo
726 2701 866 2766 termino
890 2699 932 2765 ad
955 2702 1053 2766 finem
1075 2703 1311 2782 ultimumvel
1333 2703 1412 2766 ordo
1432 2705 1577 2786 partium
1593 2703 1638 2766 ad

391 2831 490 2875 unuin
514 2815 611 2873 totum
635 2811 670 2873 et
692 2807 820 2873 ratione
843 2807 938 2872 huius
962 2808 1006 2871 ad
1028 2829 1061 2872 sc
1084 2809 1224 2875 inuicem.
1271 2804 1330 2874 tue
1352 2829 1461 2873 rerum
1484 2815 1586 2873 motus
1604 2809 1639 2872 et

392 2917 601 2982 successiones
635 2915 750 2980 finales
782 2913 933 2997 respicit:
970 2915 1021 2979 hic
1055 2934 1168 2979 earum
1203 2915 1297 2997 quasi
1329 2918 1452 2981 statum
1488 2917 1639 2981 relativae

392 3023 514 3107 qnietis,
540 3042 636 3103 quern
660 3020 866 3087 adinvicem
890 3023 1015 3098 teneat,
1041 3041 1100 3104 pro
1122 3041 1183 3086 sua
1207 3023 1425 3087 consistent-ia
1448 3024 1640 3087 simultanea

394 3131 428 3194 et
451 3127 660 3206 coordinata3
691 3130 801 3194 unitas
825 3126 1041 3193 constitutiva
1064 3131 1152 3194 iltius
1174 3132 1243 3193 est:
1268 3128 1447 3194 communis
1469 3132 1640 3211 respectus

393 3233 436 3298 ad
460 3257 558 3300 unum
579 3237 694 3320 finem;
715 3235 812 3299 taius
828 3254 924 3299 vero:
950 3234 1130 3298 communis
1154 3233 1324 3317 dispositio
1348 3235 1390 3299 ad
1413 3257 1512 3300 unani
1534 3237 1641 3300 totali·

393 3348 497 3407 tatem,
545 3339 699 3417 Quaestio
731 3337 834 3422 igitur
866 3338 1036 3422 proposita
1068 3360 1106 3404 eo
1137 3339 1267 3404 demum
1297 3339 1399 3406 redit:
1430 3349 1501 3405 ater
1531 3364 1568 3406 ea
1591 3341 1642 3406 liis

396 3447 518 3512 dnobus
547 3446 715 3512 ordinibus
741 3445 951 3510 universatem
974 3445 1119 3510 ordinem
1142 3445 1400 3511 emistitnentibns
1423 3449 1499 3512 talis
1521 3449 1643 3514 censeri

396 3552 515 3635 debeat,
539 3555 574 3618 in
598 3575 657 3638 quo
679 3555 810 3638 proprie
833 3558 997 3636 conceptus
1021 3554 1127 3616 meriti
1149 3575 1187 3617 aa
1211 3554 1355 3618 derneriti
1376 3552 1543 3634 fundetur.

486 3659 816 3742 Respondemus:
847 3656 952 3735 ,Ordo
977 3656 1189 3740 operabilium
1214 3659 1256 3724 ad
1278 3659 1392 3724 finem“
1420 3663 1458 3725 ut
1473 3660 1550 3726 talis
1565 3681 1643 3744 pro·

397 3764 501 3850 prium
524 3765 773 3832 fundamentum
798 3771 849 3832 est
872 3766 993 3830 honesti
1013 3773 1040 3829 et
1059 3766 1227 3848 inhonesti,
1251 3787 1330 3848 ergo
1352 3766 1438 3832 idem
1455 3770 1551 3834 simut
1566 3789 1643 3851 pro·

397 3870 502 3954 prium
525 3871 772 3938 fundamentum
796 3869 935 3936 rationis
959 3872 1064 3935 meriti
1087 3877 1116 3936 et
1140 3871 1285 3936 demeriti
1307 3891 1380 3936 esse
1402 3871 1532 3954 nequit;
1557 3875 1644 3941 unde

398 3997 531 4042 necesse
561 3981 613 4044 est
642 3977 723 4043 illud
753 3977 786 4042 in
815 3978 922 4044 altero
953 3975 1125 4043 rationalis
1149 3976 1273 4042 ordinis
1296 3983 1449 4061 respectu
1473 3980 1642 4057 contineri,

399 4081 549 4148 nimirum
579 4083 612 4148 ia
645 4085 778 4166 „ordine
803 4085 946 4170 partium
971 4085 1018 4148 ad
1039 4105 1138 4148 anum
1163 4091 1260 4150 totum
1283 4091 1311 4148 et
1334 4086 1458 4150 ratione
1481 4087 1578 4151 huius
1600 4089 1645 4152 ad

398 4211 431 4256 se
446 4189 609 4256 inuicern“.
626 4171 671 4236 -’
687 4187 905 4255 Nihilominus
925 4189 978 4254 hio
995 4189 1093 4256 etiam
1111 4189 1200 4267 ordo,
1225 4211 1284 4273 pro
1300 4211 1361 4255 sua
1376 4192 1524 4272 generali
1540 4193 1645 4276 appli-

399 4295 567 4362 cabilitate
597 4295 639 4362 ad
669 4317 721 4361 res
749 4295 846 4362 valde
870 4295 1027 4373 diversas,
1058 4295 1214 4361 ulteriore
1238 4295 1479 4380 specificatione
1508 4297 1644 4380 indiget,

401 4406 437 4469 ut
458 4403 598 4489 specifice
616 4405 784 4490 propriane
809 4401 916 4468 meriti
934 4407 1034 4485 atque
1050 4403 1199 4468 demeriti
1215 4403 1463 4471 fundamentum
1480 4404 1644 4472 exhibeat.

399 4507 524 4592 Quippe
548 4509 665 4575 mereri
690 4513 747 4576 aut
771 4507 929 4574 demereri
954 4507 994 4573 de
1017 4507 1095 4572 solis
1118 4509 1297 4592 suppositis
1317 4510 1533 4576 rationalibus
1549 4533 1647 4595 prae-

493 4747 500 4778 ¹
523 4746 624 4812 ,Actus
643 4746 729 4800 bonus
747 4744 792 4799 vel
811 4744 899 4799 malus
918 4743 1002 4799 habet
1020 4745 1152 4798 rationem
1171 4745 1318 4797 laudabitis
1329 4745 1369 4796 ret
1381 4746 1532 4814 cremabitis,
1551 4763 1647 4802 secun·

401 4833 465 4888 dum
491 4835 562 4903 quod
588 4837 631 4889 est
656 4835 683 4888 in
709 4837 845 4904 potestate
863 4833 1027 4896 voluntatis;
1054 4833 1187 4886 rationem
1205 4850 1271 4887 vero
1295 4835 1466 4887 rectitudinis
1483 4836 1522 4887 ael
1542 4839 1649 4904 pemati

401 4923 550 4980 secundam
570 4924 689 4978 ordinem
709 4923 742 4978 ad
762 4924 858 4987 tinem:
878 4923 1012 4977 rationem
1029 4939 1095 4975 uero
1113 4923 1203 4976 meriti
1221 4931 1244 4974 et
1263 4924 1385 4976 dnneriti
1402 4915 1550 4976 secundum
1569 4925 1648 4978 retri-

401 5009 539 5066 butionem
558 5011 680 5066 iustitiae
699 5012 732 5066 ed
752 5011 891 5066 alterum.“
933 5013 960 5066 S.
984 5009 1085 5079 anan,
1104 5009 1131 5064 S.
1150 5009 1232 5064 theol.
1255 5011 1276 5074 l,
1297 5011 1321 5074 2,
1341 5027 1368 5078 q.
1389 5011 1432 5075 21,
1451 5028 1476 5064 a.
1495 5011 1521 5064 3.
