3909 5842
430 679 494 744 164
661 675 750 731 Sectio
769 677 789 732 1.
827 676 907 734 Liber
924 679 958 733 ΙΙ.
997 678 1086 750 Caput
1103 679 1125 736 1.
1161 680 1301 736 Articmus
1322 682 1345 736 1.
1382 682 1443 750 58.

428 851 573 920 solutum
602 851 636 916 in
664 851 793 920 ratione
817 853 928 920 divina
950 853 1060 933 situm,
1091 855 1154 922 sibi
1176 862 1374 941 arrogarent
1396 859 1593 943 dignitatem
1615 861 1681 926 cri·

427 957 503 1026 terii
526 957 724 1024 moralitatis
747 961 934 1045 deiudicetur
955 964 1031 1028 tolia
1054 969 1083 1027 et
1099 984 1161 1047 per
1175 985 1208 1030 ae
1224 963 1369 1034 absoluti.
1400 965 1453 1030 Ad
1468 966 1680 1034 essentialem

426 1063 528 1147 igitur
551 1063 777 1146 integritatem
800 1065 951 1150 principii
973 1067 1173 1136 moralitatis
1195 1069 1350 1153 pertinet,
1374 1075 1411 1137 ut
1436 1070 1523 1136 hnnc
1544 1091 1679 1157 respec-

427 1179 497 1238 tum
521 1171 592 1238 sive
615 1171 771 1256 explicite
794 1173 866 1240 sive
889 1173 1048 1258 implicite
1069 1179 1201 1261 perdice
1222 1175 1379 1243 includat.
1403 1211 1448 1222 -
1471 1176 1679 1246 Hinctotam

427 1279 512 1345 hanc
531 1277 715 1346 doctrinam
731 1279 764 1346 S.
781 1279 925 1346 Thomas
940 1280 991 1348 ita
1005 1281 1252 1365 complectitur:
1278 1283 1338 1364 ,Iu
1354 1283 1415 1364 luia,
1438 1305 1522 1368 quoe
1537 1293 1680 1369 opuntur

424 1407 484 1472 per
513 1388 713 1469 voluntatem,
745 1388 857 1470 requie
884 1387 1036 1471 proxima
1066 1395 1111 1452 eat
1138 1391 1224 1454 ratio
1245 1388 1410 1468 humanm
1437 1392 1550 1474 rapula
1571 1399 1678 1456 autem

425 1514 575 1580 suprema
600 1499 644 1558 eat
666 1494 717 1558 teu
740 1501 870 1558 cetuna
893 1492 994 1572 (ratio
1018 1493 1158 1574 divino).
1199 1494 1470 1580 Quandocumque
1492 1517 1565 1580 erpo
1587 1506 1679 1562 actus

425 1601 563 1666 hominia
572 1599 717 1683 procedit
732 1600 768 1663 iu
782 1599 877 1682 finem
893 1601 1067 1666 secuudum
1082 1600 1227 1666 ordinem
1239 1603 1378 1668 runnu
1390 1608 1418 1666 et
1428 1604 1507 1688 lepis
1517 1611 1676 1686 omae,

425 1715 500 1774 tunc
523 1714 614 1773 uetus
637 1714 682 1772 est
705 1713 818 1790 rectus,
843 1708 974 1792 quando
998 1714 1101 1773 autem
1125 1705 1165 1772 ab
1189 1707 1250 1772 hac
1271 1709 1463 1774 rectitudine
1485 1709 1676 1794 obliquatur,

424 1823 499 1880 tunc
522 1815 640 1880 dicitur
659 1811 877 1898 peccatum.“¹

723 2000 870 2074 dotanda
893 2001 935 2074 ad
957 2000 1132 2074 solvendas
1155 2001 1378 2077 dificultates.

422 2141 490 2214 186.
584 2146 612 2209 l.
638 2141 729 2220 Quod
753 2141 854 2208 etiam
871 2141 960 2208 athei
975 2143 1097 2209 intuitu
1113 2142 1215 2209 solius
1230 2148 1370 2211 naturae
1384 2145 1557 2212 rationalis
1571 2145 1675 2212 inter·

423 2271 500 2315 num
524 2247 697 2314 discrimen
721 2248 808 2314 inter
831 2247 1006 2314 honesturn
1029 2251 1065 2314 et
1087 2249 1294 2316 inhonestum
1318 2257 1513 2334 agnoscant,
1540 2252 1673 2320 minime
1804 2282 1806 2299 ¹

422 2356 539 2439 probat
561 2354 642 2420 illud
665 2353 841 2421 ultimatim
865 2357 900 2421 et
923 2355 1074 2423 absolute
1095 2355 1129 2420 in
1152 2356 1225 2422 sola
1244 2359 1365 2423 natura
1386 2358 1540 2424 rationali
1563 2381 1624 2425 seu
1638 2360 1672 2424 in

421 2462 550 2527 ratione
579 2460 711 2527 fundari
742 2459 813 2526 sine
843 2461 930 2526 omni
957 2467 1110 2545 respectu
1133 2463 1175 2528 ad
1198 2463 1360 2529 rationem
1384 2463 1540 2542 divinam,
1572 2487 1670 2548 quam

421 2569 469 2634 illi
484 2572 618 2650 negant.
649 2567 729 2634 Inde
747 2567 833 2634 enim
848 2567 958 2652 potius
974 2567 1056 2634 haec
1071 2568 1135 2635 duo
1159 2574 1249 2637 certo
1272 2570 1472 2654 probantur:
1496 2571 1531 2646 a)
1554 2572 1669 2640 huma·

422 2697 498 2742 nam
514 2674 676 2742 rationem
693 2695 752 2758 per
766 2695 858 2742 suam
875 2683 1040 2759 naturam,
1057 2680 1092 2742 et
1106 2675 1179 2742 ideo
1195 2676 1454 2760 independenter
1471 2678 1514 2744 ab
1530 2677 1671 2745 hominis

422 2782 508 2847 bona
529 2781 584 2847 vel
601 2781 689 2848 mala
704 2781 884 2861 voluntate,
909 2786 1096 2866 respectum
1112 2783 1154 2848 ad
1177 2783 1322 2850 ordinem
1341 2786 1518 2850 odsdtdum
1542 2784 1577 2849 in
1600 2785 1669 2852 Deo

419 2887 593 2955 fundatum
623 2908 683 2973 per
713 2909 749 2954 se
779 2888 951 2954 evidenter
973 2892 1087 2954 notum
1110 2889 1251 2968 habere,
1281 2889 1368 2955 unde
1391 2889 1486 2972 quasi
1508 2895 1673 2973 cogantur

420 2993 475 3060 vel
498 2993 562 3078 ipsi
577 2993 668 3061 athei
684 2993 752 3060 suis
767 2993 895 3060 iudiciis
910 2993 1090 3060 moralibus
1105 2994 1292 3062 absolutum
1308 2996 1457 3062 valorem
1472 2997 1670 3073 attribuere;

420 3100 454 3183 b)
478 3101 594 3168 atheos
624 3101 658 3166 in
681 3100 742 3166 hoc
765 3101 837 3184 ipso
860 3121 1020 3166 summam
1039 3101 1342 3184 inconsequentiam
1358 3101 1545 3182 admittere,
1570 3123 1671 3186 agno·

419 3211 550 3274 scentes
579 3206 733 3274 videlicet
761 3207 848 3272 hunc
878 3206 1064 3275 absolutum
1093 3209 1241 3274 valorem
1264 3208 1438 3274 rationalis
1461 3209 1669 3292 cognitionis,

418 3313 515 3380 simul
544 3317 656 3380 autem
686 3312 755 3378 eius
779 3312 1001 3379 necessarium
1023 3312 1272 3380 tundamentum
1295 3318 1331 3380 et
1352 3313 1483 3379 unicam
1505 3314 1668 3381 rationem

419 3419 635 3488 sufficientem
659 3422 829 3501 negantes.

508 3529 538 3592 2.
562 3525 661 3592 Ratio
690 3525 838 3609 practica
860 3524 894 3590 in
917 3546 1016 3591 sensu
1038 3530 1173 3592 nostrae
1195 3525 1328 3592 theseos
1351 3528 1488 3610 accepta
1510 3525 1558 3592 nil
1580 3547 1668 3592 com·

418 3653 515 3698 mune
531 3631 633 3698 habet
649 3653 720 3696 cum
742 3631 889 3710 ,ratione
904 3633 1053 3717 practica
1067 3635 1169 3717 pura‘
1185 3633 1309 3711 Kantii,
1326 3635 1443 3720 quippe
1456 3652 1544 3715 quae
1559 3631 1595 3714 a)
1610 3653 1670 3717 per

418 3759 454 3803 se
477 3759 542 3803 non
565 3736 628 3802 nisi
653 3735 848 3820 ,formatiM
872 3737 1034 3822 principia
1056 3758 1116 3803 seu
1139 3737 1317 3806 dictamina
1340 3737 1485 3818 exhibet,
1509 3739 1531 3805 i.
1548 3760 1578 3806 e.
1595 3739 1667 3806 ideo

417 3847 547 3910 tantum
577 3841 689 3908 valida
717 3845 752 3908 et
781 3843 972 3922 reverenda,
1005 3842 1084 3926 qnia
1112 3863 1133 3908 a
1161 3843 1291 3910 ratione
1319 3843 1511 3928 procedunt,
1543 3847 1666 3912 excluse

418 3948 506 4015 omni
528 3951 680 4033 respectu
703 3947 746 4014 ad
767 3947 889 4031 aliquid
905 3949 1026 4015 rationi
1042 3947 1263 4015 extrinsecum
1279 3948 1537 4032 (,maten'ale‘),
1560 3951 1667 4033 qualis

417 4060 470 4122 est
492 4057 661 4139 respectus
685 4054 726 4120 ad
750 4053 893 4137 aliquem
916 4055 1061 4121 ordinem
1077 4056 1209 4122 finalem
1224 4059 1322 4121 extra
1336 4059 1372 4122 et
1386 4077 1487 4141 supra
1502 4055 1666 4122 hominem

417 4163 642 4241 constitutum,
673 4160 771 4228 immo
802 4165 837 4227 et
866 4167 1037 4246 respectus
1060 4162 1102 4228 ad
1124 4162 1230 4228 Deum
1253 4165 1289 4228 et
1310 4161 1456 4228 divinam
1478 4162 1598 4246 legem.
1622 4200 1665 4210 -—

416 4270 450 4352 b)
474 4267 615 4335 Etiamsi
631 4267 702 4352 ipso
719 4273 879 4352 conceptu
895 4289 960 4333 non
976 4267 1133 4347 differret,
1150 4289 1189 4334 eo
1205 4268 1276 4352 ipso
1292 4272 1406 4334 tamen
1421 4268 1463 4336 ab
1478 4269 1538 4335 illa
1552 4291 1664 4336 essen·

415 4374 542 4442 tialiter
565 4373 720 4453 distaret,
752 4373 838 4455 quod
862 4393 902 4440 ea
925 4373 1047 4439 dicitur
1068 4393 1142 4440 esse
1164 4393 1279 4438 norma
1300 4373 1435 4440 moralis
1456 4375 1665 4442 rectitudinis

416 4501 481 4547 non
512 4480 662 4565 proxima
691 4482 821 4546 tantum
852 4483 887 4546 et
917 4478 1078 4557 derivata,
1109 4479 1168 4544 sed
1190 4481 1304 4545 ultima
1327 4488 1356 4546 et
1378 4481 1535 4566 absoluto,
1565 4481 1664 4550 immo

416 4607 475 4670 per
498 4606 534 4652 se
557 4585 625 4652 vim
649 4585 815 4668 obligandi
839 4585 1022 4670 perfectam
1045 4585 1179 4652 habens.

505 4694 537 4758 3.
559 4691 676 4774 Neque
699 4691 853 4758 confundi
873 4694 985 4776 potest
1007 4691 1093 4757 ratio
1116 4690 1274 4774 practica,
1298 4692 1476 4758 secundum
1499 4692 1662 4759 obiectum

416 4819 510 4865 suum
541 4797 716 4864 essentiale
746 4798 965 4880 invariabilis,
997 4818 1070 4863 cum
1104 4797 1251 4876 ,ratione
1281 4797 1478 4864 universali“
1511 4798 1663 4882 panthei·

416 4941 665 4948 ffl—--o-——n—

509 5020 517 5050 ¹
537 5015 564 5069 S.
584 5013 666 5069 theol.
688 5016 710 5078 l,
730 5015 754 5080 2,
774 5031 800 5082 q.
819 5015 862 5079 21,
882 5031 906 5068 a.
928 5017 951 5069 l.
