3909 5842
437 656 502 720 274
904 650 994 706 Sectio
1012 651 1032 706 1.
1070 651 1151 708 Liber
1170 651 1217 706 lV.

437 831 516 915 quid
538 830 682 915 speciale
705 829 777 896 sive
800 838 910 896 contro
933 830 1005 898 sive
1024 840 1155 918 praetor
1176 831 1227 896 ius
1244 850 1415 896 commune
1430 829 1484 895 vel
1500 831 1540 896 ad
1558 834 1678 916 tempus

437 940 490 1005 vel
520 938 553 1004 in
583 945 778 1023 perpetuum
807 938 1008 1006 conceditur.
1054 939 1172 1022 Itaque
1201 937 1410 1024 privilegium
1440 959 1499 1023 per
1527 939 1677 1004 solatius

437 1050 541 1130 patet,
572 1067 671 1128 quam
701 1045 904 1129 dispensatio
934 1051 969 1112 et
993 1047 1169 1132 exemptio,
1201 1049 1363 1128 quatenus
1387 1045 1488 1112 etiarn
1511 1045 1678 1129 specialem

436 1152 587 1218 favorem
611 1151 761 1218 conferre
784 1157 904 1236 potest,
933 1153 988 1235 qui
1012 1153 1135 1220 nullam
1158 1152 1398 1219 relaxationem
1423 1151 1604 1218 communis
1626 1151 1679 1217 ali·

437 1259 529 1324 cuius
560 1258 771 1342 obligationis
796 1258 957 1326 involvat.
1006 1259 1108 1325 Porro
1132 1259 1341 1344 privilegium
1365 1257 1580 1341 distinguitur
1602 1261 1680 1324 reo-le

437 1369 473 1430 et
492 1368 669 1450 personale,
693 1367 792 1448 prout
818 1365 1028 1444 ,conceditur
1051 1365 1176 1432 directe
1199 1363 1295 1431 alicui
1314 1363 1372 1442 rei,
1397 1364 1524 1429 muneri
1540 1364 1596 1428 vel
1612 1385 1681 1428 con-

437 1471 557 1537 dicioni
576 1471 753 1538 distinctae
776 1493 796 1537 a
819 1474 993 1555 persona“‚
1018 1476 1076 1538 aut
1104 1471 1310 1549 ,immediate
1333 1470 1441 1536 fertur
1463 1471 1496 1536 in
1512 1491 1681 1554 personam

437 1575 567 1642 ratione
589 1575 658 1642 sui“
673 1579 694 1644 ².

527 1683 572 1748 Et
603 1683 685 1748 haec
718 1682 857 1766 quidem,
891 1682 1026 1749 temetsi
1056 1703 1114 1766 per
1144 1703 1180 1748 se
1210 1681 1275 1764 legi
1305 1681 1469 1765 positivae
1492 1679 1681 1749 communia.

438 1788 584 1873 practice
606 1791 720 1856 tamen
743 1809 809 1854 non
824 1788 938 1854 eadem
953 1788 1083 1855 ratione
1100 1787 1154 1852 vel
1169 1787 1358 1854 condicione
1374 1788 1416 1854 ed
1433 1809 1562 1852 ornnem
1580 1788 1680 1870 legum

438 1895 581 1979 speciem
603 1895 638 1960 in
661 1892 854 1979 particulari
876 1893 1097 1978 applicantur.
1144 1893 1215 1958 Hes
1238 1897 1348 1960 autem
1372 1893 1520 1978 proprias
1542 1892 1682 1958 rationes

438 2001 573 2069 tradere
599 2001 721 2087 partim
752 2000 794 2067 ad
823 2000 874 2066 ius
904 2000 1001 2066 civile
1031 1999 1152 2084 partim
1179 2000 1222 2065 ad
1244 1999 1295 2064 ius
1319 1999 1509 2076 canonicum
1533 1999 1682 2083 pertinet.

439 2123 507 2195 301.
596 2121 770 2195 Scholion.
811 2131 954 2191 Manente
975 2132 1042 2207 lege
1063 2149 1116 2207 per
1137 2150 1169 2190 se
1190 2130 1345 2190 immutata
1367 2130 1501 2190 accidere
1521 2135 1636 2207 potest,
1656 2138 1684 2186 ut

439 2235 470 2291 ia
490 2249 560 2290 coru
577 2232 754 2309 particulari
774 2239 826 2290 aut
845 2239 974 2308 respectu
996 2231 1199 2290 nonnullorum
1220 2249 1279 2288 non
1300 2228 1421 2305 obliget.
1455 2229 1523 2288 Huc
1544 2225 1682 2304 imprimis

438 2329 594 2387 referenda
619 2335 666 2388 eat
693 2331 812 2388 moralia
832 2330 1047 2405 impossibiliter
1075 2347 1128 2386 seu
1155 2327 1246 2386 nimia
1275 2327 1436 2386 difficultas
1463 2325 1495 2386 in
1510 2326 1684 2402 particadori

438 2426 660 2504 superveniens.
702 2426 741 2485 Et
765 2427 841 2485 haec
869 2431 917 2486 est
943 2425 1021 2486 ratio
1049 2424 1181 2500 legitime
1210 2443 1359 2484 excusans
1386 2443 1405 2482 a
1425 2423 1558 2500 positiva
1579 2422 1683 2496 obliga·

438 2524 530 2592 tione,
550 2523 610 2583 nisi
630 2524 681 2583 lex
702 2543 741 2582 ex
760 2529 870 2582 natura
890 2542 945 2582 sua
966 2522 1005 2582 ad
1026 2521 1169 2582 eiusmodi
1183 2541 1274 2582 onera
1287 2521 1428 2597 graviora
1443 2522 1598 2580 subeunda
1612 2521 1683 2578 iuste

439 2643 472 2682 se
494 2623 646 2693 extendat,
667 2621 711 2681 uti
732 2621 766 2680 fit
785 2622 817 2679 in
838 2620 960 2680 militari
982 2620 1079 2680 officio
1101 2619 1277 2680 defendendi
1297 2619 1433 2696 patriam.

530 2720 672 2780 Similiter
694 2739 712 2778 a
733 2718 809 2794 legis
830 2719 978 2778 humanae
1000 2718 1208 2778 observatione
1230 2719 1388 2795 aliquando
1409 2717 1541 2793 legitime
1564 2720 1684 2776 excusat

440 2814 626 2894 ,epicllreic“,
647 2817 665 2876 i.
684 2836 708 2876 e.
723 2816 852 2892 prudens
867 2822 898 2874 et
913 2815 1065 2874 moraliter
1086 2820 1169 2874 certa
1190 2815 1400 2892 praesumptio,
1422 2815 1518 2890 legem
1533 2815 1573 2874 ad
1588 2831 1682 2873 casnm

439 2919 628 2992 praesentem
649 2933 687 2972 ex
708 2918 808 2972 mente
827 2911 1019 2988 legislatoris,
1042 2915 1079 2972 ob
1101 2913 1242 2972 adiuncta
1262 2915 1299 2971 ab
1322 2932 1357 2972 eo
1378 2931 1438 2971 nou
1451 2911 1601 2988 praevisa,
1623 2929 1683 2970 sese

440 3032 500 3072 non
520 3011 681 3088 porrigere.
724 3011 812 3070 Ratio
834 3016 895 3082 est,
924 3011 994 3086 quia
1021 3017 1104 3070 recta
1126 3011 1202 3086 legis
1223 3010 1431 3087 interpretatio
1452 3029 1512 3068 non
1533 3009 1629 3068 solum
1650 3025 1683 3066 ex

439 3109 540 3168 verbis
561 3114 592 3167 et
611 3108 727 3168 ratione
747 3107 833 3182 legia,
855 3109 908 3168 sed
929 3103 1020 3168 etiam
1041 3128 1079 3167 ex
1099 3114 1198 3168 mente
1218 3108 1400 3184 legislatoris
1415 3107 1613 3184 depromenda
1633 3111 1683 3170 est,

440 3226 515 3283 quae
536 3206 641 3266 merito
662 3206 862 3283 praesumitur
881 3207 963 3266 iuste
977 3211 1008 3266 et
1021 3206 1217 3266 rationabilis.
1246 3205 1285 3264 Et
1299 3223 1474 3282 quamquam
1488 3205 1586 3280 legem
1600 3205 1682 3264 inter·

439 3304 553 3380 pretari
572 3323 626 3381 per
647 3323 680 3362 se
701 3322 761 3363 non
776 3304 813 3362 ad
828 3303 988 3379 quemlibet
1002 3303 1150 3379 privatum
1165 3303 1303 3380 pertinet,
1325 3302 1357 3361 in
1372 3321 1444 3362 casu
1457 3307 1558 3361 tamen
1573 3303 1683 3362 necessi·

439 3407 518 3480 totto,
538 3401 589 3460 ubi
608 3419 748 3460 recursus
769 3401 808 3459 ad
829 3401 1038 3460 auctoritatem
1059 3420 1119 3460 non
1133 3406 1226 3477 patet,
1248 3399 1449 3477 unusquisque
1464 3399 1609 3459 eiusmodi
1622 3415 1681 3475 pru·

439 3499 521 3558 denti
541 3497 650 3557 iudicio
672 3497 803 3573 legitime
824 3498 919 3558 utitur
927 3501 946 3559 ².
975 3498 1077 3572 Longe
1098 3498 1277 3574 gravissima
1298 3498 1462 3575 epieikeiae
1477 3497 1592 3574 speciae
1608 3497 1682 3556 theo·

438 3596 531 3655 retice
563 3601 593 3654 et
623 3596 755 3672 practice
785 3595 836 3654 illa
868 3613 940 3654 sane
971 3600 1027 3665 est,
1059 3613 1115 3670 qua
1145 3595 1175 3653 in
1206 3595 1351 3654 societate
1381 3595 1500 3673 publica
1530 3591 1683 3670 aliquando

439 3790 572 3850 invocari
595 3789 749 3865 contingit,
772 3795 802 3848 et
822 3808 898 3866 quae
917 3789 1007 3864 vulgo
1030 3787 1109 3848 actio
1131 3789 1236 3848 salutis
1258 3789 1393 3865 publicae
1408 3789 1634 3863 (Staatsstreiclr
1649 3820 1679 3829 -

440 3906 515 3963 coup
537 3886 641 3961 d'etat)
662 3887 837 3964 appellatur.
879 3887 936 3946 Sed
958 3887 995 3946 de
1016 3906 1051 3945 ea
1072 3885 1119 3945 ius
1140 3886 1287 3962 publicum
1309 3887 1380 3963 agit.

792 4072 994 4174 Liber
1038 4085 1332 4206 quartus.

610 4269 665 4342 Dc
693 4269 883 4342 subiectiora
910 4270 1064 4342 hominis
1091 4268 1343 4362 informatione
1371 4269 1511 4342 morali.

942 4427 1183 4520 Prologus

439 4567 509 4639 302.
600 4569 719 4634 Parum
751 4568 892 4646 iuvaret,
927 4567 1107 4650 qualitates
1139 4569 1281 4634 morales
1311 4571 1442 4634 actuum
1473 4568 1679 4633 humanorum

440 4695 482 4740 ex
506 4675 676 4741 obiectivis
699 4695 808 4740 rernm
832 4673 999 4758 principiis
1021 4674 1240 4757 investigasse
1257 4677 1356 4756 atque
1373 4673 1552 4741 obieetivas
1569 4669 1678 4756 agendi

443 4783 796 4882 ——OEffifflDe
815 4813 869 4880 leg.
888 4811 905 4866 l.
926 4814 951 4876 8,
970 4829 994 4866 c.
1016 4812 1092 4866 1-3.

530 4900 600 4954 ’Gt
621 4903 649 4957 S.
672 4902 763 4956 Thom.
785 4901 862 4964 1,2,
882 4917 907 4968 q.
928 4899 969 4963 96,
989 4917 1013 4953 a.
1034 4900 1064 4962 6;
1092 4899 1116 4964 2,
1137 4899 1162 4964 2,
1182 4915 1208 4967 q.
1230 4900 1289 4963 147,
1310 4899 1423 4954 a.3ad
1443 4899 1474 4962 2;
1504 4896 1675 4966 Srrcrez,De

440 4992 493 5058 leg.
513 4991 531 5045 l.
551 4993 576 5055 6,
595 5009 618 5043 c.
639 4991 728 5058 lsqq.
