3909 5842
366 677 407 732 De
423 678 557 731 virtutum
573 694 606 731 so
622 676 750 732 vitiorum
767 676 949 731 distinctions.
965 705 1002 715 -
1018 675 1101 730 Varia
1118 675 1303 746 distinguendi
1319 676 1396 731 ratio.
1443 679 1506 743 301

265 855 490 916 accommodata
510 874 529 913 a
548 853 635 914 nobis
656 853 791 913 exerceri
811 858 923 930 posset,
944 853 1028 912 Dens
1043 851 1216 912 mirabiliter
1236 851 1369 911 subsidia
1383 851 1510 927 largitus

266 961 326 1027 est,
347 955 386 1014 ad
406 973 482 1030 quae
501 957 627 1012 naturae
655 951 754 1011 aditus
774 971 836 1011 uon
856 956 956 1029 patet,
986 956 1016 1011 et
1037 949 1246 1010 saluberrimas
1267 950 1349 1026 leges
1371 949 1510 1019 condidit,
1574 983 1576 990 ›

267 1053 304 1113 de
331 1051 436 1130 quibus
459 1051 544 1120 ratio
570 1054 662 1110 taoet
704 1050 852 1121 Quantum
873 1049 1017 1120 virtutes,
1046 1067 1121 1124 quae
1148 1048 1335 1124 theologicae
1364 1046 1511 1118 dicuntur,

265 1150 351 1222 fidei,
379 1149 444 1227 spei
465 1153 495 1208 et
516 1147 667 1218 caritatis¹
695 1165 812 1206 omnem
838 1145 985 1205 naturalis
1006 1145 1127 1204 virtutis
1152 1143 1297 1205 rationem
1319 1144 1511 1216 antecellunt,

266 1249 332 1308 sive
352 1247 508 1325 respicias,
528 1265 603 1323 quae
618 1246 700 1305 Deus
720 1245 758 1304 ad
779 1264 831 1304 eas
851 1243 1051 1304 infundendae
1074 1248 1222 1322 operatur,
1245 1243 1308 1302 sive
1330 1262 1405 1320 quae
1424 1243 1512 1302 homo

267 1365 306 1404 ex
320 1365 376 1404 sua
396 1349 481 1422 parte
496 1345 533 1403 ad
549 1363 601 1404 eas
622 1343 800 1403 excolendas
821 1346 971 1419 praestat!
994 1374 1032 1383 —
1053 1341 1090 1401 iis
1112 1346 1210 1400 autem
1232 1340 1327 1400 omnis
1349 1339 1512 1399 christiana
1614 1337 1616 1340 ’

265 1443 364 1502 virtus
385 1442 526 1501 tundatur
546 1447 577 1502 et
596 1442 782 1501 informatur.

358 1543 384 1599 5.
413 1526 534 1599 Ratione
560 1542 666 1599 meriti.
707 1537 820 1597 Virtuti
849 1536 1069 1614 supernaturali
1089 1535 1226 1594 meritum
1248 1554 1362 1610 quoque
1383 1533 1513 1593 eiusdem

268 1637 381 1696 ordinis
402 1636 579 1714 respondet,
608 1641 797 1712 augmentum
825 1634 942 1711 gratiae
964 1633 1080 1693 scilicet
1101 1632 1319 1692 sanctificantis
1341 1637 1371 1691 et
1391 1631 1514 1708 praemii

268 1733 398 1804 aeterni3
421 1731 469 1791 oui
489 1733 567 1792 hand
589 1752 644 1809 par
665 1737 712 1792 est
731 1732 828 1791 virtus
848 1730 1003 1791 naturalis.
1025 1763 1064 1771 —
1085 1729 1163 1789 Addi
1184 1728 1310 1804 denique
1330 1733 1430 1806 potest

358 1832 387 1890 6.
413 1832 536 1890 Ratione
562 1839 623 1889 tum
651 1835 765 1890 natione
786 1831 1017 1906 pulchritudinis
1043 1847 1078 1887 oo
1104 1829 1261 1887 nobilitatis
1287 1835 1349 1885 tum
1373 1827 1515 1901 efficaciae

269 1929 308 1988 ad
335 1932 473 1986 naturam
500 1927 659 1986 humanam
686 1931 837 2003 totamque
865 1927 1024 1985 humanam
1055 1923 1230 1984 societatem
1258 1924 1295 1982 ad
1323 1942 1426 1982 verum
1456 1923 1515 1981 oul-

269 2033 355 2085 turae
377 2025 468 2084 decus
489 2043 525 2083 aa
545 2024 703 2100 genuinam
724 2025 783 2084 iam
803 2023 835 2082 in
855 2023 903 2082 his
917 2023 1006 2082 terris
1020 2021 1195 2081 felicitatem
1210 2019 1399 2080 evehendum.
1431 2018 1514 2089 Quod

271 2123 308 2182 ad
330 2121 542 2182 amabilitatem
568 2121 718 2199 propriam
739 2121 861 2181 virtutis
890 2119 1014 2192 attinet,
1042 2123 1144 2178 notum
1172 2124 1219 2178 est
1240 2117 1374 2177 Platonis
1396 2123 1515 2194 etpost

270 2239 338 2278 eum
359 2219 510 2279 Ciceronis
531 2220 669 2291 effatum,
697 2219 838 2278 virtutem
858 2238 981 2295 nempe,
1009 2218 1035 2277 si
1056 2217 1149 2277 oculis
1178 2221 1363 2288 cerneretur,
1390 2214 1514 2274 incredi-

270 2317 347 2376 biles
368 2318 565 2376 excitaturum
586 2335 653 2376 esse
673 2336 798 2403 amores.
841 2315 917 2385 Quid
937 2316 962 2375 ei
985 2313 1096 2374 ethuici
1116 2315 1168 2374 isti
1188 2313 1355 2392 philosophi
1375 2311 1515 2371 virtutem

270 2413 464 2474 christianam
484 2414 649 2485 novissent,
671 2414 740 2490 quid
761 2414 787 2473 si
808 2434 872 2473 eam
893 2413 925 2472 iu
945 2412 1046 2472 divino
1068 2411 1246 2488 exemplari,
1267 2410 1298 2469 in
1320 2409 1436 2470 Christo
1458 2409 1514 2468 Do-

272 2511 367 2582 mino,
395 2511 459 2570 Deo
487 2516 519 2570 et
544 2510 678 2583 homine,
707 2509 919 2587 aspectabilem
947 2515 1036 2585 atque
1063 2508 1223 2568 imitationi
1243 2507 1426 2584 propositam
1447 2526 1514 2565 con·

271 2607 406 2684 templati
428 2612 544 2667 essenti
572 2640 611 2650 —
640 2606 787 2677 Quantum
809 2612 908 2666 autem
928 2606 1033 2682 religio
1056 2624 1091 2664 ac
1111 2605 1207 2665 virtus
1230 2604 1394 2664 christiana
1413 2603 1514 2662 valeat

274 2705 310 2765 ad
331 2704 533 2764 nobilitandos
559 2704 710 2764 hominnm
737 2723 834 2764 mores
856 2709 944 2780 atque
966 2703 1003 2762 ad
1025 2723 1126 2762 veram
1148 2701 1322 2762 civilitatem
1342 2719 1514 2777 promoven-

274 2791 358 2874 dam‚‘
372 2807 402 2861 et
423 2802 491 2878 quid
513 2807 618 2862 contra
638 2803 734 2862 virtus
755 2801 902 2861 naturalis
923 2821 959 2860 ao
979 2821 1059 2860 mere
1080 2799 1285 2878 philosophica
1305 2817 1442 2874 umquam
1463 2816 1516 2874 per

274 2920 307 2960 se
328 2900 458 2960 valuerit
484 2905 536 2958 aut
563 2900 653 2959 etism
680 2919 758 2959 nuno
779 2900 896 2971 valeat,
921 2898 1067 2958 historica
1093 2902 1284 2957 monumenta
1309 2901 1339 2955 et
1367 2893 1516 2954 cotidiana

271 2998 457 3076 experientia
476 2999 636 3074 loquuntur
648 3003 663 3058 ¹.

749 3101 990 3170 articulus
1014 3101 1046 3170 2.

546 3229 596 3294 De
618 3230 771 3292 uirtutum
795 3249 833 3291 ac
855 3228 1005 3291 uitiorum
1029 3225 1239 3290 distinctione.

540 3395 557 3477 ἓ
585 3397 613 3461 1.
649 3393 779 3459 Varia
809 3391 1105 3476 distinguendi
1129 3391 1250 3456 ratio.

273 3528 345 3599 338.
436 3529 586 3596 Virtutes
616 3533 650 3594 et
679 3527 762 3594 vitia
791 3547 856 3592 non
886 3547 982 3591 secus
1005 3546 1044 3591 ao
1067 3526 1158 3608 leges
1182 3528 1216 3589 et
1239 3523 1348 3588 officia
1370 3521 1403 3586 in
1428 3521 1520 3586 varia

272 3657 399 3720 genera
422 3639 457 3701 et
479 3635 606 3719 species
630 3633 778 3699 distribui
801 3635 949 3717 possunt.

366 3742 477 3807 Prima
500 3745 535 3808 et
557 3740 701 3806 maxime
721 3743 869 3824 penerieo
894 3739 1055 3803 virtutum
1080 3735 1246 3802 distinctio
1270 3734 1395 3819 petitur
1418 3753 1438 3798 a
1461 3733 1520 3798 du·

275 3848 353 3933 plici
384 3846 539 3932 operandi
569 3845 729 3930 principio
757 3843 907 3921 hominis,
937 3843 1064 3908 scilicet
1092 3841 1241 3925 potentia
1272 3841 1455 3906 intellectiva
1487 3843 1521 3905 et

277 3959 459 4040 appetitiva.
505 3955 577 4019 Hoc
609 3952 705 4018 modo
737 3952 855 4030 virtus,
889 3954 1052 4033 quatenus
1083 3947 1265 4031 generatim
1296 3946 1455 4030 accipitur
1485 3951 1522 4012 ut

275 4060 410 4126 habitus
424 4061 619 4127 rationalem
635 4058 774 4123 hominis
789 4057 970 4142 potentiam
988 4056 1019 4120 in
1038 4055 1150 4120 ordine
1166 4055 1207 4120 ad
1223 4055 1306 4119 bene
1323 4052 1521 4137 operandum

275 4167 461 4252 perficiens,
494 4166 595 4232 dividi
626 4166 711 4232 solet
740 4164 774 4228 in
804 4165 1043 4230 intellectualem
1073 4167 1107 4228 et
1136 4164 1288 4226 moralem
1312 4159 1440 4241 (stricte
1464 4177 1522 4222 seu

277 4273 410 4357 proprie
433 4269 613 4352 moralem).
645 4271 699 4337 Ita
721 4270 755 4335 in
777 4270 862 4334 hanc
885 4290 954 4334 rem
970 4273 1047 4352 post
1062 4267 1297 4334 Aristotelem2
1314 4267 1345 4332 S.
1363 4265 1521 4330 Thomas:

282 4368 417 4458 „Virtus
439 4379 582 4444 humana
605 4381 657 4444 est
680 4376 811 4460 quidam
834 4375 967 4442 habitus
991 4373 1163 4459 perficiens
1185 4371 1347 4438 hominem
1372 4371 1414 4436 ad
1441 4369 1523 4434 bene

278 4485 490 4569 operandum.
522 4483 720 4568 Principium
745 4486 855 4548 autem
878 4482 1092 4547 humanorum
1118 4484 1249 4546 actuum
1265 4479 1298 4544 in
1314 4476 1444 4543 homine
1459 4495 1524 4540 non

373 4746 381 4778 ¹
401 4744 441 4798 Cf.
461 4746 559 4813 well,
577 4743 633 4798 Das
652 4743 838 4797 Christeutum
859 4742 912 4796 und
931 4741 975 4795 die
994 4758 1106 4808 grossen
1125 4740 1232 4806 Fragen
1251 4738 1299 4791 der
1318 4735 1483 4803 Gegenwart
1502 4735 1522 4788 1.

280 4839 317 4888 A.
330 4835 368 4887 M.
380 4835 464 4887 Weiss
476 4833 508 4887 0.
520 4834 574 4899 Pr.‚
592 4831 724 4902 Apologia
737 4832 786 4886 dea
798 4831 999 4895 Christentums
1011 4831 1032 4884 1.
1056 4831 1174 4897 Nicetes,
1187 4812 1290 4882 Eltudee
1303 4824 1524 4896 philosophiques

275 4941 329 4977 sur
345 4923 372 4976 le
391 4921 590 4976 christianisme
608 4921 642 4974 II.

331 5041 336 5050 ·
371 5010 382 5044 ¹
401 5011 488 5064 Ethic.
506 5009 610 5064 Nicom.
629 5009 647 5062 1.
669 5009 692 5072 1,
711 5025 735 5062 c.
755 5008 797 5072 13,
818 5007 894 5070 1103,
913 5007 939 5071 b,
958 5007 993 5062 39
1001 5027 1007 5068 ;
1027 5007 1044 5059 1.
1065 5005 1089 5066 2,
1109 5023 1131 5060 c.
1154 5007 1176 5059 1.
