3909 5842
434 673 589 728 Essentiele
608 673 753 728 discrimen
771 659 959 727 inter-'bonnm
979 678 1008 727 et
1026 673 1127 727 malum
1146 672 1248 727 morale
1266 673 1405 727 asseritur.
1478 674 1540 739 119

287 851 417 916 midias
440 851 600 928 similiter,
625 872 708 934 quae
731 850 804 915 ideo
827 850 946 928 malae,
970 852 1048 934 quia
1070 848 1270 933 prohibitee;
1302 868 1385 930 quae
1408 848 1542 915 moralis

288 956 481 1022 differentia
510 959 687 1041 propterea
714 958 851 1041 positiva
881 976 939 1021 seu
970 959 1146 1021 extrinseca
1177 955 1372 1039 appellatur.
1426 954 1542 1037 Itaque

287 1062 400 1128 thesis
429 1063 516 1129 aliud
545 1084 611 1127 non
640 1062 796 1160 affirmat.
814 1061 877 1127 nisi
907 1082 980 1127 esse
1009 1069 1176 1147 praeterea
1211 1061 1335 1126 morale
1369 1060 1542 1127 discrimen

287 1171 513 1252 intrinsecum,
545 1190 609 1251 quo
630 1205 674 1217 «-
698 1189 763 1233 non
793 1188 907 1233 omnes
937 1168 1068 1249 quidem
1092 1167 1217 1233 -sed
1246 1170 1373 1253 aliquae
1396 1168 1543 1233 actiones

286 1274 454 1340 honestae
476 1276 530 1341 vel
554 1275 747 1340 inhonestae
770 1275 838 1339 sint
860 1277 1065 1357 naturaliter,
1089 1274 1109 1341 i.
1128 1294 1155 1340 e.
1173 1296 1238 1339 non
1255 1274 1331 1356 quia
1346 1278 1543 1359 praeceptae

263 1384 354 1446 aut
383 1381 577 1465 prohibitae,
608 1380 666 1447 sed
696 1383 822 1456 contre,
857 1401 941 1463 quae
963 1380 1037 1445 ideo
1061 1383 1259 1465 praeceptae
1282 1380 1335 1446 vel
1360 1380 1544 1465 prohibitae

289 1510 369 1553 esse
391 1488 638 1572 intellegantur,
663 1489 740 1571 quia
759 1512 820 1575 per
842 1510 874 1554 se
898 1488 1057 1554 honestae
1080 1488 1132 1553 vel
1158 1488 1360 1555 inhonestae.

289 1636 363 1707 149.
454 1635 615 1707 Probatur
637 1636 675 1705 1⁰.
722 1638 756 1703 Ε
775 1638 987 1723 metaphysica
1017 1644 1164 1722 conceptu
1188 1640 1351 1703 naturalia
1374 1638 1544 1703 honestatis

289 1748 341 1810 ael
364 1746 582 1810 inhonestatis.
613 1743 782 1810 Honestas
805 1765 823 1809 e
847 1766 905 1809 suo
922 1746 1081 1827 conceptu
1098 1753 1214 1809 rectam
1230 1744 1401 1809 liberarum
1418 1750 1545 1808 aelirum

291 1860 329 1916 ut
362 1854 475 1918 talium
507 1853 741 1917 ordinationem
773 1850 942 1933 designet;
977 1858 1058 1917 reete
1091 1854 1201 1916 autern
1235 1850 1386 1915 ordinata
1418 1848 1544 1914 censeri

292 1957 395 2023 debet
425 1956 512 2023 actio
542 1957 655 2036 libera,
687 1978 771 2039 quae
801 1978 844 2023 ex
873 1956 978 2022 libere
1007 1957 1187 2023 voluntatis
1211 1956 1370 2023 electione
1394 1954 1545 2038 dirigitur

291 2064 328 2129 in
350 2065 457 2147 finan,
481 2068 537 2150 qui
559 2072 697 2129 naturae
722 2066 899 2149 adaequate
921 2064 1098 2148 respondet,
1122 2084 1190 2141 seu,
1216 2062 1301 2145 quod
1324 2062 1410 2128 idem
1426 2064 1486 2141 est,
1511 2062 1544 2125 in

290 2172 417 2235 bonum
439 2168 503 2235 toti
525 2173 665 2235 naturae
687 2193 758 2235 uere
780 2172 973 2236 conueniens.
1007 2168 1113 2255 Quare
1136 2168 1256 2234 intuitu
1273 2168 1358 2233 entis
1374 2166 1545 2233 rationalis

292 2281 475 2361 conceptus
498 2276 627 2342 honesti
650 2280 685 2342 et
708 2279 885 2361 conceptus
908 2276 985 2341 boni
1008 2279 1146 2341 naturae
1166 2274 1391 2341 convenientis
1407 2294 1544 2339 eonver-

292 2386 412 2449 tuntur
435 2382 524 2463 (vide
547 2404 648 2467 supra
670 2404 702 2447 n.
726 2381 794 2464 45).
841 2382 937 2448 Unde
959 2382 1008 2447 ita
1032 2380 1222 2447 ratiocinari
1245 2380 1339 2446 licet:

386 2498 435 2564 Ut
464 2498 575 2580 aliqua
602 2496 689 2563 actio
719 2498 862 2563 humana
893 2517 971 2561 vere
996 2496 1057 2561 dici
1081 2496 1187 2581 possit
1209 2496 1385 2561 intrinsece
1407 2494 1546 2561 honesta

291 2604 351 2669 vel
373 2604 550 2669 intrinsece
573 2602 755 2682 inhonesta,
780 2602 958 2684 requiritur
981 2605 1016 2669 et
1039 2602 1170 2679 sufficit,
1201 2604 1237 2667 ui
1259 2624 1317 2688 per
1339 2624 1372 2668 ee
1395 2602 1546 2685 spectate

293 2710 350 2774 vel
378 2708 458 2775 telis
488 2710 542 2787 sit,
575 2730 659 2791 quae
689 2729 754 2773 non
784 2708 889 2792 possit
918 2729 984 2772 non
1014 2708 1047 2772 in
1077 2708 1197 2773 bonum
1220 2711 1359 2774 naturae
1382 2708 1442 2773 toti
1468 2728 1545 2772 con·

294 2816 433 2881 veniens
457 2815 564 2898 dirigi,
588 2816 642 2880 vel
665 2815 754 2892 talis,
779 2836 863 2897 quae
885 2814 960 2879 huic
982 2837 1040 2899 per
1063 2836 1095 2879 ee
1118 2814 1214 2899 plene
1237 2816 1399 2898 repugnet
1422 2816 1457 2878 et
1471 2813 1546 2878 hinc

291 2924 441 3006 incapax
464 2922 517 2999 sit,
551 2922 649 2987 aliam
673 2921 813 2986 habendi
837 2920 1060 2999 directionem,
1085 2940 1182 3002 quam
1204 2920 1258 2985 fini
1282 2921 1385 2986 totius
1407 2922 1546 2985 naturae

293 3028 491 3113 simpliciter
527 3028 720 3113 oppositam.
774 3030 872 3113 Atqui
908 3026 996 3091 inter
1032 3025 1178 3091 actiones
1214 3026 1374 3091 humanas
1412 3046 1471 3109 per
1510 3045 1545 3089 se

295 3135 526 3200 consideratas
558 3137 642 3200 aliae
671 3134 890 3219 reperiuntur,
920 3132 953 3197 in
978 3131 1094 3215 quibus
1117 3130 1216 3216 prior,
1249 3134 1342 3215 aliae,
1374 3130 1546 3213 inquibus

295 3241 463 3324 posterior
491 3241 635 3306 condicio
659 3240 835 3305 manifeste
857 3238 1056 3303 verificatur.
1105 3236 1182 3315 Quis
1207 3236 1290 3302 enim
1315 3240 1415 3320 neget
1437 3240 1547 3301 ectum

295 3347 422 3413 amoris
445 3368 527 3429 erga
550 3347 666 3424 Deum,
691 3346 746 3429 qui
771 3348 822 3411 est
844 3344 1007 3410 humanae
1032 3348 1170 3409 naturae
1193 3343 1267 3408 finis
1283 3346 1317 3409 ei
1332 3344 1452 3409 bonum
1469 3342 1546 3407 sim-

295 3454 430 3537 pliciter
453 3455 650 3519 conveniens
666 3455 711 3537 (n.
731 3453 797 3537 61),
818 3477 880 3541 per
894 3475 936 3537 se,
960 3452 1058 3517 immo
1076 3452 1260 3518 formaliter
1275 3453 1316 3519 ad
1332 3452 1451 3517 bonum
1468 3470 1547 3515 vere

296 3559 498 3626 conveniens
520 3558 626 3642 dirigi,
651 3562 761 3625 actum
784 3580 863 3624 vero
887 3558 952 3623 odii
974 3558 1008 3623 in
1025 3559 1129 3623 Deum
1152 3558 1227 3623 huic
1251 3558 1459 3625 essentialiter
1475 3577 1547 3622 esse

296 3666 523 3732 carnarium?
554 3667 701 3732 Eandem
725 3670 835 3732 autem
858 3666 1021 3731 rationem
1045 3664 1266 3730 conversionis
1289 3664 1343 3729 vel
1367 3663 1548 3731 aversionis

297 3773 406 3838 relate
437 3772 478 3837 ad
505 3776 645 3838 naturae
667 3776 766 3839 finem
789 3772 875 3839 aliae
899 3792 1027 3855 quoque
1052 3771 1198 3837 sationes
1221 3770 1431 3857 participant,
1463 3791 1547 3854 quae

298 3880 340 3944 ab
363 3878 431 3944 iliis
454 3878 562 3961 aliquo
586 3880 681 3944 modo
704 3878 934 3957 informantur,
958 3878 1133 3943 tendentes
1158 3877 1190 3943 in
1210 3876 1332 3959 aliquid
1349 3878 1401 3942 vei
1419 3877 1547 3941 divinae

297 3988 439 4051 naturae
462 4005 522 4068 per
544 4006 580 4051 se
604 4006 793 4068 congruum,
817 3989 854 4050 ut
878 4006 969 4050 amor
993 3984 1134 4069 proximi
1159 3986 1293 4067 propter
1310 3985 1414 4049 Deum
1437 4004 1495 4048 seu
1511 3984 1548 4048 ut

298 4092 360 4157 Dei
383 4091 629 4157 similitudinem
652 4092 836 4170 referentis,
862 4092 916 4156 vel
940 4094 1057 4157 contra
1079 4091 1111 4156 in
1136 4089 1259 4174 aliquid
1283 4110 1342 4173 per
1365 4110 1401 4155 se
1417 4089 1548 4154 divinae

298 4202 440 4265 naturae
469 4216 667 4281 repugnans,
699 4203 736 4263 ut
763 4196 978 4275 mendacium,
1011 4197 1118 4261 odium
1143 4196 1285 4281 proximi
1308 4198 1371 4262 etc.
1396 4234 1439 4243 —
1462 4195 1549 4281 Erpa

299 4306 422 4372 dantur
450 4304 607 4383 actiones,
638 4324 722 4386 quae
752 4307 872 4369 natura
901 4325 961 4369 sua
992 4305 1026 4368 et
1055 4302 1232 4369 intrinseco
1262 4300 1448 4367 discrimine
1472 4302 1548 4367 sunt

297 4413 460 4477 honestae
483 4412 535 4475 vel
558 4410 753 4476 inhonestae
763 4412 784 4477 ¹.

392 4655 400 4686 ¹
424 4652 465 4706 cf.
481 4653 508 4707 S.
526 4652 626 4721 iliam,
646 4650 748 4706 Contra
758 4650 860 4705 Gentes
878 4650 895 4703 l.
910 4650 935 4714 3,
953 4667 976 4703 c.
996 4650 1060 4711 129;
1075 4648 1102 4702 S.
1115 4648 1197 4701 theol.
1218 4649 1240 4713 1,
1257 4647 1282 4712 2,
1302 4664 1328 4715 q.
1351 4646 1391 4711 18,
1413 4646 1479 4700 ab:
1502 4646 1549 4713 ,In

294 4742 408 4799 actibus
421 4745 512 4795 autem
524 4741 623 4795 bonnm
635 4744 664 4793 et
676 4739 778 4793 malum
791 4740 890 4793 dicitur
902 4756 951 4809 per
964 4736 1193 4807 comparationem
1209 4735 1244 4790 ad
1256 4736 1398 4789 rationem.
1411 4776 1417 4787 .
1432 4774 1438 4787 .
1453 4774 1458 4787 .
1487 4734 1549 4789 Uni-

294 4833 398 4901 cuique
420 4830 492 4883 enim
519 4829 559 4883 rei
586 4832 628 4883 eet
655 4828 762 4893 bonum,
790 4827 862 4895 quod
890 4825 1017 4880 convenit
1040 4826 1063 4879 ei
1089 4825 1237 4879 secundum
1259 4840 1338 4877 suam
1362 4823 1492 4888 formam,
1521 4827 1549 4877 ei

294 4920 417 4983 melum,
444 4917 516 4987 quod
541 4920 584 4972 esi
609 4916 634 4971 ei
658 4919 767 4987 praeter
792 4915 913 4969 ordinem
940 4930 1007 4968 suae
1033 4916 1144 4967 formae.
1182 4913 1262 4966 Patet
1291 4928 1370 4979 ergo,
1399 4911 1470 4979 quod
1499 4910 1548 4964 dif-

294 5008 416 5063 ferentia
441 5006 504 5061 boni
527 5009 555 5060 et
572 5004 638 5059 mali
656 5004 729 5058 circa
751 5004 885 5060 obiectum
906 5002 1077 5059 considerate
1096 5004 1268 5071 eomparatur
1295 5016 1345 5069 per
1366 5016 1396 5053 se
1415 4998 1448 5052 ad
1468 4999 1549 5054 ratio·
