3909 5842
747 692 853 747 Relatio
871 692 993 748 iuridica
1430 697 1494 762 395

230 864 315 937 488.
412 865 502 944 Quae
525 866 655 950 quidem
679 867 827 936 doctrina
852 870 880 935 si
904 869 993 935 aliud
1008 890 1074 934 non
1089 869 1223 950 diceret,
1248 892 1344 953 quam
1360 873 1394 938 in
1410 874 1499 939 omni

231 971 314 1037 iure
340 972 481 1039 idealem
514 974 766 1042 destinationem
800 976 969 1052 contineri,
1003 980 1042 1042 ut
1069 977 1193 1042 realem
1224 977 1324 1043 etiarn
1347 979 1499 1046 effectum

232 1079 406 1158 obtineat,
431 1100 491 1146 nec
514 1101 578 1146 non
602 1085 727 1148 ratione
748 1084 824 1168 finis
847 1085 974 1148 ordinis
997 1085 1133 1148 iuridici
1154 1087 1191 1148 in
1214 1086 1326 1149 sodali
1346 1088 1413 1150 cita
1437 1087 1499 1150 ad·

237 1187 404 1270 implendi
426 1187 648 1253 necessarium
671 1209 754 1266 esse,
783 1191 820 1254 ut
843 1189 876 1254 io
899 1211 961 1255 sac
985 1193 1138 1256 totalitate
1159 1190 1212 1256 ius
1234 1211 1292 1254 seu
1315 1190 1397 1255 iuris
1419 1192 1499 1258 ordo

234 1290 327 1355 reali
354 1293 547 1362 actualitate
571 1298 605 1360 et
629 1293 777 1360 efficacia
800 1317 865 1360 non
887 1296 1077 1374 frustretur,
1101 1317 1175 1362 cum
1197 1301 1271 1364 tota
1293 1297 1500 1384 philosophia

236 1395 430 1464 christiana
461 1401 672 1468 consentiret.
719 1401 812 1478 Quod
844 1405 955 1467 autem
991 1402 1150 1468 eiusmodi
1181 1408 1322 1470 externa
1351 1403 1499 1491 efficacia

236 1504 427 1570 universim
458 1506 649 1590 perhibetur
674 1527 746 1574 esse
780 1510 820 1574 de
850 1510 986 1574 essentia
1016 1511 1118 1575 omnis
1147 1511 1233 1574 iaris
1259 1509 1386 1576 sivein
1411 1531 1499 1576 com·

237 1610 337 1674 muni
354 1611 425 1676 sive
441 1611 475 1676 in
490 1613 694 1698 particulari,
719 1635 757 1680 eo
774 1614 904 1680 demum
920 1613 1017 1692 redit,
1042 1618 1079 1680 ut
1095 1615 1224 1682 dicatur
1244 1617 1367 1682 nullum
1385 1637 1498 1683 verum

238 1717 295 1781 ius
321 1737 397 1782 esse
419 1739 526 1801 posse,
552 1719 614 1786 nisi
632 1723 772 1806 positiva
794 1723 953 1807 tepolitate
976 1720 1138 1787 munitum
1162 1724 1196 1786 et
1210 1722 1342 1806 publica
1357 1723 1500 1788 humana

239 1825 449 1892 auctoritate
472 1825 601 1905 fultum,
627 1830 738 1914 iusque
760 1830 865 1913 ipsum
890 1849 923 1892 eo
946 1829 1016 1912 ipso
1040 1829 1181 1912 deficere,
1209 1829 1294 1914 qaod
1313 1829 1399 1911 forte
1416 1831 1500 1916 pley-

240 1933 315 1996 sica
335 1936 479 2018 potentia
504 1934 585 2000 desit
608 1935 691 1999 illud
714 1935 886 2019 efficaciter
909 1933 1032 2000 tuendi.
1065 1933 1161 2000 Omni
1188 1934 1318 2016 quidem
1338 1939 1498 2019 tempore,

242 2037 304 2101 sed
330 2037 393 2104 hac
416 2040 623 2124 potissimum
647 2045 760 2107 aetate
783 2039 932 2124 profecto
955 2041 1105 2119 interest,
1130 2043 1168 2107 ut
1190 2041 1224 2106 in
1243 2041 1427 2108 definienda
1442 2062 1500 2124 ge·

243 2143 350 2210 nuina
379 2145 459 2211 iun's
489 2146 563 2212 idea
593 2150 662 2212 tam
685 2146 869 2231 perniciosa
893 2147 1092 2230 ambiguitas
1116 2168 1137 2213 a
1159 2147 1271 2213 limine
1294 2147 1499 2214 excludatur.

243 2248 357 2325 Quare
381 2251 536 2336 explicite
559 2253 736 2320 statuenda

245 2411 321 2483 489.
411 2403 567 2487 Thetis
592 2403 755 2490 XLIII.
798 2429 958 2494 coactiva
977 2430 1243 2508 inviolabilitas,
1271 2434 1499 2507 quassatam

247 2524 467 2587 essentialem
495 2525 581 2588 iuris
610 2527 806 2606 constituit,
834 2528 1102 2605 independenter
1130 2546 1151 2590 a
1177 2528 1319 2606 physica
1345 2529 1499 2606 potentia

248 2622 438 2685 coactionis
460 2623 649 2688 efficaciter
670 2625 880 2688 exercendae
902 2627 1073 2705 subsistit,
1095 2626 1147 2690 ita
1166 2632 1205 2688 ut
1224 2627 1279 2688 ios
1300 2627 1498 2704 ceteroquin

248 2719 403 2798 legitimo
431 2721 531 2784 titulo
558 2722 740 2785 fundatum
768 2741 829 2801 par
856 2742 893 2786 se
924 2724 1059 2786 drmum
1087 2729 1122 2786 st
1148 2724 1322 2804 integrum
1348 2730 1498 2803 maneat,

249 2817 385 2879 etiamsi
413 2837 474 2895 per
502 2820 659 2883 accidens
688 2821 779 2885 omni
808 2821 948 2900 physico
976 2821 1149 2898 praesidio
1175 2822 1248 2886 sive
1269 2822 1404 2900 publico
1425 2822 1498 2888 sive

250 2912 385 2988 privato
406 2915 623 2980 destituatur.

340 3052 646 3122 Praenotanda.
693 3057 883 3122 Coactivam
913 3055 1201 3121 inviolabilitatem
1231 3057 1272 3120 ad
1306 3057 1499 3122 essentiales

249 3157 331 3224 iuris
348 3165 443 3226 notas
460 3163 625 3244 pertinere
641 3163 800 3229 asseritur
816 3183 880 3226 ιιοιι
897 3165 1066 3244 tamquam
1081 3182 1159 3244 pars
1174 3161 1308 3227 theseos
1319 3161 1498 3244 probanda,

251 3265 310 3330 sed
333 3266 441 3348 potius
464 3273 634 3350 tamquam
658 3267 839 3352 suppositio
856 3267 989 3334 aliunde
1003 3268 1069 3332 iam
1085 3271 1178 3333 certa
1194 3273 1228 3333 et
1242 3267 1284 3332 ab
1301 3267 1500 3332 adversariis

252 3377 458 3453 exaggerata
476 3375 586 3457 potius
602 3395 699 3455 quam
715 3378 848 3455 negata,
874 3395 894 3439 a
909 3394 974 3454 qua
990 3373 1084 3456 proin
1100 3378 1269 3454 tamquam
1286 3373 1501 3439 communiter

254 3476 395 3543 admisso
419 3479 577 3563 principio
600 3479 633 3544 in
658 3479 913 3546 demonstranda
936 3479 1023 3545 thesi
1046 3478 1208 3563 proficisci
1231 3479 1339 3544 liceat.

254 3624 325 3696 490.
413 3623 572 3700 Probatur
594 3627 630 3698 1⁰.
679 3631 732 3696 Ee
755 3639 876 3696 natura
900 3631 984 3695 iuris
1007 3631 1218 3695 essentialiter
1239 3631 1366 3694 morali.

342 3733 398 3798 Ius
427 3737 479 3800 est
508 3737 658 3818 potentia
681 3736 904 3803 essentialiter
926 3737 1061 3802 moratis
1084 3757 1123 3801 ac
1146 3735 1283 3818 proinde
1306 3755 1372 3799 non
1395 3733 1502 3800 minus

257 3840 477 3907 essentialiter
507 3841 740 3925 distinguenda
771 3844 814 3908 ab
844 3841 932 3907 omni
963 3840 1114 3926 potentia
1134 3843 1277 3928 physica.
1318 3844 1417 3926 Atqui
1440 3840 1503 3906 nisi

259 3948 426 4014 character
448 3948 503 4012 ille
525 3949 615 4026 iuris,
640 3970 704 4031 quo
728 3948 913 4016 coactivum
938 3951 1000 4026 est,
1023 3947 1086 4030 ipsi
1109 3946 1369 4030 independenter
1384 3967 1405 4011 a
1420 3946 1502 4030 phy·

260 4055 324 4120 sica
345 4055 495 4138 potentia
518 4055 697 4121 coactionis
721 4055 901 4122 efficaciter
924 4053 1128 4119 exercendae
1151 4052 1349 4130 inhaereret,
1379 4052 1430 4118 ius
1461 4051 1503 4117 ad

261 4165 406 4228 naturam
430 4162 599 4245 potentiae
622 4161 778 4246 physicae
803 4161 1051 4245 deprimeretur.
1084 4161 1172 4245 lirqc
1195 4159 1237 4225 ab
1260 4158 1322 4224 hac
1340 4158 1396 4224 ille
1412 4157 1503 4222 inde·

262 4269 434 4352 pendenter
456 4267 636 4334 subsistere
660 4269 815 4333 dicendus
840 4271 900 4334 est.

344 4383 457 4449 Proh.
489 4384 630 4450 minor.
677 4383 841 4461 Potestas,
873 4383 965 4448 cuius
992 4402 1057 4447 non
1081 4381 1186 4446 solum
1210 4379 1414 4458 exercitium,
1444 4379 1503 4444 sed
1563 4362 1568 4370 ¹

264 4489 359 4572 ipsum
385 4511 449 4554 esse
473 4497 500 4554 et
523 4493 658 4556 essentie
683 4509 703 4555 a
726 4489 862 4573 physica
886 4493 921 4556 et
942 4486 1107 4554 materiali
1126 4486 1315 4552 condicione
1331 4484 1502 4568 dependet,

264 4595 329 4679 ipsa
350 4617 412 4661 non
437 4595 580 4674 moralis,
605 4595 663 4662 sed
686 4595 824 4679 physica
846 4593 997 4678 potentia
1019 4592 1137 4658 merito
1161 4589 1289 4657 dicitur.
1327 4594 1428 4676 Atqui
1441 4590 1503 4669 ius,

267 4701 312 4767 cai
332 4701 564 4769 inviolabilitas
588 4702 738 4769 coactiva
762 4706 899 4768 eatenus
922 4706 1053 4768 tantum
1077 4699 1244 4783 competit,
1276 4702 1438 4781 quatenus
1461 4697 1504 4763 ad

267 4808 456 4874 coactionem
472 4807 651 4874 efficaciter
667 4807 848 4890 urgendam
864 4806 1081 4873 sufficientem
1097 4805 1301 4872 materialem
1321 4802 1501 4888 potentiam

269 4913 441 4981 adiunctam
469 4915 578 4994 habet,
609 4933 727 4980 revera
751 4917 802 4978 est
825 4915 984 4996 potestas,
1016 4932 1100 4994 quae
1122 4912 1156 4976 in
1179 4910 1251 4995 ipso
1275 4931 1334 4976 suo
1359 4930 1423 4975 esse
1445 4909 1503 4975 de·

269 5021 399 5102 pendens
430 5025 480 5086 est
504 5042 524 5086 a
548 5020 736 5086 condicione
767 5040 855 5084 mere
885 5018 1023 5104 physica
1053 5024 1088 5085 et
1110 5017 1282 5084 materiali.
1329 5017 1392 5092 Est
1415 5017 1501 5082 enim
