3909 5842
432 660 494 727 106
656 657 746 711 Sectio
765 658 785 713 Ι.
822 657 904 712 Liber
921 658 943 713 Ι.
981 657 1070 728 Caput
1087 657 1135 713 ΙΙΙ.
1172 654 1311 711 Articulus
1330 655 1354 710 3.
1391 654 1454 723 53.

427 837 591 903 vereatur.
623 834 670 903 At
693 854 773 901 vero
796 834 831 901 in
852 836 914 901 bac
938 855 975 901 re
998 856 1079 919 prae
1102 832 1222 901 ceteris
1245 833 1394 911 obscura,
1419 851 1506 914 quae
1521 830 1670 915 opinandi

426 938 537 1023 potius
559 939 796 1025 amplissimam
820 940 957 1024 copiam,
983 962 1080 1023 quam
1104 939 1227 1007 invicte
1250 936 1464 1005 confirmandi
1479 942 1671 1021 argumenta

426 1044 665 1125 subministrat,
690 1067 797 1131 pauca
819 1047 996 1113 admodum
1014 1047 1067 1113 vel
1091 1068 1112 1113 a
1135 1044 1360 1129 sagacissimis
1375 1048 1453 1129 post
1467 1043 1501 1111 S.
1518 1042 1670 1109 Tbomarn

427 1149 652 1235 philosophiae
673 1151 863 1219 doctoribus
883 1157 1021 1237 accepta
1037 1152 1233 1221 documenta
1251 1154 1397 1229 exstant,
1414 1170 1501 1233 quae
1517 1150 1561 1216 ab
1577 1149 1672 1215 omui·

427 1256 488 1323 bus
511 1257 607 1325 unius
630 1258 841 1341 eiusdemque
865 1259 967 1328 etiarn
991 1258 1124 1329 scholae
1146 1257 1283 1325 asseclis
1306 1261 1475 1339 tamquam
1495 1252 1629 1321 indubia
1643 1258 1673 1319 et

426 1368 519 1429 certa
530 1345 761 1433 admittantur.
792 1364 906 1449 Longe
921 1365 1017 1449 plura
1029 1369 1117 1443 sunt,
1133 1385 1219 1447 quae
1234 1363 1306 1429 sive
1322 1362 1489 1431 rationum
1504 1360 1673 1427 momentis

426 1470 498 1535 siva
527 1470 740 1539 auctoritatis
768 1470 913 1555 pondere
946 1471 1022 1555 plus
1052 1471 1201 1539 minusve
1231 1468 1475 1553 probabilitatis
1506 1470 1673 1550 occupant.

426 1574 498 1642 Noe
517 1575 629 1659 igitur,
654 1598 739 1659 quae
762 1578 805 1646 ad
819 1577 1025 1663 propositum
1049 1581 1197 1645 nostrum
1220 1576 1430 1659 aliquatenus
1448 1572 1618 1658 pertinere
1632 1572 1674 1637 vi·

428 1682 556 1763 dentur,
580 1704 623 1749 ex
639 1684 696 1761 eis,
722 1705 807 1767 quae
829 1685 884 1752 vel
907 1688 1000 1751 certa
1022 1684 1076 1751 vel
1100 1682 1303 1751 communius
1326 1680 1472 1749 admissa
1487 1684 1526 1747 et
1541 1678 1675 1763 probata

427 1794 521 1869 sunt,
552 1788 677 1861 selecta
703 1790 892 1857 summatim
915 1791 1105 1859 referemus.
1152 1790 1237 1857 Sunt
1259 1794 1372 1857 autem
1394 1787 1466 1855 iere
1489 1784 1674 1869 sequeutia:

426 1926 491 1998 138.
587 1934 615 1998 1.
640 1931 782 1998 Habitus
803 1932 1000 1999 naturaliter
1018 1932 1212 2018 producitur
1235 1950 1294 2015 per
1317 1928 1530 1997 iterationem
1547 1930 1675 1991 actuum

428 2033 602 2114 similium,
627 2036 812 2121 incipiendo
836 2037 879 2102 ab
902 2042 980 2104 actu
1003 2036 1126 2122 primo,
1151 2036 1207 2119 qui
1229 2036 1295 2102 iam
1317 2033 1520 2109 incohative,
1544 2028 1674 2098 tametsi

429 2160 495 2205 non
517 2142 726 2221 sensibiliter,
751 2142 899 2210 habitum
923 2144 1041 2227 gignit.
1088 2142 1232 2210 Actuum
1255 2148 1367 2209 autem
1390 2142 1474 2207 haec
1497 2138 1674 2205 similitudo
1769 2204 1770 2221 ,

429 2247 470 2312 ab
500 2248 631 2315 unitate
660 2248 805 2335 specifica
836 2248 955 2315 obiecti
986 2268 1044 2314 seu
1075 2248 1190 2315 motivi
1214 2247 1413 2314 desumenda
1437 2266 1512 2311 esse
1536 2243 1672 2319 videtur,

427 2353 477 2420 ita
500 2358 537 2421 ut
558 2354 593 2421 in
617 2376 682 2421 una
705 2354 854 2439 potentia
877 2376 937 2439 per
959 2376 996 2421 se
1018 2360 1071 2423 tot
1093 2356 1258 2441 simplices
1281 2354 1414 2421 habitus
1437 2373 1513 2418 esse
1541 2350 1673 2436 possint,

429 2464 509 2542 quot
542 2460 671 2527 obiecta
702 2464 803 2546 specie
834 2464 913 2542 (uon
942 2462 1072 2545 ponere)
1103 2462 1229 2527 dinosa
1253 2460 1342 2526 intra
1365 2458 1528 2525 ambitum
1561 2454 1674 2521 obiecti
1770 2508 1771 2511 ,

428 2564 577 2630 formalis
600 2566 744 2632 eiusdem
768 2568 936 2650 potentiae
959 2567 1216 2649 distinguuntur.

428 2702 495 2775 341.
588 2709 619 2773 2.
643 2706 785 2773 Habitus
803 2730 863 2793 per
878 2708 1028 2777 actiones
1043 2709 1144 2774 semel
1161 2708 1340 2793 productus
1356 2704 1502 2771 vicissim
1519 2706 1672 2771 actionum
1771 2792 1772 2795 Ἴ

426 2812 624 2897 priuorpium
648 2812 868 2891 constituitur,
894 2834 958 2878 non
983 2812 1087 2878 solnm
1110 2818 1237 2881 remote
1260 2818 1295 2879 et
1311 2811 1492 2891 moraliter,
1517 2814 1673 2893 quatenus

429 2917 577 2999 potentia
599 2916 632 2982 in
656 2924 733 2985 actu
755 2922 859 3007 primo
882 2918 1030 2989 redditur
1052 2920 1239 3005 proclivior,
1263 2918 1322 2984 sed
1346 2918 1447 2984 etiam
1471 2917 1620 3001 proxime
1641 2920 1672 2980 et

427 3021 573 3107 physice,
599 3028 761 3107 quatenus
783 3024 855 3109 ipse
878 3029 972 3091 aetus
996 3030 1155 3092 secundus
1177 3026 1253 3091 inde
1276 3026 1313 3091 fit
1337 3022 1525 3108 expeditior
1548 3026 1582 3088 et
1604 3041 1671 3107 per·

427 3127 554 3194 fertior.

427 3266 493 3340 135.
585 3274 615 3337 3.
640 3274 821 3338 Subiectum
841 3272 1010 3341 habituum
1027 3295 1093 3339 non
1109 3278 1220 3357 potest
1235 3294 1309 3339 esse
1324 3270 1387 3339 nisi
1400 3274 1546 3357 potentia
1562 3270 1669 3335 ulula.

427 3374 466 3441 Id
481 3376 568 3443 enim
583 3378 752 3463 proprium
768 3383 821 3445 est
835 3378 972 3457 habitui,
998 3385 1035 3446 ut
1051 3381 1219 3465 potentiae
1235 3378 1591 3454 indeterminationem,
1614 3394 1671 3457 qua

426 3480 485 3547 illa
507 3483 595 3548 intra
619 3484 777 3550 ambitum
800 3484 851 3549 sui
875 3484 994 3551 obiecti
1018 3485 1165 3551 formalis
1180 3506 1240 3571 per
1255 3505 1291 3549 se
1307 3483 1494 3568 aequaliter
1511 3482 1554 3549 ad
1570 3480 1670 3547 varias

428 3587 628 3655 obiectorum
659 3589 785 3672 species
817 3590 877 3655 sub
908 3610 946 3657 eo
970 3594 1145 3657 contentas
1169 3590 1368 3675 disponitur,
1400 3588 1510 3671 magis
1534 3588 1671 3653 coarctet

428 3692 522 3773 eique
546 3694 722 3777 specialem
745 3694 1050 3761 determinationem
1075 3696 1108 3761 in
1132 3700 1241 3761 certos
1264 3698 1359 3761 actus
1382 3692 1522 3759 tribuat.
1563 3690 1669 3774 Igitur,

428 3802 465 3864 ut
482 3799 592 3880 aliqua
608 3800 756 3883 potentia
772 3820 878 3885 capax
893 3800 937 3866 sit
953 3801 1131 3886 recipiendi
1146 3800 1288 3880 habitus,
1310 3799 1500 3883 requiritur,
1518 3802 1555 3865 ut
1571 3796 1669 3879 aliquo

429 3904 524 3969 modo
548 3903 743 3971 intrinsecus
759 3904 803 3970 sit
819 3906 1076 3991 indeterminata,
1101 3908 1133 3972 id
1151 3908 1237 3989 quod
1253 3906 1332 3973 solis
1348 3905 1508 3991 potentiis
1525 3903 1670 3970 vitalibus

428 4009 591 4077 convenit.
623 4008 725 4075 Immo
750 4031 813 4092 quo
836 4012 941 4076 maior
964 4016 1017 4078 est
1040 4014 1207 4097 potentiae
1231 4012 1395 4079 obiectiva
1411 4008 1670 4077 indeterminatio

428 4136 485 4180 seu
509 4115 813 4193 determinabilitas‚
838 4136 877 4181 eo
899 4118 1005 4182 maior
1028 4119 1126 4183 etiam
1152 4118 1319 4203 capacitas
1336 4123 1369 4185 et
1385 4116 1483 4201 quasi
1498 4113 1670 4199 indigentia

428 4219 579 4285 arctioris
602 4220 689 4284 illins
712 4220 994 4287 determinationis
1017 4243 1075 4307 per
1098 4222 1244 4289 habitum
1261 4223 1292 4288 ei
1307 4224 1416 4288 inesse
1432 4223 1574 4289 videtur.
1606 4218 1669 4285 Nec

428 4328 539 4390 tamen
567 4324 716 4390 omnibus
746 4326 902 4409 potentiis
926 4326 1082 4393 vitalibus
1113 4328 1244 4394 babitus
1274 4327 1451 4393 convenire
1476 4324 1669 4393 communius

429 4436 564 4497 censent
580 4438 742 4499 auctores.
774 4434 978 4500 Conveniunt
994 4439 1104 4503 autem
1121 4436 1168 4500 illi
1192 4436 1350 4519 imprimis
1366 4434 1510 4500 hominis
1526 4431 1670 4501 wirunt

430 4545 458 4600 ct
480 4538 649 4602 intellectui
654 4588 664 4620 ,
695 4542 820 4603 iuicruo
844 4543 951 4605 cenaui
975 4548 1003 4605 ct
1026 4544 1181 4625 appetitui
1205 4542 1379 4607 hruumm.
1411 4578 1453 4592 „..
1480 4542 1598 4608 Sensus
1620 4558 1668 4603 er·

428 4648 535 4706 imos
550 4641 697 4709 habitum
711 4645 882 4725 acquirere
897 4646 1077 4711 communis
1093 4646 1260 4713 sententia
1275 4650 1387 4729 negat,
1412 4666 1453 4712 eo
1469 4646 1556 4729 quod
1571 4640 1668 4709 facili-

428 4750 493 4821 tas,
517 4766 601 4828 quae
624 4768 667 4813 ex
681 4750 892 4815 assuetudine
908 4752 949 4815 ad
965 4754 1058 4817 certa
1074 4752 1203 4819 obiecta
1218 4753 1332 4830 oritur,
1357 4751 1470 4835 potius
1486 4753 1530 4819 ad
1547 4746 1669 4833 organi·

430 4870 502 4915 cam
530 4854 781 4935 temperamenti
810 4856 1024 4921 variationem
1055 4860 1090 4922 et
1119 4858 1338 4925 materialium
1369 4858 1669 4942 impedimentorum

429 4956 642 5021 remotionem
665 4959 777 5023 reduci
799 4959 927 5026 debeat.
967 4961 1128 5027 Nimirum
1151 4963 1249 5029 simili
1273 4964 1416 5045 quadam
1440 4966 1601 5031 materiae
1622 4966 1670 5027 at·
