3909 5842
444 660 509 724 362
671 653 760 708 Sectio
779 655 813 708 11.
852 654 931 709 biber
949 655 969 708 I.
1008 653 1098 725 Caput
1116 655 1149 708 ll.
1187 655 1327 709 Articulus
1344 657 1371 708 4.
1411 654 1482 723 52.

443 835 558 898 secuta
582 837 643 908 est,
668 853 732 897 non
757 836 974 916 computetur,
1000 831 1163 896 communi
1186 838 1298 898 tamen
1314 831 1472 898 iustitiae
1490 832 1607 898 ordini
1623 840 1708 915 atqcs

443 939 615 1004 securitati
638 938 720 1004 satis
743 939 910 1022 provisum
934 959 1141 1020 nequaquam
1165 938 1262 1016 foret,
1287 938 1348 1003 nisi
1370 938 1462 1004 idem
1483 941 1574 1004 ordo
1591 941 1707 1024 publica

443 1045 559 1110 sociali
582 1043 813 1128 cooperatione
837 1047 953 1110 contra
971 1065 1110 1127 pravum
1127 1043 1315 1110 individuae
1330 1044 1509 1111 libertatis
1526 1069 1629 1112 usum
1644 1069 1708 1112 cor.-

443 1155 573 1218 stanter
596 1154 792 1218 firmaretur.
831 1151 957 1216 Deinde
980 1171 1071 1229 vero,
1105 1149 1191 1232 quod
1214 1149 1423 1235 potissimum
1448 1157 1520 1230 est,
1547 1153 1595 1218 ad
1619 1155 1708 1218 ratic

444 1279 519 1324 nem
542 1257 731 1324 securitatis
754 1257 882 1324 accedit
904 1257 985 1322 illud
1009 1257 1151 1324 alterum
1166 1261 1366 1324 momentum
1382 1279 1403 1323 a
1420 1263 1558 1324 natura
1575 1259 1707 1324 bumara

444 1364 672 1449 inseparabile,
697 1365 783 1447 quod
807 1385 866 1448 per
889 1385 925 1430 se
948 1363 1055 1430 solum
1078 1363 1245 1430 sufficeret
1268 1365 1309 1429 ad
1332 1363 1491 1430 homines
1517 1367 1557 1431 in
1578 1367 1707 1432 maiora

446 1471 559 1537 civiles
589 1476 702 1538 coetus
733 1471 913 1538 efficaciter
936 1475 970 1537 et
993 1471 1143 1536 suaviter
1165 1469 1418 1553 compellendos,
1454 1473 1628 1539 nimirum
1649 1475 1709 1558 ipss

446 1581 584 1643 naturae
607 1577 769 1644 humanae
792 1599 920 1642 summa
942 1577 1204 1662 perfectibilitas,
1229 1575 1279 1642 oui
1296 1576 1412 1642 similis
1429 1579 1654 1647 sociabilitas
1668 1603 1710 1644 re-

447 1684 587 1767 spondet
610 1683 656 1767 (ν.
680 1707 711 1751 n.
737 1686 802 1749 420
827 1683 868 1748 ad
893 1683 938 1766 3).

447 1838 519 1910 429.
606 1837 779 1911 scholium.
808 1849 943 1910 Societas
965 1849 1074 1919 civilis,
1095 1854 1200 1926 utpote
1220 1868 1274 1926 per
1294 1868 1328 1906 se
1348 1867 1409 1906 non
1430 1848 1542 1927 impar
1564 1853 1709 1912 socialiter

448 1945 666 2022 comparandae
687 1947 863 2007 sufficientis
886 1947 991 2024 copiae
1012 1949 1156 2006 bonorum
1176 1966 1213 2005 ac
1233 1945 1452 2017 subsidiorum,
1483 1950 1610 2024 quibus
1637 1971 1707 2027 geue

448 2043 536 2103 ratim
564 2043 698 2104 homines
726 2045 756 2104 iu
785 2045 888 2105 ordine
916 2051 1043 2105 naturae
1071 2045 1109 2104 ad
1137 2044 1351 2104 instituendam
1371 2043 1470 2104 vitam
1493 2047 1640 2108 relative
1659 2069 1709 2127 per·

448 2141 558 2200 factam
579 2141 712 2216 indigere
741 2147 866 2219 queant,
895 2141 999 2220 procul
1028 2142 1116 2202 dubio
1138 2141 1265 2218 quadam
1286 2141 1376 2200 etiam
1398 2160 1454 2218 per
1476 2163 1516 2202 se
1539 2147 1704 2206 mosara·

448 2241 622 2314 sufficientia
649 2241 785 2317 praedita
807 2245 862 2300 est.
904 2239 1021 2300 Idcirco
1043 2260 1059 2299 e
1081 2259 1137 2300 sua
1157 2238 1258 2316 specie
1279 2244 1382 2299 coetus
1404 2239 1510 2300 civilis
1536 2263 1608 2304 non
1629 2247 1708 2304 solur

448 2335 620 2410 intrinsece,
643 2338 695 2397 sed
717 2338 805 2397 etism
828 2341 983 2397 extrinsece
1003 2339 1157 2414 completus
1177 2337 1361 2410 (souverain)
1380 2357 1441 2396 non
1464 2337 1635 2402 immerito
1655 2343 1708 2400 diti-

449 2439 498 2492 tur
519 2435 569 2506 (cf.
590 2455 619 2496 u.
641 2437 720 2509 392).

539 2541 617 2599 Hinc
638 2547 738 2602 tamen
770 2563 829 2602 non
857 2542 993 2618 sequitur
1021 2541 1193 2601 universum
1214 2542 1333 2618 generis
1354 2542 1481 2602 humani
1503 2548 1703 2621 organismos

450 2638 607 2710 socialem,
637 2639 734 2715 qualis
755 2641 786 2699 in
807 2641 910 2700 ordine
931 2640 1021 2699 ideali
1041 2645 1168 2699 naturae
1189 2640 1311 2699 socialis
1331 2639 1519 2700 fecunditati
1542 2645 1707 2721 respondet.

450 2737 481 2794 in
502 2746 580 2795 coetu
601 2739 677 2797 motti
703 2743 853 2814 tamquam
881 2739 912 2797 in
934 2759 989 2798 suo
1010 2757 1148 2814 supremo
1176 2737 1298 2813 fastigio
1325 2737 1448 2796 realiter
1475 2740 1613 2799 absolvi
1635 2753 1707 2816 atqu

452 2833 600 2910 compleri.
629 2835 721 2894 lmmo
744 2841 881 2913 spectata
901 2837 1049 2895 humanae
1070 2845 1195 2895 naturae
1210 2836 1452 2911 perfectibilimte,
1474 2854 1564 2911 quae
1581 2839 1675 2898 certis
1687 2857 1706 2896 u

451 2931 498 2990 bis
527 2931 616 2990 terris
644 2933 786 2992 limitibus
815 2933 937 2994 definita
963 2953 1023 2993 non
1045 2939 1108 3004 est,
1136 2939 1167 2992 et
1194 2933 1243 2992 cui
1269 2934 1414 2992 socialitas
1441 2931 1599 2994 similiter
1615 2959 1672 3013 per
1687 2958 1706 2990 s

450 3049 507 3090 non
522 3031 647 3090 limitata
661 3031 811 3090 subservit
829 3031 870 3104 (ιι.
885 3031 967 3106 420),
989 3031 1093 3106 negari
1108 3051 1168 3090 non
1182 3034 1284 3107 potest
1303 3035 1429 3089 naturae
1449 3030 1591 3092 socialis
1613 3036 1654 3093 ad
1672 3055 1706 3092 so

449 3125 555 3185 cialem
573 3131 687 3204 pencris
713 3129 926 3205 perfectionem
955 3127 1164 3187 contendentis
1191 3127 1355 3186 efficaciam
1382 3145 1421 3184 uo
1442 3125 1474 3184 in
1497 3127 1639 3190 civitate
1658 3133 1706 3207 qui

450 3223 515 3283 dem
537 3229 570 3283 ut
590 3225 645 3282 tali
666 3225 753 3301 plene
774 3225 937 3284 exhauriri.
967 3223 1039 3294 Quis
1061 3224 1139 3283 euim
1161 3223 1285 3295 dubitet,
1307 3223 1563 3300 quemadmodum
1587 3227 1705 3304 singuli

449 3321 570 3393 familiis
599 3341 634 3380 ac
661 3324 798 3382 tribubus
820 3341 857 3381 ex
885 3321 995 3381 unione
1015 3321 1155 3398 politica,
1183 3321 1227 3379 ita
1253 3325 1284 3378 et
1311 3317 1438 3394 singulis
1466 3320 1657 3384 civitatibus
1676 3344 1704 3383 ex

448 3417 558 3478 unione
580 3423 796 3480 irrtcrnctionali
817 3419 996 3478 naturaliter
1015 3417 1215 3495 perficiendae
1236 3416 1430 3476 humanitatis
1451 3437 1574 3480 novum
1597 3426 1704 3500 capati·

449 3517 522 3575 tatis
544 3523 734 3591 augmentum
755 3520 967 3576 accessurum?
990 3553 1027 3562 —
1048 3533 1137 3593 posse
1158 3515 1248 3573 etiam
1268 3513 1348 3572 inter
1368 3513 1469 3572 varias
1492 3523 1628 3590 gentes.
1656 3541 1704 3579 noc

450 3633 537 3672 secus
565 3633 600 3672 ac
628 3615 707 3673 inter
733 3614 878 3685 familias,
907 3619 1039 3673 mutuam
1067 3631 1134 3671 sese
1154 3612 1282 3670 invicem
1303 3611 1426 3671 iuvandi
1447 3616 1703 3676 necessitudinem

450 3711 530 3782 oriri,
553 3731 638 3771 nemo
660 3715 707 3770 eat
728 3713 777 3788 qui
798 3712 925 3787 ignorat.
968 3711 1016 3770 Ad
1043 3709 1239 3769 haecomnia
1260 3713 1360 3769 autem
1381 3709 1516 3781 accedit,
1546 3715 1634 3788 quod
1650 3720 1704 3792 pri

450 3828 529 3866 mrem
551 3827 586 3866 ac
606 3807 734 3867 maxime
755 3809 851 3868 ideale
872 3807 1052 3868 socialitatis
1073 3813 1253 3867 momentum
1273 3827 1334 3867 non
1353 3807 1540 3885 particulare
1565 3811 1626 3870 sed
1649 3817 1704 3870 aal-

449 3906 558 3966 oeraulc
586 3911 648 3976 est,
678 3911 709 3965 et
736 3905 767 3964 in
795 3907 862 3983 ipsa
888 3909 1010 3966 bumont
1035 3908 1149 3984 pencris
1176 3909 1287 3964 unitate
1314 3904 1454 3964 consistit
1474 3905 1517 3978 (n.
1541 3909 1609 3968 398
1633 3913 1704 3982 399ι

450 4001 508 4062 Per
535 4004 677 4063 moralem
704 4003 796 4080 igitur
820 4005 916 4082 ipsius
943 4009 1070 4064 naturae
1098 4003 1220 4062 socialis
1247 4001 1489 4062 sollicitationem
1519 4009 1652 4068 ev‘enire
1671 4009 1704 4066 di
1756 4018 1757 4025 ’

450 4101 575 4161 cendum
596 4107 658 4170 ost,
680 4107 714 4162 ut
734 4103 818 4178 ipsae
839 4102 1037 4178 particulares
1059 4101 1200 4160 civitates
1221 4101 1259 4159 ad
1279 4101 1438 4160 ulteriores
1458 4101 1621 4164 variarum
1643 4125 1704 4182 geu

448 4200 538 4272 tium,
564 4199 739 4277 praesertim
769 4199 949 4271 vicinarum,
981 4205 1085 4259 coetus
1107 4218 1161 4258 seu
1182 4197 1462 4258 confoederationes
1483 4201 1646 4262 stabiliter
1664 4225 1703 4262 sc

450 4298 573 4358 cientur.
615 4298 708 4356 Immo
737 4315 808 4356 vero
839 4297 959 4357 socialis
986 4297 1108 4356 humani
1134 4296 1253 4372 generis
1281 4301 1433 4355 structura
1460 4298 1498 4354 ab
1527 4300 1627 4358 ideali
1654 4319 1702 4359 sua

449 4396 631 4472 integritate,
653 4415 707 4472 per
727 4399 853 4454 naturae
875 4399 1028 4454 auctorem
1049 4395 1209 4466 delineata,
1230 4395 1344 4454 tamdiu
1365 4394 1492 4452 delicere
1506 4393 1701 4472 intellegitur.

450 4493 587 4571 quamdiu
618 4514 678 4552 non
706 4493 743 4553 ad
765 4495 1014 4553 interualloaclem
1035 4497 1194 4553 societatem
1214 4493 1405 4552 universalem
1434 4491 1585 4567 completa
1607 4493 1701 4552 fucris

450 4599 545 4652 totum
566 4611 660 4667 genus
681 4591 712 4650 in
733 4611 793 4650 arca
814 4591 963 4650 latissima
984 4590 1189 4650 communione
1211 4589 1352 4664 organice
1373 4589 1588 4666 complectens.

539 4699 636 4774 Atque
664 4697 752 4757 huius
780 4697 897 4774 quidam
919 4696 1131 4756 communionis
1153 4697 1219 4755 sive
1240 4695 1415 4755 efficiendae
1436 4695 1501 4755 sive
1522 4715 1699 4774 prosequen-

451 4795 506 4854 dae
527 4795 699 4854 necessaria
720 4795 873 4866 condicio,
900 4815 966 4854 oum
987 4795 1052 4870 ipso
1074 4793 1139 4852 eius
1160 4796 1248 4854 ideali
1266 4795 1473 4868 fundamento,
1495 4801 1568 4852 ante
1592 4795 1696 4855 Christi

451 4891 617 4952 Salvatoris
645 4893 806 4952 adventum
834 4893 913 4953 inter
939 4891 1075 4952 homines
1103 4892 1166 4950 fere
1193 4891 1305 4968 passim
1334 4896 1509 4950 evanuerat
1550 4891 1611 4950 Per
1638 4913 1697 4969 pec-

451 4995 549 5048 catum
571 5009 697 5066 namque
717 4991 843 5050 alienato
861 5009 962 5066 pecare
982 4991 1109 5048 humano
1129 5009 1148 5047 o
1169 4990 1239 5065 Deo,
1261 4985 1407 5046 communi
1428 4987 1594 5053 conditore,
1617 4989 1695 5065 legis·
