3909 5842
569 697 610 751 De
628 697 750 752 eiusdem
768 699 943 769 expansionis
961 700 1067 754 obiecto
1086 700 1201 755 ionnali.
1465 704 1506 769 27

334 874 370 927 B.
387 872 423 928 llo
440 872 542 929 laruali
558 872 681 945 aspectu,
699 873 746 929 mh
763 889 813 945 quo
829 872 949 931 volum
967 874 1090 931 obiectam
1107 874 1156 931 nti
1174 874 1328 947 propon'tum
1345 875 1431 932 habet

249 1004 301 1075 43.
399 994 558 1078 'l'hesis
584 996 670 1078 III·
713 1018 907 1084 communis
934 1020 1024 1083 ratio
1050 1021 1132 1083 honi
1154 1026 1296 1085 eatenus
1318 1023 1510 1086 formaliter

249 1118 432 1195 proprium
451 1118 642 1183 voluntatis
668 1118 839 1181 obiectum
859 1118 994 1181 censeri
1014 1121 1137 1197 potest,
1159 1122 1328 1197 quatenus
1349 1120 1511 1183 rationali

250 1215 529 1293 apprehensione
548 1215 600 1277 illl
620 1216 823 1293 proponitur
835 1222 854 1277 ¹.

344 1332 517 1405 Probatur.
552 1334 600 1400 Ut
620 1333 743 1416 aliquid
760 1355 838 1399 vere
854 1334 1015 1402 obiectum
1033 1334 1172 1402 formale
1188 1336 1325 1403 alicuius
1340 1338 1510 1422 potentiae

251 1440 317 1505 dici
350 1439 471 1525 possit,
501 1460 637 1505 necesse
668 1444 733 1519 est,
764 1443 803 1506 ut
824 1440 900 1506 huic
923 1462 989 1506 non
1013 1440 1118 1507 solum
1142 1442 1314 1508 extensive
1338 1448 1509 1526 congruat,

249 1547 311 1611 sed
336 1551 377 1613 ut
400 1546 460 1611 sub
484 1566 523 1611 eo
543 1545 644 1612 etiam
666 1548 821 1631 respectu
844 1550 1005 1625 sumatur,
1029 1548 1090 1613 sub
1107 1569 1169 1630 quo
1186 1548 1369 1632 potentiam
1392 1570 1511 1617 revera

250 1652 426 1737 specificat
442 1651 525 1735 (39).
559 1654 660 1739 Atqui
681 1652 768 1719 ratio
791 1652 867 1718 boni
890 1674 955 1718 non
979 1654 1083 1719 solnm
1100 1675 1160 1738 per
1175 1676 1268 1720 suam
1285 1655 1509 1722 extensionem

249 1758 463 1838 latissimam,
487 1760 546 1825 sed
568 1760 665 1825 sinml
688 1782 748 1845 per
763 1760 934 1827 formalem
950 1767 1136 1845 respectum
1156 1762 1198 1829 ad
1214 1764 1431 1843 voluntatem,
1456 1764 1511 1847 qui

252 1864 283 1931 ei
306 1887 354 1931 ex
378 1865 534 1932 rationali
563 1866 823 1951 apprehensione
848 1867 987 1946 accedit,
1018 1868 1103 1934 hanc
1130 1868 1311 1953 potentiam
1342 1874 1380 1937 ut
1409 1870 1511 1937 ratio·

251 1971 366 2037 nalem
390 1972 432 2037 ab
455 1972 544 2037 omni
566 1972 751 2057 appetitiva
773 1973 925 2057 potentia
946 1994 1007 2057 per
1030 1996 1066 2040 se
1090 1994 1155 2040 non
1179 1975 1333 2042 rationali
1360 1976 1511 2061 specifice

252 2076 442 2159 distinguit.
487 2078 578 2161 Ergo
596 2132 603 2146 .
622 2132 655 2144 ..

344 2186 459 2251 Minor
485 2184 581 2250 buius
607 2186 794 2269 argumenti
817 2186 1025 2253 notissimum
1048 2188 1173 2254 lactum
1196 2188 1318 2254 asserit
1340 2187 1510 2271 experien-

253 2289 323 2355 tiae
353 2290 618 2374 psycbologicae,
649 2292 735 2373 quod
765 2313 830 2358 non
857 2296 927 2358 tam
950 2292 1145 2375 probatione
1169 2313 1265 2376 quam
1291 2293 1511 2376 explicatione

253 2395 394 2477 indiget,
418 2395 695 2473 Quemadmodum
710 2418 828 2482 nempe
841 2398 1010 2483 appetitus
1024 2398 1197 2464 rationalis
1212 2420 1312 2482 super
1327 2398 1509 2482 appetitum

253 2500 443 2580 animalem,
467 2503 523 2585 qui
545 2504 634 2570 circa
655 2504 775 2570 bonum
798 2504 952 2571 sensibile
975 2509 1106 2571 tantum
1132 2508 1293 2579 versatur,
1317 2504 1509 2571 extensione

256 2607 307 2672 sui
330 2608 451 2677 obiecti
475 2610 619 2689 excellit,
642 2610 691 2677 ita
714 2610 819 2676 eidem
844 2611 1005 2695 appetitui
1026 2610 1180 2678 rationali
1196 2610 1417 2677 essentialiter
1432 2632 1508 2697 pro·

254 2712 362 2795 prium
389 2719 450 2793 est,
473 2716 508 2780 in
531 2716 651 2781 bonum
675 2717 811 2783 tendere
834 2718 895 2783 sub
918 2721 1073 2784 rationali
1088 2718 1337 2803 apprehensione
1357 2717 1418 2785 sibi
1433 2740 1508 2803 pro·

256 2821 413 2903 positum,
442 2824 463 2891 i.
489 2846 517 2889 e.
542 2845 607 2907 qua
629 2824 760 2909 proprie
784 2829 952 2911 capnitam,
983 2846 1048 2891 non
1079 2826 1183 2891 solum
1209 2824 1509 2907 quomodocumque

256 2934 460 3014 perceptum.
506 2931 660 3014 Namque
683 2936 718 2998 et
745 2932 867 2999 animal
894 2934 1014 2997 bonum
1039 2931 1219 3015 (sensibile)
1244 2931 1305 2997 sibi
1329 2952 1507 3013 congruum

256 3035 408 3119 percipit,
432 3058 545 3103 verum
570 3038 699 3103 nonnisi
722 3038 982 3123 apprehensione
1002 3038 1156 3117 sensuali,
1181 3038 1201 3105 i.
1219 3059 1247 3105 e.
1264 3060 1359 3105 sensa
1377 3039 1508 3105 detecta·

257 3143 363 3210 tionis.
403 3143 554 3209 Naturae
577 3149 688 3210 autem
711 3144 867 3211 rationali
890 3144 1059 3211 exclusive
1083 3144 1246 3221 convenit,
1270 3166 1364 3209 suum
1388 3145 1509 3211 bonum

258 3246 342 3325 (sive
372 3250 528 3316 sensibile
556 3251 628 3317 sive
657 3252 843 3335 spirituale)
872 3251 1142 3319 intellectualiter
1172 3249 1350 3335 percipere,
1382 3250 1510 3317 scilieet

259 3358 485 3436 cognoscendo
508 3357 614 3441 ipsam
638 3358 756 3425 obiecti
780 3361 1038 3442 convenientiam,
1062 3380 1127 3441 qua
1147 3356 1227 3423 illud
1242 3355 1374 3441 proprie
1389 3357 1508 3421 bonum

259 3465 318 3540 est,
341 3463 363 3529 i.
382 3484 411 3529 e.
429 3469 543 3548 aptum
566 3464 608 3530 ad
632 3468 785 3531 naturam
809 3465 870 3529 sub
895 3464 1004 3547 aliquo
1020 3468 1173 3549 respectu
1189 3462 1430 3547 perficiendam.
1467 3463 1511 3529 Et

261 3565 342 3633 hanc
365 3568 497 3651 quidem
520 3570 783 3637 convenientiam
814 3592 906 3636 meus
935 3575 1050 3637 nostra
1077 3569 1335 3654 independenter
1359 3568 1400 3633 ab
1424 3568 1511 3633 omni

261 3694 351 3740 sensu
368 3676 593 3758 delectationis,
617 3678 716 3743 immo
733 3698 799 3743 non
819 3698 895 3743 raro
911 3682 1028 3743 contra
1043 3677 1129 3742 hunc
1145 3696 1287 3753 sensum,
1313 3694 1512 3756 cognoscere

262 3781 295 3843 et
324 3781 502 3848 aestimare
531 3785 640 3863 valet;
674 3806 872 3868 quamquam
904 3784 937 3849 in
971 3784 1085 3850 eadem
1117 3782 1304 3865 cognitione
1336 3781 1512 3863 aliquando

263 3884 358 3951 etiam
390 3887 650 3958 delectabilitate
680 3890 800 3957 obiecti
830 3891 938 3956 iuvari
969 3912 1008 3957 ac
1032 3888 1129 3971 dirigi
1159 3888 1368 3971 aliquatenus
1398 3886 1512 3971 possit.

265 3990 366 4073 Igitur
396 3994 574 4061 universim
601 3996 635 4061 id
658 3997 798 4064 interest
820 3994 908 4063 inter
931 3998 1213 4082 apprehensionem
1237 3996 1431 4077 sensitivam,
1463 3990 1513 4058 cui

266 4101 428 4182 appetitus
451 4103 629 4169 sensitivus
652 4104 840 4188 respondet,
871 4106 906 4169 et
930 4104 1213 4189 apprehensionem
1237 4102 1437 4183 rationalern,
1462 4096 1513 4162 cui

265 4208 529 4289 proportionetur
551 4208 720 4293 appetitus
743 4208 925 4288 rationalis,
950 4208 1036 4292 quod
1057 4229 1118 4293 cpe
1140 4207 1228 4272 illius
1252 4206 1434 4271 subiectum
1459 4224 1514 4269 ac·

266 4310 359 4379 tioms
373 4336 470 4380 suum
482 4336 663 4399 congruum
679 4314 798 4381 bonum
815 4319 918 4399 sentit,
932 4336 994 4399 cpe
1005 4314 1102 4380 huius
1114 4334 1193 4379 vero
1207 4312 1337 4397 proprie
1350 4312 1513 4397 superescit.

348 4420 497 4500 Accedit,
522 4422 608 4504 quod
631 4422 765 4506 insuper
788 4421 906 4503 aliquis
929 4421 962 4485 in
987 4420 1085 4486 rebus
1104 4418 1264 4485 bonitatis
1280 4422 1451 4501 respectus
1466 4416 1514 4481 ita

269 4526 430 4592 exclusive
453 4527 495 4593 ad
516 4530 616 4594 sclam
632 4527 851 4610 cognitionem
867 4526 1063 4593 rationalem
1080 4526 1234 4611 pertinet,
1260 4524 1401 4590 utnulla
1418 4522 1513 4588 modo

269 4649 322 4710 per
343 4636 635 4719 apprehensionem
659 4635 853 4701 sensitivam
877 4634 998 4718 attingi
1019 4634 1132 4719 possit.
1168 4632 1259 4699 Talis
1276 4634 1328 4697 est
1345 4629 1515 4695 absolutus

270 4733 318 4801 ille
339 4744 509 4825 respectus
533 4741 792 4821 convenientiae,
817 4762 880 4825 quo
897 4741 1070 4817 obiectum,
1095 4739 1243 4824 perfecte
1260 4758 1438 4821 congruum
1459 4735 1513 4800 fini

273 4840 400 4912 alicuius
423 4851 564 4915 naturae
586 4848 810 4932 particularis,
839 4869 877 4914 eo
901 4848 1067 4914 mediante
1091 4867 1270 4929 congruum
1294 4844 1420 4929 pariter
1443 4862 1515 4909 esse

276 4971 575 4989 *Q———a-—0-—n

364 5040 371 5071 ¹
391 5038 434 5093 Cf.
453 5042 483 5093 S.
505 5040 596 5094 thom
616 5038 673 5093 Lib.
693 5038 768 5094 Seni.
788 5039 813 5103 2,
832 5038 895 5093 diat.
915 5040 958 5103 39,
977 5058 1005 5107 q.
1024 5040 1049 5104 2,
1069 5056 1093 5093 a.
1114 5040 1144 5101 1;
1164 5037 1190 5092 S.
1209 5036 1292 5092 theol.
1313 5039 1336 5100 1,
1356 5055 1381 5106 q.
1402 5038 1427 5101 5,
1447 5053 1471 5090 a.
1491 5036 1517 5091 6.
