3909 5842
536 666 675 721 Asseritur
693 666 755 721 linia
773 666 890 721 hominia
907 666 1022 721 ultimus
1039 666 1068 720 in
1087 669 1230 721 communi.
1463 673 1503 735 41

349 842 473 909 Verum
496 864 639 909 errorem
663 844 758 921 hunc,
782 848 852 909 tam
876 865 935 927 per
957 864 993 909 se
1014 864 1112 925 quam
1134 844 1167 910 in
1187 844 1253 909 suis
1270 844 1430 910 fructibus
1445 846 1507 929 ipsi

255 949 421 1029 genuinae
441 949 674 1027 ,humanitatis
696 950 862 1015 culturae*
884 949 1153 1027 funestissimum,
1177 972 1242 1016 non
1265 951 1369 1015 solum
1393 972 1504 1017 verum

255 1054 398 1120 hominis
420 1057 518 1121 finem
540 1056 708 1139 ignorare,
735 1056 794 1121 sed
816 1056 916 1121 immo
939 1078 1068 1121 omnem
1093 1058 1307 1123 individualis
1325 1060 1507 1143 personali·

257 1165 333 1227 tolia
355 1160 465 1227 ideam
488 1162 748 1245 dignitatemque
771 1162 920 1228 funditus
942 1163 1059 1229 tollere
1075 1163 1285 1229 manifestum
1303 1169 1364 1233 est.
1400 1163 1507 1241 Quare

258 1290 329 1333 cum
347 1268 419 1333 eius
434 1268 682 1333 fundamentum
699 1268 784 1333 idem
801 1269 845 1336 sit
860 1289 900 1335 ao
914 1268 1017 1335 totius
1040 1269 1265 1353 philosophiae
1282 1271 1334 1335 vel
1351 1272 1506 1337 materia-

258 1374 387 1439 listicae
411 1374 465 1439 vel
487 1374 737 1458 pantheisticae‚
761 1376 794 1440 in
818 1396 883 1457 qua
903 1376 1124 1459 expugnanda
1147 1397 1211 1441 uon
1235 1376 1407 1441 mediocris
1429 1398 1506 1469 pars

258 1480 506 1563 metaphysicae
527 1484 690 1558 vereatur,
720 1503 785 1547 non
816 1486 868 1548 est
897 1483 982 1564 quod
1013 1482 1075 1547 hoo
1103 1483 1175 1547 loco
1197 1482 1230 1547 in
1254 1482 1310 1548 illo
1332 1482 1505 1550 refutando

258 1585 381 1651 diutius
404 1586 624 1653 immoremur.
655 1587 817 1664 Ceterum,
842 1588 928 1669 quod
952 1588 1038 1653 idem
1063 1609 1154 1653 error
1177 1588 1209 1652 in
1233 1588 1342 1671 specie
1360 1590 1506 1655 moderni

259 1713 388 1774 quoque
411 1692 491 1757 iuris
514 1692 636 1777 publici
659 1714 820 1759 venenum
844 1694 988 1760 maxime
1012 1693 1176 1761 letiferum
1201 1716 1273 1759 esse
1290 1695 1506 1778 cognoscitur,

258 1821 316 1878 per
336 1799 511 1865 decursum
538 1799 635 1865 huius
665 1801 774 1883 operis
804 1822 877 1866 eum
901 1801 1021 1867 iterum
1045 1806 1146 1883 atque
1169 1801 1305 1880 iterum,
1330 1802 1507 1867 secuudum

259 1906 407 1971 diversas
423 1926 505 1987 quas
519 1906 650 1972 induxit
666 1906 778 1983 iacies,
796 1908 897 1973 armis
912 1906 1012 1973 etiam
1026 1906 1149 1973 nostris
1162 1908 1291 1973 obviam
1305 1906 1506 1975 habebimus.

261 2042 308 2113 58.
400 2045 458 2111 ΠΙ.
486 2045 662 2113 Notandus
684 2052 859 2131 praeterea
882 2052 934 2113 est
957 2068 1049 2113 error
1072 2048 1185 2113 Kantii
1209 2048 1342 2131 eiusque
1365 2048 1505 2127 scholae,

261 2151 312 2232 qui
336 2172 379 2215 ex
403 2151 469 2217 alio
493 2151 601 2237 capite
616 2157 751 2220 nostrae
767 2153 941 2220 assertioni
958 2152 1163 2231 contradicit,
1188 2154 1391 2222 substituens
1407 2177 1507 2222 verae

261 2256 463 2336 beatitudini,
487 2258 509 2324 i.
533 2280 560 2324 e.
578 2260 682 2326 statui
697 2260 817 2342 quietis
840 2261 873 2324 in
897 2259 1104 2344 possessione
1127 2260 1261 2326 ultimae
1284 2262 1505 2344 perfectionis

258 2373 444 2449 perpetuum
468 2388 626 2432 accessum
649 2370 695 2431 od
718 2368 944 2432 beatitudinem
966 2388 1142 2451 numquam
1157 2370 1251 2451 pleae
1265 2369 1505 2453 possidendam.

261 2466 421 2535 Nimirum
443 2470 477 2535 in
496 2493 594 2556 opere
614 2471 743 2549 ,Kritik
761 2472 820 2537 der
835 2472 1046 2556 praktiechen
1062 2472 1245 2539 1111111111111
1261 2476 1272 2516 1
1288 2472 1388 2549 Kant,
1414 2494 1506 2539 esuo

262 2580 443 2656 systemate
465 2578 748 2644 immortalitatem
779 2579 907 2645 animae
931 2580 1102 2645 adstruere
1125 2580 1249 2658 voleus,
1281 2581 1322 2645 ab
1352 2580 1424 2663 ipsa
1453 2601 1507 2645 ra·

263 2681 391 2749 tioualis
420 2683 549 2750 animae
573 2685 794 2761 destinatione
820 2686 879 2763 ,ad
903 2687 1128 2763 sanctitatem,
1160 2686 1179 2752 i.
1205 2708 1232 2753 e.
1257 2686 1298 2751 ad
1323 2686 1505 2751 absolutam

262 2789 440 2855 voluntatis
457 2811 529 2856 cum
547 2793 622 2875 lege
638 2793 754 2858 morali
770 2792 1068 2871 conformitatem“,
1086 2797 1316 2875 argumentum
1334 2792 1506 2877 depromit.

263 2894 383 2979 Quippe
407 2897 493 2963 hanc
516 2898 785 2977 destinationem,
817 2900 881 2977 ait,
913 2920 955 2963 ex
985 2899 1153 2983 postulato
1183 2898 1348 2983 practicae
1371 2898 1509 2965 rationis

265 3003 481 3069 necessariam
504 3004 634 3085 quidem
658 3005 816 3089 intellegi,
840 3025 959 3070 revera
982 3008 1094 3071 tamen
1119 3006 1246 3071 anullo
1263 3010 1339 3072 ente
1355 3004 1509 3072 rationali

265 3107 354 3173 huius
376 3110 491 3175 mundi
514 3111 676 3177 sensibilis
699 3112 765 3177 ullo
789 3132 942 3193 umquam
966 3117 1115 3197 tempore
1131 3132 1210 3177 suae
1227 3110 1423 3177 existentiae
1439 3110 1507 3192 (,in

265 3213 388 3279 keiuem
405 3215 605 3299 Zeitpunlrte
628 3218 735 3283 seines
750 3218 927 3301 Daseins“)
948 3219 1080 3301 penitus
1104 3218 1274 3301 adimpleri
1297 3238 1404 3301 posse.
1440 3216 1507 3282 Ne·

266 3339 352 3385 cesse
374 3326 427 3388 est
450 3321 560 3405 igitur,
583 3324 634 3390 ita
657 3324 830 3403 concludit,
855 3329 892 3391 ut
918 3348 995 3411 ,per
1019 3328 1155 3410 aliquem
1175 3346 1377 3410 progressum
1400 3326 1436 3389 iu
1458 3326 1507 3389 in·
1562 3410 1566 3418 Ι

264 3426 382 3505 finitum
406 3451 517 3495 cereus
539 3432 629 3496 illam
650 3434 869 3516 plenissimam
892 3432 1161 3514 conformitotcm“
1182 3430 1340 3495 eiusmodi
1363 3428 1507 3495 destina·

266 3530 341 3598 tioni
370 3534 529 3613 satisfiat3
560 3537 696 3620 proinde
728 3538 778 3615 ,in
808 3538 870 3603 hac
892 3538 966 3621 ipsa
997 3536 1143 3621 practica
1166 3536 1395 3620 progressione
1418 3536 1507 3600 reale

266 3645 393 3708 nostrae
416 3643 599 3710 voluntatis
622 3644 784 3710 obiectum
808 3646 1050 3726 agnoscendum
1076 3648 1179 3711 esee“.
1214 3644 1259 3709 Et
1281 3644 1380 3708 mox²
1399 3642 1506 3708 addit:

267 3746 397 3813 similem
419 3769 492 3814 esse
508 3750 730 3816 condicionem
754 3750 985 3835 adipiscendae
1004 3750 1173 3822 beatitatis
1197 3749 1368 3817 sanctitati
1391 3748 1507 3815 morali

268 3854 498 3935 respondentis,
523 3856 649 3923 seilicet
668 3878 760 3936 ,eam
783 3858 908 3941 pariter
931 3858 1059 3923 nonnisi
1082 3858 1114 3922 in
1136 3858 1261 3924 infinito
1278 3878 1454 3942 progressu
1473 3856 1506 3920 in

269 3957 394 4041 eiusque
423 3962 594 4030 totalitate
624 3962 804 4029 consistere
834 3986 873 4030 ac
902 3969 1078 4050 propterea
1108 3986 1128 4031 a
1151 3972 1304 4032 creatura
1330 3984 1505 4046 numquam

270 4062 356 4143 plene
379 4066 500 4150 attingi
522 4072 636 4151 posse“
650 4070 672 4135 ³.

271 4272 449 4327 sachseudem
468 4275 560 4329 Messe
578 4275 637 4329 sich
655 4277 746 4331 seiner
763 4277 884 4331 bewuest
902 4278 978 4332 wird.
1015 4278 1090 4331 Alles
1109 4276 1216 4346 Ringeu
1234 4279 1288 4331 sind
1309 4277 1443 4347 Ktmpien
1462 4277 1507 4330 fflr

271 4358 308 4412 die
325 4361 512 4432 Realiaierung
536 4364 585 4418 der
603 4365 665 4419 ldee
691 4366 745 4419 und
771 4366 824 4420 alle
845 4366 1009 4434 Hiugebung
1027 4367 1075 4420 der
1093 4368 1206 4435 eigenen
1226 4366 1307 4420 Kralt
1325 4384 1360 4419 an
1379 4366 1421 4419 die
1440 4364 1506 4419 Ver-

271 4446 444 4519 wirklichung
461 4452 509 4505 der
528 4453 591 4507 Idea
609 4453 647 4507 ist
664 4454 853 4523 Beforderung
870 4457 920 4508 der
935 4456 1218 4523 Culturentsoiclclunq,
1237 4457 1262 4508 d.
1282 4457 1308 4509 b.
1329 4452 1505 4508 Sicelicblceiffl

274 4534 306 4603 (p.
318 4540 367 4593 110
379 4541 433 4609 sq).
451 4568 487 4579 —-
505 4542 579 4595 Idem
598 4546 720 4611 systema
733 4542 885 4598 luculenter
901 4544 1047 4614 exponitur
1065 4547 1093 4599 et
1111 4544 1205 4598 critice
1225 4544 1378 4598 confoditur
1397 4545 1424 4597 in
1438 4544 1505 4613 peri·

272 4624 339 4679 odico
360 4627 428 4693 ,Der
446 4629 591 4683 Ketbolilr‘
616 4632 682 4684 1881
703 4631 727 4683 11
750 4633 799 4685 113
813 4649 872 4700 sqq.

355 4718 362 4747 ¹
380 4717 528 4771 Immaunel
549 4718 636 4772 Kants
655 4718 758 4772 Werlre
776 4719 823 4785 IV,
843 4720 954 4791 Leipzig
974 4722 1052 4785 1888,
1072 4722 1131 4775 243.

352 4805 417 4861 ²1b.
437 4807 490 4861 244
508 4812 581 4861 uota.

355 4894 365 4925 ³
383 4894 424 4949 Cf.
442 4896 518 4949 ideas
537 4914 571 4949 ex
588 4899 665 4966 parte
678 4896 810 4963 analogas
829 4897 900 4967 apud
913 4900 1027 4951 Leibne'z
1041 4896 1143 4968 (Opera
1157 4897 1194 4951 IV
1207 4898 1282 4965 273).
1308 4898 1503 4964 1111111111,

275 4973 332 5031 Iret.
351 4982 380 5034 oi
394 4985 479 5038 moral
498 4984 605 5055 philos,
623 5004 650 5056 p.
669 4988 694 5049 4,
713 5004 736 5040 c.
755 4988 787 5049 4;
808 4987 849 5040 ed.
869 5004 954 5054 germ.
976 4986 1090 5055 (Garve)
1114 4988 1172 5041 142.
