3909 5842
655 664 696 720 Da
713 667 829 721 materia
848 669 877 721 et
893 667 982 721 forma
1000 657 1162 722 sensiatis(
1455 669 1520 735 311

275 839 445 907 societatis
477 860 596 905 nomen
626 844 813 924 usurparet.
859 841 977 925 Itaque
1008 840 1195 908 constantia
1217 836 1348 907 socialis
1372 841 1524 909 coniunc-

276 945 376 1014 tionis
399 946 496 1012 simul
519 949 731 1013 caracutium
753 950 881 1014 sodalis
901 949 979 1032 finis
1001 947 1157 1032 supponit
1179 951 1278 1030 atque
1300 947 1447 1015 includit.

276 1092 278 1095 -
367 1055 399 1119 3.
421 1052 476 1118 Ad
503 1075 713 1134 ,commanem
737 1057 875 1141 aliquem
895 1057 990 1140 finem
1014 1053 1209 1123 tocestcff.
1257 1053 1382 1139 Quippe
1405 1053 1439 1120 in
1460 1055 1525 1140 fine

276 1179 336 1224 seu
353 1159 431 1226 bono
454 1162 613 1226 manuni
635 1160 824 1226 necessaria
847 1160 993 1226 condicio
1017 1161 1123 1226 omnis
1145 1159 1275 1226 unionis
1289 1160 1423 1226 moralis
1439 1161 1525 1226 sius·

274 1284 341 1346 qus
363 1263 531 1348 proprium
554 1267 737 1332 obiectam
758 1268 920 1333 cisalum
943 1266 1106 1333 consistit.
1137 1265 1416 1344 Quemadmodum
1438 1267 1524 1332 enim

275 1368 310 1434 in
334 1370 499 1436 communi
521 1371 650 1439 obiecto
672 1372 805 1457 cognito
828 1371 1089 1456 intellegentiae,
1113 1373 1161 1441 ita
1184 1377 1219 1441 st
1241 1373 1274 1438 in
1298 1374 1461 1440 communi
1475 1374 1526 1439 in·

275 1479 370 1544 tento
393 1477 478 1544 bono
501 1477 693 1546 voluntates
712 1480 801 1547 inter
816 1500 853 1545 se
868 1479 1041 1554 uniuntur;
1065 1479 1204 1564 ideoque
1219 1481 1339 1548 bonum
1356 1499 1525 1548 commune

275 1602 342 1664 qua
364 1584 433 1650 tale
457 1585 675 1653 communiter
697 1585 867 1668 cognitum
890 1588 925 1652 et
947 1585 1110 1652 intentum
1132 1587 1267 1672 propria
1290 1590 1325 1654 et
1340 1586 1526 1653 essentialis

275 1687 363 1755 ratio
393 1695 447 1758 est
472 1689 600 1756 unionis
623 1691 768 1772 moralis,
800 1713 865 1775 qua
888 1691 980 1759 entia
1002 1691 1179 1760 rationalia
1202 1693 1369 1761 socialiter
1392 1693 1526 1760 coniun-

275 1799 410 1878 gantm.
435 1796 591 1864 -Finis
614 1801 725 1864 autem
747 1801 896 1866 donatia
925 1798 970 1865 sit
1000 1801 1146 1883 oportet,
1179 1798 1256 1882 quia
1285 1799 1419 1867 moralis
1448 1799 1525 1866 unio

277 1905 436 1969 constans
466 1902 770 1988 intellegendarum
800 1907 835 1973 et
863 1905 1074 1973 voluntatum
1104 1904 1316 1974 rationalium
1339 1905 1468 1972 nonnisi
1491 1905 1524 1972 in

276 2008 363 2075 bono
386 2009 542 2077 rationali
565 2011 697 2077 fundari
721 2015 842 2096 potest.
874 2011 983 2089 Quare
1005 2013 1241 2080 sceleratorum
1264 2011 1445 2080 coniuratio
1468 2016 1527 2080 aut

276 2115 444 2182 latronum
476 2117 693 2196 consortium,
726 2117 878 2200 quamvis
910 2118 1101 2202 ceteroquin
1134 2117 1304 2186 societatis
1339 2117 1525 2202 analogiam

278 2241 359 2304 prae
392 2241 429 2287 se
462 2223 570 2302 ferat,
605 2223 768 2290 immerito
803 2223 974 2291 societatis
1007 2244 1125 2290 nomen
1160 2245 1199 2292 ac
1233 2223 1429 2306 dignitatem
1463 2223 1526 2290 sibi

278 2331 452 2412 arrogaret
463 2329 484 2394 ¹.

277 2495 280 2500 .
368 2436 398 2501 4.
422 2432 561 2501 Accedit
583 2438 785 2521 respiratio,
798 2438 954 2502 sociorum
978 2434 1020 2500 ad
1044 2435 1182 2501 eundem
1198 2455 1401 2501 communem
1416 2435 1524 2514 finem,

277 2538 457 2619 socialiter,
480 2539 502 2608 i.
526 2560 555 2607 e.
579 2543 697 2608 tundis
719 2542 844 2608 viritas
865 2543 1041 2608 ramalibus
1064 2550 1093 2608 et
1114 2544 1254 2628 physicis
1272 2541 1524 2626 adimplendum.

276 2643 395 2728 Itaque
417 2645 693 2731 conspirationem
717 2648 880 2714 adfinem
903 2669 1116 2728 communem,
1146 2669 1212 2732 qua
1234 2647 1335 2714 talem
1359 2647 1525 2731 cognitum

278 2754 315 2816 et
346 2749 520 2832 intentum,
553 2752 629 2819 unio
659 2773 789 2836 quoque
819 2757 854 2820 et
885 2756 1079 2839 conspiratio
1110 2756 1197 2820 arca
1226 2755 1334 2821 medio
1364 2755 1409 2820 od
1429 2755 1525 2838 finem

276 2863 500 2941 consequatur
522 2879 657 2927 necesse
680 2863 741 2927 est.
773 2859 847 2926 Nisi
870 2860 956 2926 enim
981 2859 1023 2926 ad
1046 2859 1320 2945 conspirationem
1339 2860 1525 2940 animorum

275 2963 442 3031 internam
467 2969 502 3032 et
523 2965 665 3032 idealem
687 2965 770 3032 haee
793 2969 933 3033 externa
955 2970 990 3034 et
1012 2965 1112 3032 realis
1135 2966 1317 3046 accederet,
1340 2966 1397 3032 illa
1420 2987 1525 3050 neque

274 3069 313 3134 in
336 3091 372 3136 se
394 3091 474 3138 vera
498 3093 537 3138 ac
560 3071 690 3138 sincera
711 3093 817 3156 neque
839 3072 970 3158 proprie
994 3072 1124 3138 socialis
1148 3071 1285 3139 dicenda
1308 3075 1405 3138 esset.

454 3265 527 3348 §2-
573 3267 630 3332 De
659 3265 840 3332 materia
867 3269 909 3331 et
938 3264 1073 3331 forma
1103 3263 1348 3330 societatis

274 3386 349 3458 348.
395 3388 516 3465 Quodsi
539 3389 704 3457 elementa
726 3389 897 3456 societatis
920 3388 1139 3456 constitutiva
1161 3387 1339 3455 secundum
1361 3385 1524 3454 rationem

274 3495 438 3561 materiae
454 3501 488 3562 et
503 3495 631 3562 formae
647 3495 904 3575 considerentur,
928 3517 1067 3581 pronum
1084 3499 1135 3562 est
1151 3494 1353 3578 dignoscere,
1371 3491 1525 3575 quidnam

275 3621 392 3666 eorum
422 3601 464 3668 ad
494 3602 680 3679 materiam,
711 3602 789 3686 quid
819 3623 899 3669 vere
926 3603 969 3668 ad
993 3601 1132 3668 formam
1156 3598 1326 3667 societatis
1349 3597 1523 3682 pertineat.

368 3707 571 3774 armareris
594 3708 735 3792 quidem,
761 3714 798 3776 ut
819 3707 903 3774 satis
925 3729 985 3792 per
1008 3729 1044 3774 se
1059 3707 1172 3791 liquet,
1196 3706 1229 3772 in
1245 3705 1318 3790 ipsa
1333 3703 1525 3790 pluralitate

275 3815 404 3881 entium
428 3815 639 3882 rationalium
661 3836 720 3882 seu
742 3837 958 3902 personarum
981 3815 1170 3900 reponenda
1193 3818 1254 3881 est.
1293 3812 1400 3898 Igitur
1422 3810 1525 3876 socie-

274 3920 360 3988 tatis
382 3920 546 3988 humanas
567 3920 602 3986 in
624 3921 733 4004 specie
756 3919 897 3987 materia
920 3925 972 3987 est
994 3919 1169 4004 pluralitas
1192 3919 1368 3996 hominurn,
1392 3937 1477 4000 quae
1492 3917 1524 3981 in

275 4025 393 4094 ordine
427 4027 469 4092 ad
503 4025 697 4093 societatem
732 4026 997 4093 constituendam
1033 4024 1133 4092 etiam
1171 4046 1290 4104 ,causa
1321 4021 1520 4090 materialis“

276 4132 409 4200 dicitur.

373 4240 489 4305 Forma
512 4259 602 4315 vero,
626 4258 692 4321 qua
714 4238 865 4305 subiecta
886 4237 1027 4305 materia
1051 4237 1093 4304 ad
1117 4258 1189 4304 esse
1212 4236 1380 4304 societatis
1394 4232 1526 4320 proprie

275 4345 488 4424 informatur,
518 4344 606 4411 haud
629 4343 726 4409 dubie
748 4343 820 4410 sola
843 4347 895 4409 est
918 4346 1037 4410 iunctio
1059 4343 1192 4409 maelis
1214 4343 1271 4408 illa
1299 4348 1454 4424 conduras,
1485 4339 1526 4406 de

276 4473 345 4536 qua
361 4472 461 4537 supra
476 4450 599 4517 dictum
615 4453 677 4528 est,
693 4470 736 4515 ex
751 4448 873 4533 triplici
888 4449 1069 4534 procedens
1082 4437 1524 4533 unione,ictellepectiaram,

276 4561 476 4624 voluntatum
496 4578 535 4623 ae
558 4558 698 4636 virium
720 4575 822 4638 quare
845 4559 880 4621 et
907 4575 1027 4633 ,causa
1049 4553 1216 4620 formalis“
1237 4551 1341 4619 omnis
1357 4549 1527 4618 societatIs

277 4667 371 4731 recte
394 4663 590 4748 appellatur.

372 4820 381 4851 ¹
398 4818 460 4871 Huc
478 4817 598 4888 pertinet
615 4817 684 4871 iuris
701 4815 798 4885 regula
810 4814 873 4884 Dig.
886 4813 973 4880 XVII,
991 4813 1035 4867 tit.
1048 4812 1065 4865 2
1080 4811 1146 4880 (Pro
1158 4810 1244 4878 socio)
1265 4827 1289 4864 e.
1309 4811 1359 4865 57:
1381 4809 1425 4877 ,Si
1442 4809 1525 4864 male

275 4909 334 4967 ficii
353 4907 471 4961 societas
489 4907 562 4962 coita
580 4906 632 4970 sit,
656 4907 766 4960 constat
782 4903 887 4958 nullam
906 4920 967 4958 esse
985 4901 1154 4957 societatem.
1191 4897 1362 4955 Generaliter
1380 4898 1452 4952 enim
1471 4901 1525 4952 trs-

277 4997 361 5060 ditur,
380 5012 471 5050 rerum
490 4995 695 5049 inhonestarum
713 4993 818 5047 nullam
836 5009 897 5047 esse
915 4989 1098 5046 societatem.“
