3909 5842
733 650 772 705 Da
791 651 955 706 auctoritate
973 650 1078 707 sociali.
1463 657 1528 722 315

270 827 358 894 liter
381 827 651 907 determinantur,
676 827 733 894 sed
758 828 900 911 eligendi
922 829 1067 896 libertate
1086 828 1228 914 praediti
1242 833 1321 897 sunt
1334 835 1405 897 tum
1421 831 1528 914 quoad

270 933 494 1001 intentionem
518 933 593 1000 finis
609 934 747 1001 alicuius
764 935 943 1001 communis
960 938 1031 1000 tum
1046 935 1155 1018 quoad
1170 935 1334 1002 delectum
1349 936 1529 1003 mediorum

272 1040 320 1106 ad
345 1043 453 1108 finem.
495 1037 530 1124 b)
553 1040 598 1106 Vi
619 1039 868 1124 inaequalitatis
890 1040 1101 1108 individualis
1122 1042 1210 1108 inter
1232 1041 1380 1109 homines
1402 1063 1529 1110 summa

273 1153 332 1214 est
362 1149 571 1215 voluntatum
601 1169 640 1214 ac
670 1147 853 1214 studiorum
876 1148 1033 1228 varietas,
1063 1169 1191 1215 summa
1213 1147 1406 1234 plerumque
1428 1149 1528 1217 etiam

272 1253 311 1318 in
336 1254 560 1338 appretiandis
580 1254 696 1321 mediis
712 1255 754 1322 ad
771 1275 974 1321 communem
989 1257 1088 1321 finem
1102 1254 1296 1322 iudiciorum
1311 1255 1527 1340 divergentia.

272 1359 308 1441 o)
341 1359 483 1426 Etiamsi
513 1361 688 1444 aliquando
718 1361 943 1444 contingeret,
973 1360 1096 1428 indicia
1125 1361 1166 1427 de
1198 1361 1447 1445 opportunitate
1475 1363 1530 1428 vel

272 1466 480 1534 necessitate
503 1466 682 1533 mediorum
705 1465 886 1534 theoretice
910 1487 1104 1550 congruere,
1127 1467 1250 1534 multos
1266 1472 1379 1535 tamen
1395 1490 1416 1535 a
1431 1490 1529 1553 spon-

273 1575 390 1650 tanea,
421 1573 550 1639 efficaci
580 1577 615 1640 et
647 1573 812 1639 constanti
842 1573 1074 1658 cooperatione
1103 1575 1218 1658 procul
1249 1574 1346 1640 dubio
1372 1575 1531 1641 retineret

274 1699 341 1744 sua
372 1678 406 1744 in
436 1679 615 1745 subeundis
648 1679 801 1746 oneribus
834 1679 1059 1746 communibus
1088 1679 1215 1747 desidia
1245 1684 1303 1748 aut
1334 1681 1530 1765 praevalens

275 1784 404 1868 privati
433 1785 594 1852 commodi
622 1785 776 1853 studium.
801 1821 845 1831 -
867 1787 969 1871 Amul
997 1785 1081 1852 haec
1108 1785 1219 1853 omnia
1241 1787 1417 1853 manifeste
1439 1787 1530 1852 evin-

278 1894 371 1972 cunt,
401 1911 526 1958 meram
557 1891 700 1974 aliquam
723 1891 880 1958 moralem
904 1891 1137 1958 attractionem
1160 1912 1203 1958 ex
1226 1895 1323 1977 parte
1344 1893 1418 1959 linis
1442 1914 1530 1960 com·

277 1998 388 2064 munis
411 1998 443 2062 in
467 1999 582 2064 ordine
596 2001 680 2064 reali
694 2018 901 2080 nequaquam
918 1998 1080 2078 sufficere,
1104 2003 1143 2066 ut
1156 1999 1305 2065 homines
1321 1999 1363 2064 ad
1379 1999 1530 2066 unionem

278 2124 360 2169 vere
389 2104 554 2182 socialem,
585 2103 711 2169 scilicet
739 2103 891 2170 unionem
915 2103 1227 2187 intellegendarum,
1258 2105 1467 2172 voluntatum
1491 2126 1530 2172 ac

279 2209 399 2275 virium
424 2209 575 2276 effective
598 2209 796 2292 colligantur
819 2211 853 2275 in
879 2231 983 2293 eaque
999 2213 1190 2278 constanter
1205 2209 1444 2290 contineantur,
1468 2212 1531 2278 nisi

282 2317 325 2381 ad
355 2316 633 2401 spontaneitetem
663 2316 866 2400 singulorum
889 2317 1012 2400 ingiter
1034 2317 1194 2384 incertam
1218 2318 1397 2384 communis
1420 2318 1530 2402 aliqua

282 2421 334 2487 vis
364 2423 497 2489 moralis
524 2423 652 2508 corpori
675 2422 789 2489 sociali
812 2423 974 2490 intestina¹
992 2427 1028 2491 et
1049 2445 1246 2508 permanens
1268 2422 1416 2513 accedat,
1446 2444 1530 2507 quae

284 2527 456 2594 formalem
485 2529 575 2595 illam
607 2529 758 2596 unionem
788 2529 924 2595 realiter
947 2533 982 2596 et
1003 2529 1125 2612 iugiter
1148 2529 1353 2596 determinet.
1377 2564 1423 2576 —
1445 2531 1531 2616 Erpa

282 2635 356 2719 ipsa
384 2639 504 2702 natura
534 2637 693 2702 materiae
723 2635 854 2702 socialis
887 2635 1109 2702 essentialiter
1140 2635 1246 2718 exigit
1277 2635 1408 2718 aliquod
1440 2635 1531 2720 prin-

283 2739 401 2824 cipium
432 2741 561 2808 unionis
592 2741 721 2810 stabilis
751 2741 902 2808 societati
932 2742 1097 2809 internum
1128 2746 1162 2809 et
1187 2743 1222 2808 vi
1244 2742 1412 2824 obligandi
1435 2761 1531 2825 prae·

283 2845 398 2926 ditum,
422 2847 443 2914 i.
468 2869 496 2915 e.
521 2849 753 2916 auctoritatem
777 2848 942 2915 socialem.

374 2955 403 3019 2.
428 2953 481 3018 Ec
503 2963 626 3020 actura
649 2957 877 3041 cooperationis
905 2956 1042 3020 socialis.
1088 2953 1284 3038 cooperatio
1313 2953 1445 3020 socialis
1473 2974 1532 3038 per

283 3079 320 3124 se
341 3079 407 3124 non
430 3081 496 3124 una
519 3063 571 3126 est
594 3063 628 3126 et
643 3059 793 3144 simplex,
818 3060 876 3126 sed
891 3059 1064 3144 multiplex
1081 3063 1115 3125 et
1129 3059 1234 3139 varia,
1257 3060 1416 3145 plurimas
1431 3063 1532 3141 atque
1640 3052 1642 3055 ’

282 3165 370 3231 inter
393 3186 429 3231 se
453 3165 601 3232 diversas
624 3165 810 3231 functiones
833 3165 1064 3250 complectens,
1097 3164 1217 3250 partim
1240 3163 1384 3249 physicis
1411 3165 1531 3249 partim

283 3271 462 3338 moralibus
491 3271 615 3337 viribus
645 3271 880 3356 adimplendas.
928 3271 1044 3354 Itaque
1075 3270 1109 3336 in
1142 3291 1279 3356 corpore
1311 3269 1435 3349 sociali,
1466 3291 1531 3336 non

283 3397 379 3442 secus
402 3398 441 3444 ao
464 3377 498 3442 in
521 3377 656 3461 physico
680 3376 884 3459 organismo,
912 3377 1076 3443 adfinem
1100 3398 1304 3442 communem
1328 3397 1393 3442 non
1417 3376 1532 3442 eadem

284 3482 421 3565 singulis
450 3483 606 3549 membris
635 3482 753 3548 virium
787 3482 964 3567 applicatio
995 3502 1100 3565 neque
1129 3482 1313 3566 aequaliter
1336 3482 1424 3547 omui
1445 3486 1531 3549 tem·

285 3610 363 3673 pore
386 3589 553 3669 incumbit,
577 3591 635 3656 sed
659 3589 725 3655 alia
747 3588 831 3668 aliis,
856 3589 922 3655 alia
946 3589 1011 3654 alio
1034 3593 1184 3673 tempore
1205 3590 1394 3655 necessaria
1409 3593 1470 3655 est.
1487 3627 1531 3638 --

286 3697 383 3782 Atqui
401 3695 573 3764 ,eiusmodi
604 3693 803 3760 conveniens
834 3694 1021 3760 distributio
1052 3698 1153 3777 atque
1181 3694 1364 3761 moderatio
1397 3715 1532 3780 opernm

285 3801 451 3868 socialium
481 3805 551 3868 tam
581 3801 758 3882 variorum,
789 3802 831 3868 ad
861 3823 961 3868 unum
993 3805 1105 3867 tamen
1134 3803 1232 3867 linem
1264 3801 1531 3886 conspirantium,

286 3930 349 3974 non
379 3929 438 3994 per
468 3929 503 3974 se
534 3907 753 3975 determinata
780 3911 841 3988 est,
873 3909 930 3974 sed
961 3907 1105 3992 positive
1134 3907 1262 3990 indiget
1287 3929 1347 3992 pre
1371 3907 1533 3975 adiunctis

287 4015 550 4098 contingentibus
574 4014 857 4091 determinatione,
882 4033 966 4097 quae
991 4013 1122 4079 aliunde
1141 4013 1290 4097 profecto
1306 4012 1369 4078 nisi
1385 4035 1406 4078 a
1421 4016 1534 4080 sociati

287 4123 472 4188 cadoritete
487 4121 665 4206 procedere
680 4119 804 4203 nequit.
818 4157 862 4168 —
874 4121 961 4206 Erpo
978 4119 1064 4185 sicut
1080 4118 1231 4196 materia,
1250 4118 1345 4184 itaet
1357 4121 1533 4203 cooperatio

287 4227 414 4293 socialis
443 4227 476 4294 in
508 4229 622 4295 ordine
651 4229 734 4292 reali
764 4247 829 4292 non
859 4225 923 4291 nisi
951 4247 1012 4311 per
1034 4225 1126 4290 illam
1148 4224 1333 4291 formaliter
1355 4247 1423 4290 ccc
1446 4223 1533 4290 effici

289 4337 322 4400 et
344 4336 534 4399 constanter
556 4353 690 4398 manere
713 4335 833 4416 potest.
1361 4325 1365 4332 ’

288 4455 355 4529 354.
446 4452 605 4527 Probatur
626 4452 678 4524 11⁰.
711 4457 764 4522 Ea
783 4457 934 4542 scampis
950 4457 1108 4521 scaccis
1123 4477 1193 4520 cum
1209 4457 1390 4541 crematamc
1401 4455 1532 4540 physico

289 4571 316 4628 et
334 4563 507 4648 personali.

375 4669 521 4735 Societas
545 4666 730 4735 formaliter
753 4667 935 4734 constituta
957 4670 1076 4751 suapte
1100 4669 1219 4732 natura
1242 4687 1307 4731 non
1330 4665 1436 4731 solum
1460 4663 1532 4730 cum

290 4774 420 4859 physico
443 4795 579 4858 corpore
603 4774 758 4857 organico
782 4772 992 4839 manifestam
1016 4771 1204 4855 analogiam
1226 4770 1450 4856 praesefert,
1474 4770 1532 4836 sed

291 4880 387 4946 etiam
415 4900 575 4963 personae
605 4879 740 4946 moralis
769 4878 931 4944 rationem
961 4877 1073 4944 habet.
1096 4915 1142 4926 -
1163 4881 1265 4964 Atpci
1287 4876 1321 4942 in
1344 4877 1433 4943 omni
1456 4879 1532 4942 ente

290 4985 441 5070 organico
464 4984 575 5052 unitas
599 4983 749 5051 entitatis
772 4987 806 5050 et
829 4982 1012 5051 activitatis
1035 4983 1198 5050 naturalis
1214 5005 1234 5049 a
1250 5003 1310 5049 sua
1332 4981 1440 5049 forma
1455 4980 1532 5046 sub·
