3909 5842
429 689 493 752 244
642 685 733 741 Sectio
751 685 771 740 Ι.
808 685 889 740 Liber
907 687 954 740 ΠΙ.
993 687 1081 758 Caput
1100 687 1132 740 ΙΙ.
1171 686 1309 742 articulus
1328 689 1353 742 5.
1390 687 1450 754 §h

428 863 470 930 ad
485 868 616 947 tempus
632 867 667 930 et
678 887 717 930 ea
728 874 819 950 porte
835 867 1037 931 obsecratum
1053 863 1155 931 fuisse
1170 865 1311 944 videtur,
1336 865 1369 931 id
1385 888 1448 932 non
1465 867 1671 950 ignorantiae
1787 839 1788 874 i

428 968 617 1048 invincibili,
648 971 706 1035 sed
736 972 876 1037 vincibili
906 991 945 1036 ae
973 971 1048 1054 plus
1077 971 1226 1038 minusve
1250 972 1403 1057 culpabili
1428 973 1671 1040 attribuendum
1787 989 1788 1030 l

410 1096 510 1152 esse,
534 1095 659 1140 morum
683 1076 820 1142 historia
844 1082 934 1144 certo
957 1077 1144 1161 persuadet.
1787 1083 1788 1096 ¹

518 1181 570 1247 Sic
594 1204 686 1247 error
703 1184 914 1268 polytbeiami,
937 1182 971 1247 in
995 1183 1088 1267 lapso
1111 1183 1276 1250 hominum
1300 1205 1421 1266 genere
1439 1191 1509 1251 tam
1525 1185 1593 1251 late
1608 1184 1672 1250 dif-
1787 1161 1788 1230 ἷ

428 1289 530 1366 lusus,
553 1289 740 1370 generalem
764 1310 845 1356 sane
869 1293 1010 1355 naturae
1033 1290 1151 1372 legem,
1175 1311 1240 1373 qua
1256 1291 1316 1356 Dei
1340 1292 1446 1358 cultus
1462 1293 1671 1378 praecipitur,

428 1396 643 1463 communiter
665 1396 812 1478 agnitam
835 1396 999 1480 supponit,
1031 1417 1102 1463 eam
1130 1417 1210 1462 vero
1234 1418 1386 1463 successu
1409 1401 1593 1482 temporum
1616 1419 1671 1464 ea·
1787 1385 1788 1426 l

428 1506 525 1568 tenus
548 1491 756 1568 obscuratam
779 1523 819 1569 ac
843 1502 1005 1579 vitiatam,
1029 1503 1116 1585 quod
1139 1507 1198 1569 oni
1213 1504 1282 1569 Deo
1299 1503 1433 1569 colendo
1449 1504 1671 1588 pluralitatem
1787 1489 1788 1556 ἶ

429 1609 592 1674 numinum
630 1609 846 1676 substitueret
877 1629 938 1674 nec
966 1629 1043 1674 raro
1074 1609 1250 1676 vilissimas
1279 1613 1449 1676 creaturas
1476 1615 1538 1677 aut
1572 1631 1672 1696 opera

427 1715 593 1780 hominum
623 1715 685 1781 hoc
712 1717 843 1782 nomine
866 1717 1068 1783 honestaret.
1115 1717 1192 1793 Quis
1215 1721 1324 1783 autem
1349 1717 1485 1795 nesciat,
1516 1717 1559 1782 ad
1587 1719 1673 1784 hanc

428 1821 530 1888 divini
560 1821 667 1888 cultus
694 1823 915 1908 corruptelam
946 1843 967 1888 a
990 1823 1129 1906 pristina
1161 1823 1307 1908 puritate
1336 1823 1483 1890 homines
1506 1845 1570 1889 non
1594 1829 1672 1891 ante

429 1927 615 2007 descivisse,
647 1949 744 2010 quam
773 1928 806 1994 in
836 1928 1023 2013 semetipsis
1051 1929 1224 2012 imaginem
1250 1929 1311 1996 Dei
1333 1929 1405 1995 veri
1428 1935 1462 1996 et
1485 1929 1591 1996 sancti
1614 1951 1672 1995 ne-

428 2035 538 2103 fandis
560 2035 651 2102 vitiis
674 2036 769 2102 foede
793 2036 1056 2103 deformassentt
1091 2037 1188 2103 Haud
1211 2037 1314 2119 igitur
1336 2037 1453 2102 mirum
1470 2044 1531 2116 est,
1555 2037 1672 2102 volun·
1788 2021 1789 2106 i

428 2147 517 2208 tates
539 2143 572 2208 in
602 2143 692 2210 vitiis
722 2143 850 2225 quidem
881 2144 1072 2211 obfirmatas
1102 2164 1162 2209 nec
1188 2149 1299 2209 tamen
1329 2164 1431 2226 usque
1461 2143 1503 2209 ad
1526 2149 1672 2210 contem·

427 2250 568 2315 nendam
584 2270 712 2316 omnem
727 2249 894 2333 religionis
910 2249 1052 2334 speciem
1072 2249 1250 2332 degeneres
1266 2271 1305 2315 eo
1318 2250 1476 2333 paulatim
1489 2249 1672 2322 devenisse,

428 2360 466 2422 ut
488 2356 560 2422 loco
583 2355 645 2421 Dei
668 2355 763 2421 unius
786 2355 924 2433 otveri,
956 2377 1052 2437 quem
1082 2355 1305 2438 legislatorem
1338 2359 1372 2422 et
1394 2355 1532 2422 iudicem
1555 2356 1588 2421 in
1612 2377 1673 2422 sua

427 2461 564 2545 quisque
587 2462 788 2528 conscientia
811 2462 1054 2546 experiebatur,
1079 2462 1157 2528 deos
1176 2462 1285 2546 potius
1301 2463 1362 2527 sibi
1378 2463 1540 2546 fingerent
1555 2483 1673 2527 secun·

428 2568 504 2633 dum
528 2567 690 2634 desideria
713 2589 773 2633 sua
796 2572 831 2634 et
853 2568 895 2634 ad
918 2567 1162 2634 similitudinem
1186 2589 1277 2633 suam
1290 2571 1311 2635 1.
1342 2567 1458 2651 Neque
1481 2569 1580 2635 etiam
1596 2589 1672 2652 per-

428 2673 618 2740 severantia
648 2673 681 2738 in
714 2673 872 2739 eiusmodi
901 2673 1041 2756 caligine
1071 2673 1291 2739 amaioribus
1322 2673 1446 2740 tradita
1475 2675 1516 2738 ab
1545 2673 1673 2738 influxu

429 2799 553 2861 pravae
584 2779 765 2844 voluntatis
794 2801 932 2846 vacasse
955 2781 1118 2846 censenda
1141 2783 1209 2858 est;
1240 2780 1359 2866 quippe
1386 2779 1591 2858 ,dilexerunt
1614 2781 1674 2846 ho·

427 2885 531 2951 mines
560 2885 667 2969 magis
696 2886 852 2952 tenebras
882 2907 980 2970 quam
1004 2887 1125 2952 lucem‘
1155 2886 1203 2970 (lo
1225 2889 1254 2966 3,
1283 2885 1346 2970 19).
1392 2887 1544 2952 Ceterum
1567 2887 1671 2971 ipsam

428 3011 555 3074 quoque
579 2992 639 3058 Dei
663 2992 823 3059 unitatem
846 2992 880 3056 in
903 2993 1018 3075 gentili
1034 2992 1267 3076 superst'tione
1283 3015 1347 3058 non
1364 2995 1460 3076 plane
1475 2993 1673 3075 ignoratam.

427 3097 495 3176 sed,
518 3100 733 3181 praevalente
748 3103 860 3165 rectae
878 3099 1017 3166 rationis
1039 3099 1169 3176 lumine,
1199 3099 1435 3183 quodammodo
1458 3099 1615 3182 implicite
1637 3105 1674 3165 et

426 3202 585 3269 indirecte
614 3206 667 3270 vel
698 3205 739 3271 ab
763 3205 876 3272 invitis
898 3205 1020 3290 passim
1045 3211 1205 3272 assertam
1231 3205 1388 3272 videmus.
1435 3205 1473 3270 ld
1497 3209 1587 3270 certe
1610 3205 1672 3289 ipsi

426 3309 594 3375 numinum
610 3311 694 3376 varii
709 3312 832 3394 gradus
847 3315 883 3378 et
897 3312 1038 3390 ordines,
1062 3333 1143 3394 quos
1159 3313 1329 3396 putabant,
1349 3312 1432 3378 satis
1448 3311 1672 3377 manifestant.

428 3437 499 3481 curn
523 3416 557 3482 in
581 3417 646 3483 ista
668 3417 871 3484 hierarchica
900 3419 1166 3485 subordinatione
1194 3442 1294 3485 unam
1317 3419 1456 3501 denique
1479 3439 1595 3483 numen
1619 3439 1673 3482 so-

425 3546 580 3608 prcmum,
613 3545 692 3607 prae
727 3525 846 3590 ceteris
879 3527 1028 3591 omnibus
1060 3526 1208 3608 potentia
1240 3529 1275 3591 et
1306 3523 1464 3608 regimine
1496 3524 1671 3590 excellens.

428 3629 660 3712 distinguatur.
707 3629 800 3696 Adde
828 3636 1004 3715 praeterea
1028 3630 1152 3696 diserta
1175 3630 1307 3712 gentilis
1331 3629 1554 3714 philosophiae
1577 3627 1673 3694 testi-

428 3735 547 3813 monia,
578 3735 770 3818 ubicumque
800 3736 926 3803 sincero
956 3737 1065 3802 studio
1096 3736 1230 3802 veritati
1259 3735 1509 3819 investigandae
1538 3755 1671 3818 operam

434 3889 508 3894 ..-
533 3887 738 3894 —.-.—..-—.--

519 3968 526 3999 ¹
547 3965 745 4020 Recentissima
763 3966 853 4020 studia
872 3965 1037 4036 philologius
1054 3969 1082 4018 et
1100 3925 1315 4034 ethnegrrphma
1332 3963 1358 4016 in
1378 3962 1437 4016 dies
1455 3964 1544 4030 magia
1556 3979 1590 4016 ex
1604 3963 1672 4016 anti·
1788 4009 1790 4024 ,

429 4057 569 4126 quieaimia
587 4055 756 4110 documentis
774 4055 969 4118 demonstrant,
996 4071 1012 4108 a
1037 4052 1190 4123 primordiis
1216 4051 1334 4106 omnium
1360 4050 1534 4121 populorum,
1559 4067 1671 4120 qnorum

429 4144 559 4198 memoria
577 4147 677 4204 exstat.
695 4161 792 4214 purum
811 4143 1038 4198 monothsiamum
1057 4141 1235 4196 communiter
1255 4141 1384 4208 viguisse,
1403 4141 1480 4196 initia
1493 4143 1584 4195 autem
1598 4140 1671 4210 poly-

429 4233 539 4287 theismi
557 4234 660 4303 passim
679 4252 740 4287 cnm
760 4232 851 4286 ethica
869 4232 961 4302 aliqua
980 4231 1219 4286 transformatione
1238 4230 1396 4284 eoinoidere.
1434 4230 1475 4285 Cf.
1495 4231 1528 4284 de
1546 4234 1604 4284 toto
1622 4229 1672 4283 boe

430 4327 590 4390 argumento
603 4321 650 4375 Dr.
663 4323 695 4374 E.
710 4323 742 4374 L.
756 4322 876 4388 Fischer,
891 4320 1053 4374 Heidentum
1067 4319 1120 4371 und
1134 4303 1326 4384 Offenbarung,
1339 4317 1430 4372 Mainz
1445 4317 1527 4380 187&
1547 4315 1594 4370 Dr.
1610 4319 1672 4371 Cor-

430 4413 517 4464 neliae
535 4412 635 4479 Kriep,
661 4409 715 4463 Der
734 4409 949 4463 hlonotheiemus
975 4409 1023 4462 der
1041 4407 1226 4475 Offenbarung
1252 4406 1305 4460 und
1332 4405 1382 4460 das
1400 4404 1563 4459 Heideutum
1592 4405 1671 4472 (nach

431 4501 464 4553 H.
478 4500 595 4568 Formby
608 4517 658 4552 aus
671 4499 731 4552 dem
745 4498 910 4560 Englischen
923 4497 1095 4564 bearbeitet),
1109 4494 1197 4548 Mainz
1213 4494 1296 4558 18803
1316 4494 1419 4564 Essays
1433 4512 1480 4547 nur
1492 4493 1673 4561 allgemeinen

431 4586 766 4656 Religionswissenscbalt
785 4605 838 4640 von
856 4587 951 4639 Venor
969 4603 992 4638 o.
1013 4586 1125 4638 Stroum
1143 4583 1197 4636 und
1222 4584 1334 4651 Tornep,
1355 4581 1442 4651 Essay
1462 4581 1488 4645 1,
1508 4580 1674 4651 Heidelberg

433 4675 515 4738 1879,
537 4677 661 4744 Zecezer,
687 4675 738 4728 Die
756 4673 899 4742 Urgestalt
923 4674 971 4727 der
990 4672 1128 4739 Religion:
1154 4671 1201 4724 lll.
1228 4669 1282 4724 Der
1299 4669 1514 4724 Monothsismus
1539 4668 1581 4724 als
1607 4669 1673 4724 Ans-

431 4763 609 4834 gangspnnlrt
634 4763 701 4817 aller
726 4761 1052 4830 Religionsentwicklung
1072 4761 1156 4828 (Allg.
1176 4757 1560 4813 Missions·Zeitscbrift1880
1580 4757 1674 4823 Deci:

432 4854 500 4905 Mox
518 4855 626 4920 Maller,
645 4851 834 4918 Vorlesungen
853 4851 920 4905 uber
938 4851 990 4904 den
1004 4851 1146 4920 Ursprung
1165 4849 1219 4901 nnd
1239 4849 1281 4901 die
1296 4847 1522 4914 ldntwicklungen
1542 4846 1591 4900 der
1603 4845 1674 4901 Reli·

432 4941 556 5010 gionen’,
583 4939 850 5008 Strasebur318813
877 4941 941 4993 Chr.
961 4941 1040 4992 Pesrh
1061 4937 1087 4990 S.
1108 4937 1148 5002 J.,
1174 4937 1229 4990 Der
1248 4935 1446 5004 Gottesbegriff
1469 4935 1496 4988 in
1522 4935 1573 4987 den
1601 4933 1675 4988 heid-

431 5029 543 5083 nisohen
562 5028 722 5096 Religionen
741 5027 789 5081 des
809 5026 968 5092 Altertums,
989 5027 1120 5093 Freiburg
1138 5025 1155 5080 i.
1175 5025 1205 5081 B.
1228 5025 1304 5080 1886.
