<?xml version="1.0" encoding="UTF-8"?>
<!DOCTYPE html PUBLIC "-//W3C//DTD XHTML 1.0 Transitional//EN"
    "http://www.w3.org/TR/xhtml1/DTD/xhtml1-transitional.dtd">
<html xmlns="http://www.w3.org/1999/xhtml" xml:lang="en" lang="en">
 <head>
  <title>
</title>
<meta http-equiv="Content-Type" content="text/html;charset=utf-8" />
  <meta name='ocr-system' content='tesseract 3.04.00' />
  <meta name='ocr-capabilities' content='ocr_page ocr_carea ocr_par ocr_line ocrx_word'/>
</head>
<body>
  <div class='ocr_page' id='page_1' title='image "./institutionesiu00meyegoog_0365.png"; bbox 0 0 3909 5842; ppageno 0'>
   <div class='ocr_carea' id='block_1_1' title="bbox 731 645 1525 714">
    <p class='ocr_par' dir='ltr' id='par_1_1' title="bbox 731 645 1525 714">
     <span class='ocr_line' id='line_1_1' title="bbox 731 645 1525 714; baseline 0.015 -12"><span class='ocrx_word' id='word_1_1' title='bbox 731 648 773 704; x_wconf 90' lang='lat' dir='ltr'>De</span> <span class='ocrx_word' id='word_1_2' title='bbox 791 648 955 704; x_wconf 78' lang='lat' dir='ltr'>auctoritate</span> <span class='ocrx_word' id='word_1_3' title='bbox 973 645 1076 702; x_wconf 79' lang='lat' dir='ltr'>sociali.</span> <span class='ocrx_word' id='word_1_4' title='bbox 1460 648 1525 714; x_wconf 85' lang='lat'>313</span> 
     </span>
    </p>
   </div>
   <div class='ocr_carea' id='block_1_2' title="bbox 276 821 1526 1430">
    <p class='ocr_par' dir='ltr' id='par_1_2' title="bbox 276 821 1526 1430">
     <span class='ocr_line' id='line_1_2' title="bbox 276 821 1526 916; baseline -0.007 -19"><span class='ocrx_word' id='word_1_5' title='bbox 276 835 341 910; x_wconf 90' lang='lat' dir='ltr'>est,</span> <span class='ocrx_word' id='word_1_6' title='bbox 366 851 450 916; x_wconf 89' lang='lat' dir='ltr'>quae</span> <span class='ocrx_word' id='word_1_7' title='bbox 472 828 566 915; x_wconf 90' lang='lat' dir='ltr'>proin</span> <span class='ocrx_word' id='word_1_8' title='bbox 591 849 665 895; x_wconf 90' lang='lat' dir='ltr'>cum</span> <span class='ocrx_word' id='word_1_9' title='bbox 687 828 862 896; x_wconf 85' lang='lat' dir='ltr'>activitate</span> <span class='ocrx_word' id='word_1_10' title='bbox 879 825 1120 894; x_wconf 84' lang='lat' dir='ltr'>individuorum</span> <span class='ocrx_word' id='word_1_11' title='bbox 1137 821 1301 890; x_wconf 91' lang='lat' dir='ltr'>hominum</span> <span class='ocrx_word' id='word_1_12' title='bbox 1318 821 1350 888; x_wconf 89' lang='lat' dir='ltr'>in</span> <span class='ocrx_word' id='word_1_13' title='bbox 1367 821 1526 890; x_wconf 88' lang='lat' dir='ltr'>societate</span> 
     </span>
     <span class='ocr_line' id='line_1_3' title="bbox 277 928 1525 1012; baseline -0.009 -8"><span class='ocrx_word' id='word_1_14' title='bbox 277 937 462 1004; x_wconf 86' lang='lat' dir='ltr'>viventium</span> <span class='ocrx_word' id='word_1_15' title='bbox 492 935 648 1004; x_wconf 81' lang='lat' dir='ltr'>confundi</span> <span class='ocrx_word' id='word_1_16' title='bbox 677 956 743 1002; x_wconf 90' lang='lat' dir='ltr'>nou</span> <span class='ocrx_word' id='word_1_17' title='bbox 774 935 881 1002; x_wconf 89' lang='lat' dir='ltr'>debet.</span> <span class='ocrx_word' id='word_1_18' title='bbox 928 932 1015 1000; x_wconf 89' lang='lat' dir='ltr'>Hinc</span> <span class='ocrx_word' id='word_1_19' title='bbox 1046 935 1107 1010; x_wconf 90' lang='lat' dir='ltr'>est,</span> <span class='ocrx_word' id='word_1_20' title='bbox 1139 928 1225 1012; x_wconf 92' lang='lat' dir='ltr'>quod</span> <span class='ocrx_word' id='word_1_21' title='bbox 1253 949 1371 1012; x_wconf 85' lang='lat' dir='ltr'>corpus</span> <span class='ocrx_word' id='word_1_22' title='bbox 1395 928 1525 1008; x_wconf 88' lang='lat' dir='ltr'>sociale,</span> 
     </span>
     <span class='ocr_line' id='line_1_4' title="bbox 278 1033 1526 1128; baseline -0.008 -17"><span class='ocrx_word' id='word_1_23' title='bbox 278 1065 377 1127; x_wconf 85' lang='lat' dir='ltr'>quam</span> <span class='ocrx_word' id='word_1_24' title='bbox 400 1043 540 1128; x_wconf 88' lang='lat' dir='ltr'>primum</span> <span class='ocrx_word' id='word_1_25' title='bbox 564 1041 613 1108; x_wconf 91' lang='lat' dir='ltr'>ita</span> <span class='ocrx_word' id='word_1_26' title='bbox 636 1039 851 1109; x_wconf 90' lang='lat' dir='ltr'>constitutum</span> <span class='ocrx_word' id='word_1_27' title='bbox 876 1044 943 1117; x_wconf 85' lang='lat' dir='ltr'>est,</span> <span class='ocrx_word' id='word_1_28' title='bbox 966 1041 1005 1104; x_wconf 90' lang='lat' dir='ltr'>ut</span> <span class='ocrx_word' id='word_1_29' title='bbox 1027 1057 1106 1102; x_wconf 91' lang='lat' dir='ltr'>vere</span> <span class='ocrx_word' id='word_1_30' title='bbox 1129 1055 1271 1120; x_wconf 89' lang='lat' dir='ltr'>persona</span> <span class='ocrx_word' id='word_1_31' title='bbox 1293 1033 1426 1100; x_wconf 88' lang='lat' dir='ltr'>moralis</span> <span class='ocrx_word' id='word_1_32' title='bbox 1450 1055 1526 1101; x_wconf 90' lang='lat' dir='ltr'>cen·</span> 
     </span>
     <span class='ocr_line' id='line_1_5' title="bbox 278 1139 1526 1234; baseline -0.009 -18"><span class='ocrx_word' id='word_1_33' title='bbox 278 1149 345 1216; x_wconf 89' lang='lat' dir='ltr'>seri</span> <span class='ocrx_word' id='word_1_34' title='bbox 367 1149 482 1234; x_wconf 79' lang='lat' dir='ltr'>possit,</span> <span class='ocrx_word' id='word_1_35' title='bbox 513 1152 632 1233; x_wconf 90' lang='lat' dir='ltr'>suapte</span> <span class='ocrx_word' id='word_1_36' title='bbox 663 1153 783 1216; x_wconf 87' lang='lat' dir='ltr'>natura</span> <span class='ocrx_word' id='word_1_37' title='bbox 805 1147 974 1231; x_wconf 90' lang='lat' dir='ltr'>proprium</span> <span class='ocrx_word' id='word_1_38' title='bbox 999 1141 1131 1226; x_wconf 81' lang='lat' dir='ltr'>aliquod</span> <span class='ocrx_word' id='word_1_39' title='bbox 1154 1147 1189 1208; x_wconf 91' lang='lat' dir='ltr'>et</span> <span class='ocrx_word' id='word_1_40' title='bbox 1212 1141 1254 1207; x_wconf 87' lang='lat' dir='ltr'>ab</span> <span class='ocrx_word' id='word_1_41' title='bbox 1278 1139 1365 1206; x_wconf 91' lang='lat' dir='ltr'>omni</span> <span class='ocrx_word' id='word_1_42' title='bbox 1388 1139 1453 1206; x_wconf 93' lang='lat' dir='ltr'>alio</span> <span class='ocrx_word' id='word_1_43' title='bbox 1477 1140 1526 1206; x_wconf 92' lang='lat' dir='ltr'>di·</span> 
     </span>
     <span class='ocr_line' id='line_1_6' title="bbox 278 1247 1526 1328; baseline -0.006 -6"><span class='ocrx_word' id='word_1_44' title='bbox 278 1257 435 1324; x_wconf 87' lang='lat' dir='ltr'>stinctum</span> <span class='ocrx_word' id='word_1_45' title='bbox 458 1255 641 1323; x_wconf 90' lang='lat' dir='ltr'>subiectum</span> <span class='ocrx_word' id='word_1_46' title='bbox 665 1254 807 1323; x_wconf 87' lang='lat' dir='ltr'>efficitur</span> <span class='ocrx_word' id='word_1_47' title='bbox 821 1274 887 1320; x_wconf 89' lang='lat' dir='ltr'>non</span> <span class='ocrx_word' id='word_1_48' title='bbox 902 1252 1008 1320; x_wconf 89' lang='lat' dir='ltr'>solum</span> <span class='ocrx_word' id='word_1_49' title='bbox 1025 1251 1190 1318; x_wconf 89' lang='lat' dir='ltr'>actionum</span> <span class='ocrx_word' id='word_1_50' title='bbox 1206 1247 1388 1328; x_wconf 89' lang='lat' dir='ltr'>moralium,</span> <span class='ocrx_word' id='word_1_51' title='bbox 1412 1268 1526 1314; x_wconf 87' lang='lat' dir='ltr'>verum</span> 
     </span>
     <span class='ocr_line' id='line_1_7' title="bbox 278 1360 729 1430; baseline 0.004 -2"><span class='ocrx_word' id='word_1_52' title='bbox 278 1367 315 1430; x_wconf 92' lang='lat' dir='ltr'>et</span> <span class='ocrx_word' id='word_1_53' title='bbox 337 1362 519 1428; x_wconf 87' lang='lat' dir='ltr'>officiorum</span> <span class='ocrx_word' id='word_1_54' title='bbox 542 1364 577 1428; x_wconf 90' lang='lat' dir='ltr'>et</span> <span class='ocrx_word' id='word_1_55' title='bbox 599 1360 729 1430; x_wconf 80' lang='lat' dir='ltr'>iunium.</span> 
     </span>
    </p>
   </div>
   <div class='ocr_carea' id='block_1_3' title="bbox 572 1548 1233 1636">
    <p class='ocr_par' dir='ltr' id='par_1_3' title="bbox 572 1548 1233 1636">
     <span class='ocr_line' id='line_1_8' title="bbox 572 1548 1233 1636; baseline -0.008 -17"><span class='ocrx_word' id='word_1_56' title='bbox 572 1552 645 1636; x_wconf 60' lang='lat'>§4-</span> <span class='ocrx_word' id='word_1_57' title='bbox 692 1554 746 1619; x_wconf 92' lang='lat' dir='ltr'>De</span> <span class='ocrx_word' id='word_1_58' title='bbox 776 1551 1041 1618; x_wconf 89' lang='lat' dir='ltr'>auctoritate</span> <span class='ocrx_word' id='word_1_59' title='bbox 1070 1548 1233 1615; x_wconf 88' lang='lat' dir='ltr'>sociali.</span> 
     </span>
    </p>
   </div>
   <div class='ocr_carea' id='block_1_4' title="bbox 609 1703 1201 1779">
    <p class='ocr_par' dir='ltr' id='par_1_4' title="bbox 609 1703 1201 1779">
     <span class='ocr_line' id='line_1_9' title="bbox 609 1703 1201 1779; baseline -0.008 -15"><span class='ocrx_word' id='word_1_60' title='bbox 609 1713 642 1765; x_wconf 79' lang='lat' dir='ltr'>A.</span> <span class='ocrx_word' id='word_1_61' title='bbox 661 1706 721 1764; x_wconf 72' lang='lat' dir='ltr'>Eius</span> <span class='ocrx_word' id='word_1_62' title='bbox 739 1707 872 1779; x_wconf 75' lang='lat' dir='ltr'>asumptus</span> <span class='ocrx_word' id='word_1_63' title='bbox 890 1705 1019 1778; x_wconf 70' lang='lat' dir='ltr'>analytice</span> <span class='ocrx_word' id='word_1_64' title='bbox 1037 1703 1201 1761; x_wconf 81' lang='lat' dir='ltr'>sumtruitur.</span> 
     </span>
    </p>
   </div>
   <div class='ocr_carea' id='block_1_5' title="bbox 279 1821 1533 4695">
    <p class='ocr_par' dir='ltr' id='par_1_5' title="bbox 279 1821 1531 3613">
     <span class='ocr_line' id='line_1_10' title="bbox 279 1821 1527 1913; baseline -0.009 -14"><span class='ocrx_word' id='word_1_65' title='bbox 279 1827 350 1899; x_wconf 76' lang='grc'><strong>350.</strong></span> <span class='ocrx_word' id='word_1_66' title='bbox 442 1828 566 1913; x_wconf 79' lang='lat' dir='ltr'>Corpus</span> <span class='ocrx_word' id='word_1_67' title='bbox 589 1827 721 1906; x_wconf 90' lang='lat' dir='ltr'>sociale,</span> <span class='ocrx_word' id='word_1_68' title='bbox 744 1830 782 1892; x_wconf 91' lang='lat' dir='ltr'>ut</span> <span class='ocrx_word' id='word_1_69' title='bbox 798 1847 863 1909; x_wconf 89' lang='lat' dir='ltr'>qua</span> <span class='ocrx_word' id='word_1_70' title='bbox 878 1825 947 1892; x_wconf 89' lang='lat' dir='ltr'>tale</span> <span class='ocrx_word' id='word_1_71' title='bbox 962 1827 1069 1892; x_wconf 89' lang='lat' dir='ltr'>instar</span> <span class='ocrx_word' id='word_1_72' title='bbox 1086 1823 1232 1908; x_wconf 88' lang='lat' dir='ltr'>corporis</span> <span class='ocrx_word' id='word_1_73' title='bbox 1248 1821 1404 1906; x_wconf 80' lang='lat' dir='ltr'>organici,</span> <span class='ocrx_word' id='word_1_74' title='bbox 1428 1824 1527 1890; x_wconf 89' lang='lat' dir='ltr'>immo</span> 
     </span>
     <span class='ocr_line' id='line_1_11' title="bbox 280 1928 1527 2018; baseline -0.003 -20"><span class='ocrx_word' id='word_1_75' title='bbox 280 1954 442 2018; x_wconf 78' lang='lat' dir='ltr'>personae</span> <span class='ocrx_word' id='word_1_76' title='bbox 465 1933 627 2001; x_wconf 75' lang='lat' dir='ltr'>exsistere</span> <span class='ocrx_word' id='word_1_77' title='bbox 650 1938 685 2000; x_wconf 93' lang='lat' dir='ltr'>et</span> <span class='ocrx_word' id='word_1_78' title='bbox 708 1953 809 2016; x_wconf 89' lang='lat' dir='ltr'>agere</span> <span class='ocrx_word' id='word_1_79' title='bbox 826 1932 942 2016; x_wconf 80' lang='lat' dir='ltr'>possit,</span> <span class='ocrx_word' id='word_1_80' title='bbox 966 1934 1101 2016; x_wconf 89' lang='lat' dir='ltr'>praeter</span> <span class='ocrx_word' id='word_1_81' title='bbox 1115 1929 1310 2016; x_wconf 87' lang='lat' dir='ltr'>principium</span> <span class='ocrx_word' id='word_1_82' title='bbox 1326 1928 1454 1994; x_wconf 90' lang='lat' dir='ltr'>unionis</span> <span class='ocrx_word' id='word_1_83' title='bbox 1470 1928 1527 1994; x_wconf 91' lang='lat' dir='ltr'>ob·</span> 
     </span>
     <span class='ocr_line' id='line_1_12' title="bbox 281 2037 1528 2122; baseline -0.004 -18"><span class='ocrx_word' id='word_1_84' title='bbox 281 2039 438 2107; x_wconf 90' lang='lat' dir='ltr'>iectivum</span> <span class='ocrx_word' id='word_1_85' title='bbox 462 2044 497 2106; x_wconf 89' lang='lat' dir='ltr'>et</span> <span class='ocrx_word' id='word_1_86' title='bbox 519 2040 637 2119; x_wconf 91' lang='lat' dir='ltr'>ideale,</span> <span class='ocrx_word' id='word_1_87' title='bbox 661 2040 748 2122; x_wconf 90' lang='lat' dir='ltr'>quod</span> <span class='ocrx_word' id='word_1_88' title='bbox 772 2039 806 2104; x_wconf 91' lang='lat' dir='ltr'>in</span> <span class='ocrx_word' id='word_1_89' title='bbox 828 2039 893 2104; x_wconf 89' lang='lat' dir='ltr'>fine</span> <span class='ocrx_word' id='word_1_90' title='bbox 917 2037 1080 2104; x_wconf 90' lang='lat' dir='ltr'>communi</span> <span class='ocrx_word' id='word_1_91' title='bbox 1102 2037 1242 2103; x_wconf 88' lang='lat' dir='ltr'>honesto</span> <span class='ocrx_word' id='word_1_92' title='bbox 1266 2040 1300 2103; x_wconf 92' lang='lat' dir='ltr'>et</span> <span class='ocrx_word' id='word_1_93' title='bbox 1315 2039 1528 2120; x_wconf 81' lang='lat' dir='ltr'>permanente</span> 
     </span>
     <span class='ocr_line' id='line_1_13' title="bbox 282 2140 1528 2228; baseline -0.005 -18"><span class='ocrx_word' id='word_1_94' title='bbox 282 2146 442 2224; x_wconf 87' lang='lat' dir='ltr'>consistit,</span> <span class='ocrx_word' id='word_1_95' title='bbox 473 2145 690 2211; x_wconf 90' lang='lat' dir='ltr'>subiectivum</span> <span class='ocrx_word' id='word_1_96' title='bbox 721 2144 856 2228; x_wconf 90' lang='lat' dir='ltr'>insuper</span> <span class='ocrx_word' id='word_1_97' title='bbox 885 2142 1024 2210; x_wconf 86' lang='lat' dir='ltr'>unitatis</span> <span class='ocrx_word' id='word_1_98' title='bbox 1056 2163 1096 2209; x_wconf 87' lang='lat' dir='ltr'>ac</span> <span class='ocrx_word' id='word_1_99' title='bbox 1118 2141 1210 2208; x_wconf 87' lang='lat' dir='ltr'>vitae</span> <span class='ocrx_word' id='word_1_100' title='bbox 1233 2140 1415 2224; x_wconf 89' lang='lat' dir='ltr'>personalis</span> <span class='ocrx_word' id='word_1_101' title='bbox 1438 2141 1528 2224; x_wconf 92' lang='lat' dir='ltr'>prin-</span> 
     </span>
     <span class='ocr_line' id='line_1_14' title="bbox 282 2245 1527 2336; baseline -0.004 -19"><span class='ocrx_word' id='word_1_102' title='bbox 282 2252 399 2336; x_wconf 91' lang='lat' dir='ltr'>cipium</span> <span class='ocrx_word' id='word_1_103' title='bbox 422 2254 457 2320; x_wconf 94' lang='lat' dir='ltr'>in</span> <span class='ocrx_word' id='word_1_104' title='bbox 479 2275 516 2318; x_wconf 92' lang='lat' dir='ltr'>se</span> <span class='ocrx_word' id='word_1_105' title='bbox 540 2252 709 2318; x_wconf 90' lang='lat' dir='ltr'>contineat</span> <span class='ocrx_word' id='word_1_106' title='bbox 731 2271 866 2318; x_wconf 90' lang='lat' dir='ltr'>necesse</span> <span class='ocrx_word' id='word_1_107' title='bbox 890 2255 952 2317; x_wconf 88' lang='lat' dir='ltr'>est.</span> <span class='ocrx_word' id='word_1_108' title='bbox 999 2249 1168 2316; x_wconf 83' lang='lat' dir='ltr'>Eiusmodi</span> <span class='ocrx_word' id='word_1_109' title='bbox 1192 2247 1286 2330; x_wconf 89' lang='lat' dir='ltr'>quasi</span> <span class='ocrx_word' id='word_1_110' title='bbox 1311 2245 1413 2313; x_wconf 86' lang='lat' dir='ltr'>vitale</span> <span class='ocrx_word' id='word_1_111' title='bbox 1438 2246 1527 2331; x_wconf 91' lang='lat' dir='ltr'>prin-</span> 
     </span>
     <span class='ocr_line' id='line_1_15' title="bbox 283 2351 1528 2442; baseline -0.005 -20"><span class='ocrx_word' id='word_1_112' title='bbox 283 2357 410 2442; x_wconf 91' lang='lat' dir='ltr'>cipium,</span> <span class='ocrx_word' id='word_1_113' title='bbox 435 2359 587 2425; x_wconf 79' lang='lat' dir='ltr'>societati</span> <span class='ocrx_word' id='word_1_114' title='bbox 611 2363 649 2425; x_wconf 91' lang='lat' dir='ltr'>ut</span> <span class='ocrx_word' id='word_1_115' title='bbox 666 2377 811 2442; x_wconf 81' lang='lat' dir='ltr'>peronae</span> <span class='ocrx_word' id='word_1_116' title='bbox 827 2356 942 2423; x_wconf 91' lang='lat' dir='ltr'>morali</span> <span class='ocrx_word' id='word_1_117' title='bbox 959 2356 1127 2441; x_wconf 90' lang='lat' dir='ltr'>proprium</span> <span class='ocrx_word' id='word_1_118' title='bbox 1144 2358 1178 2421; x_wconf 91' lang='lat' dir='ltr'>et</span> <span class='ocrx_word' id='word_1_119' title='bbox 1194 2353 1359 2420; x_wconf 90' lang='lat' dir='ltr'>voluntati</span> <span class='ocrx_word' id='word_1_120' title='bbox 1374 2351 1528 2418; x_wconf 85' lang='lat' dir='ltr'>rationali</span> 
     </span>
     <span class='ocr_line' id='line_1_16' title="bbox 281 2459 1527 2547; baseline -0.006 -16"><span class='ocrx_word' id='word_1_121' title='bbox 281 2464 422 2531; x_wconf 90' lang='lat' dir='ltr'>hominis</span> <span class='ocrx_word' id='word_1_122' title='bbox 443 2464 603 2532; x_wconf 86' lang='lat' dir='ltr'>individui</span> <span class='ocrx_word' id='word_1_123' title='bbox 625 2464 814 2547; x_wconf 82' lang='lat' dir='ltr'>analogum,</span> <span class='ocrx_word' id='word_1_124' title='bbox 839 2467 1014 2530; x_wconf 71' lang='lat' dir='ltr'>audentes</span> <span class='ocrx_word' id='word_1_125' title='bbox 1038 2463 1165 2528; x_wconf 83' lang='lat' dir='ltr'>socialis</span> <span class='ocrx_word' id='word_1_126' title='bbox 1188 2459 1331 2528; x_wconf 81' lang='lat' dir='ltr'>exhibet.</span> <span class='ocrx_word' id='word_1_127' title='bbox 1366 2459 1527 2537; x_wconf 80' lang='lat' dir='ltr'>Quemad-</span> 
     </span>
     <span class='ocr_line' id='line_1_17' title="bbox 282 2566 1528 2650; baseline -0.003 -14"><span class='ocrx_word' id='word_1_128' title='bbox 282 2573 414 2638; x_wconf 89' lang='lat' dir='ltr'>modum</span> <span class='ocrx_word' id='word_1_129' title='bbox 438 2571 525 2638; x_wconf 91' lang='lat' dir='ltr'>enim</span> <span class='ocrx_word' id='word_1_130' title='bbox 547 2571 581 2640; x_wconf 87' lang='lat' dir='ltr'>in</span> <span class='ocrx_word' id='word_1_131' title='bbox 603 2570 734 2637; x_wconf 89' lang='lat' dir='ltr'>bomine</span> <span class='ocrx_word' id='word_1_132' title='bbox 759 2569 921 2637; x_wconf 88' lang='lat' dir='ltr'>voluntati</span> <span class='ocrx_word' id='word_1_133' title='bbox 944 2569 1100 2636; x_wconf 88' lang='lat' dir='ltr'>rationali</span> <span class='ocrx_word' id='word_1_134' title='bbox 1124 2566 1288 2646; x_wconf 88' lang='lat' dir='ltr'>convenit,</span> <span class='ocrx_word' id='word_1_135' title='bbox 1317 2585 1429 2632; x_wconf 88' lang='lat' dir='ltr'>omnes</span> <span class='ocrx_word' id='word_1_136' title='bbox 1452 2587 1528 2650; x_wconf 91' lang='lat' dir='ltr'>par·</span> 
     </span>
     <span class='ocr_line' id='line_1_18' title="bbox 280 2672 1529 2762; baseline -0.003 -20"><span class='ocrx_word' id='word_1_137' title='bbox 280 2677 439 2744; x_wconf 86' lang='lat' dir='ltr'>ticulares</span> <span class='ocrx_word' id='word_1_138' title='bbox 468 2677 636 2762; x_wconf 90' lang='lat' dir='ltr'>potentias</span> <span class='ocrx_word' id='word_1_139' title='bbox 664 2677 737 2742; x_wconf 89' lang='lat' dir='ltr'>sive</span> <span class='ocrx_word' id='word_1_140' title='bbox 766 2675 956 2760; x_wconf 85' lang='lat' dir='ltr'>spirituales</span> <span class='ocrx_word' id='word_1_141' title='bbox 986 2675 1057 2740; x_wconf 86' lang='lat' dir='ltr'>sive</span> <span class='ocrx_word' id='word_1_142' title='bbox 1087 2673 1280 2748; x_wconf 78' lang='lat' dir='ltr'>comitivas,</span> <span class='ocrx_word' id='word_1_143' title='bbox 1311 2672 1427 2754; x_wconf 89' lang='lat' dir='ltr'>quibus</span> <span class='ocrx_word' id='word_1_144' title='bbox 1456 2675 1529 2738; x_wconf 86' lang='lat' dir='ltr'>tuta</span> 
     </span>
     <span class='ocr_line' id='line_1_19' title="bbox 281 2778 1528 2868; baseline -0.003 -21"><span class='ocrx_word' id='word_1_145' title='bbox 281 2788 402 2850; x_wconf 89' lang='lat' dir='ltr'>natura</span> <span class='ocrx_word' id='word_1_146' title='bbox 424 2784 568 2850; x_wconf 84' lang='lat' dir='ltr'>humana</span> <span class='ocrx_word' id='word_1_147' title='bbox 591 2783 808 2868; x_wconf 81' lang='lat' dir='ltr'>componitur,</span> <span class='ocrx_word' id='word_1_148' title='bbox 839 2781 1003 2848; x_wconf 89' lang='lat' dir='ltr'>communi</span> <span class='ocrx_word' id='word_1_149' title='bbox 1032 2779 1186 2847; x_wconf 82' lang='lat' dir='ltr'>rationali</span> <span class='ocrx_word' id='word_1_150' title='bbox 1209 2779 1368 2863; x_wconf 86' lang='lat' dir='ltr'>regimine</span> <span class='ocrx_word' id='word_1_151' title='bbox 1392 2778 1434 2844; x_wconf 89' lang='lat' dir='ltr'>ad</span> <span class='ocrx_word' id='word_1_152' title='bbox 1457 2778 1528 2844; x_wconf 90' lang='lat' dir='ltr'>uni·</span> 
     </span>
     <span class='ocr_line' id='line_1_20' title="bbox 281 2873 1528 2973; baseline -0.004 -18"><span class='ocrx_word' id='word_1_153' title='bbox 281 2896 386 2958; x_wconf 90' lang='lat' dir='ltr'>tatem</span> <span class='ocrx_word' id='word_1_154' title='bbox 415 2873 608 2957; x_wconf 80' lang='lat' dir='ltr'>tendentiae</span> <span class='ocrx_word' id='word_1_155' title='bbox 638 2890 794 2973; x_wconf 87' lang='lat' dir='ltr'>colligere</span> <span class='ocrx_word' id='word_1_156' title='bbox 823 2897 859 2956; x_wconf 90' lang='lat' dir='ltr'>et</span> <span class='ocrx_word' id='word_1_157' title='bbox 889 2910 951 2972; x_wconf 91' lang='lat' dir='ltr'>ope</span> <span class='ocrx_word' id='word_1_158' title='bbox 977 2887 1106 2972; x_wconf 88' lang='lat' dir='ltr'>imperii</span> <span class='ocrx_word' id='word_1_159' title='bbox 1129 2883 1351 2970; x_wconf 88' lang='lat' dir='ltr'>psychologici</span> <span class='ocrx_word' id='word_1_160' title='bbox 1374 2885 1417 2952; x_wconf 90' lang='lat' dir='ltr'>ad</span> <span class='ocrx_word' id='word_1_161' title='bbox 1441 2905 1528 2950; x_wconf 89' lang='lat' dir='ltr'>com·</span> 
     </span>
     <span class='ocr_line' id='line_1_21' title="bbox 281 2992 1529 3079; baseline -0.005 -17"><span class='ocrx_word' id='word_1_162' title='bbox 281 3018 413 3063; x_wconf 89' lang='lat' dir='ltr'>munem</span> <span class='ocrx_word' id='word_1_163' title='bbox 444 2996 548 3064; x_wconf 90' lang='lat' dir='ltr'>totius</span> <span class='ocrx_word' id='word_1_164' title='bbox 579 2996 719 3062; x_wconf 86' lang='lat' dir='ltr'>hominis</span> <span class='ocrx_word' id='word_1_165' title='bbox 748 2998 846 3062; x_wconf 88' lang='lat' dir='ltr'>finem</span> <span class='ocrx_word' id='word_1_166' title='bbox 876 2995 1013 3062; x_wconf 87' lang='lat' dir='ltr'>realiter</span> <span class='ocrx_word' id='word_1_167' title='bbox 1043 2995 1221 3079; x_wconf 89' lang='lat' dir='ltr'>applicare,</span> <span class='ocrx_word' id='word_1_168' title='bbox 1252 2993 1300 3060; x_wconf 91' lang='lat' dir='ltr'>ita</span> <span class='ocrx_word' id='word_1_169' title='bbox 1329 2992 1362 3058; x_wconf 90' lang='lat' dir='ltr'>in</span> <span class='ocrx_word' id='word_1_170' title='bbox 1393 3011 1529 3075; x_wconf 87' lang='lat' dir='ltr'>corpore</span> 
     </span>
     <span class='ocr_line' id='line_1_22' title="bbox 281 3096 1528 3186; baseline -0.006 -16"><span class='ocrx_word' id='word_1_171' title='bbox 281 3103 397 3170; x_wconf 88' lang='lat' dir='ltr'>sociali</span> <span class='ocrx_word' id='word_1_172' title='bbox 412 3103 531 3186; x_wconf 85' lang='lat' dir='ltr'>singuli</span> <span class='ocrx_word' id='word_1_173' title='bbox 554 3102 633 3169; x_wconf 89' lang='lat' dir='ltr'>sccii</span> <span class='ocrx_word' id='word_1_174' title='bbox 649 3122 828 3185; x_wconf 90' lang='lat' dir='ltr'>eorumque</span> <span class='ocrx_word' id='word_1_175' title='bbox 843 3101 1035 3168; x_wconf 89' lang='lat' dir='ltr'>activitates</span> <span class='ocrx_word' id='word_1_176' title='bbox 1051 3121 1110 3184; x_wconf 89' lang='lat' dir='ltr'>per</span> <span class='ocrx_word' id='word_1_177' title='bbox 1126 3099 1358 3167; x_wconf 88' lang='lat' dir='ltr'>auctoritatem</span> <span class='ocrx_word' id='word_1_178' title='bbox 1374 3096 1528 3164; x_wconf 88' lang='lat' dir='ltr'>socialem</span> 
     </span>
     <span class='ocr_line' id='line_1_23' title="bbox 281 3203 1530 3276; baseline -0.006 0"><span class='ocrx_word' id='word_1_179' title='bbox 281 3209 326 3276; x_wconf 88' lang='lat' dir='ltr'>ad</span> <span class='ocrx_word' id='word_1_180' title='bbox 349 3229 553 3275; x_wconf 87' lang='lat' dir='ltr'>communem</span> <span class='ocrx_word' id='word_1_181' title='bbox 576 3208 679 3276; x_wconf 87' lang='lat' dir='ltr'>totius</span> <span class='ocrx_word' id='word_1_182' title='bbox 698 3207 868 3274; x_wconf 87' lang='lat' dir='ltr'>societatis</span> <span class='ocrx_word' id='word_1_183' title='bbox 883 3209 981 3274; x_wconf 86' lang='lat' dir='ltr'>finem</span> <span class='ocrx_word' id='word_1_184' title='bbox 998 3205 1178 3274; x_wconf 86' lang='lat' dir='ltr'>efficaciter</span> <span class='ocrx_word' id='word_1_185' title='bbox 1194 3209 1229 3272; x_wconf 91' lang='lat' dir='ltr'>et</span> <span class='ocrx_word' id='word_1_186' title='bbox 1245 3206 1436 3271; x_wconf 83' lang='lat' dir='ltr'>constanter</span> <span class='ocrx_word' id='word_1_187' title='bbox 1452 3203 1530 3268; x_wconf 92' lang='lat' dir='ltr'>diri·</span> 
     </span>
     <span class='ocr_line' id='line_1_24' title="bbox 279 3313 1529 3399; baseline -0.004 -18"><span class='ocrx_word' id='word_1_188' title='bbox 279 3319 405 3398; x_wconf 87' lang='lat' dir='ltr'>gantur</span> <span class='ocrx_word' id='word_1_189' title='bbox 427 3319 569 3399; x_wconf 87' lang='lat' dir='ltr'>oportet.</span> <span class='ocrx_word' id='word_1_190' title='bbox 616 3314 808 3382; x_wconf 80' lang='lat' dir='ltr'>Efficaciter</span> <span class='ocrx_word' id='word_1_191' title='bbox 829 3317 941 3381; x_wconf 86' lang='lat' dir='ltr'>autern</span> <span class='ocrx_word' id='word_1_192' title='bbox 964 3313 1061 3396; x_wconf 80' lang='lat' dir='ltr'>dirigi</span> <span class='ocrx_word' id='word_1_193' title='bbox 1085 3317 1119 3382; x_wconf 90' lang='lat' dir='ltr'>et</span> <span class='ocrx_word' id='word_1_194' title='bbox 1142 3313 1183 3378; x_wconf 91' lang='lat' dir='ltr'>ad</span> <span class='ocrx_word' id='word_1_195' title='bbox 1207 3313 1304 3378; x_wconf 88' lang='lat' dir='ltr'>finem</span> <span class='ocrx_word' id='word_1_196' title='bbox 1326 3330 1529 3378; x_wconf 89' lang='lat' dir='ltr'>communem</span> 
     </span>
     <span class='ocr_line' id='line_1_25' title="bbox 280 3417 1531 3505; baseline -0.006 -17"><span class='ocrx_word' id='word_1_197' title='bbox 280 3421 419 3488; x_wconf 88' lang='lat' dir='ltr'>realiter</span> <span class='ocrx_word' id='word_1_198' title='bbox 448 3425 483 3488; x_wconf 91' lang='lat' dir='ltr'>et</span> <span class='ocrx_word' id='word_1_199' title='bbox 510 3425 702 3489; x_wconf 86' lang='lat' dir='ltr'>constanter</span> <span class='ocrx_word' id='word_1_200' title='bbox 725 3420 884 3505; x_wconf 88' lang='lat' dir='ltr'>applicari</span> <span class='ocrx_word' id='word_1_201' title='bbox 908 3419 999 3486; x_wconf 89' lang='lat' dir='ltr'>entia</span> <span class='ocrx_word' id='word_1_202' title='bbox 1021 3419 1127 3486; x_wconf 89' lang='lat' dir='ltr'>libera</span> <span class='ocrx_word' id='word_1_203' title='bbox 1149 3423 1267 3501; x_wconf 88' lang='lat' dir='ltr'>suapte</span> <span class='ocrx_word' id='word_1_204' title='bbox 1289 3421 1412 3484; x_wconf 91' lang='lat' dir='ltr'>natura</span> <span class='ocrx_word' id='word_1_205' title='bbox 1434 3417 1531 3483; x_wconf 87' lang='lat' dir='ltr'>aliter</span> 
     </span>
     <span class='ocr_line' id='line_1_26' title="bbox 280 3523 1529 3613; baseline -0.002 -20"><span class='ocrx_word' id='word_1_206' title='bbox 280 3549 349 3594; x_wconf 89' lang='lat' dir='ltr'>non</span> <span class='ocrx_word' id='word_1_207' title='bbox 371 3534 510 3613; x_wconf 90' lang='lat' dir='ltr'>possunt</span> <span class='ocrx_word' id='word_1_208' title='bbox 532 3528 596 3595; x_wconf 91' lang='lat' dir='ltr'>nisi</span> <span class='ocrx_word' id='word_1_209' title='bbox 618 3528 754 3612; x_wconf 90' lang='lat' dir='ltr'>imperio</span> <span class='ocrx_word' id='word_1_210' title='bbox 776 3527 903 3607; x_wconf 86' lang='lat' dir='ltr'>morali,</span> <span class='ocrx_word' id='word_1_211' title='bbox 927 3527 948 3594; x_wconf 91' lang='lat' dir='ltr'>i.</span> <span class='ocrx_word' id='word_1_212' title='bbox 966 3548 994 3593; x_wconf 93' lang='lat' dir='ltr'>e.</span> <span class='ocrx_word' id='word_1_213' title='bbox 1011 3527 1143 3593; x_wconf 90' lang='lat' dir='ltr'>vinculo</span> <span class='ocrx_word' id='word_1_214' title='bbox 1159 3524 1370 3608; x_wconf 83' lang='lat' dir='ltr'>obligationis</span> <span class='ocrx_word' id='word_1_215' title='bbox 1386 3523 1529 3591; x_wconf 87' lang='lat' dir='ltr'>moralis.</span> 
     </span>
    </p>

    <p class='ocr_par' dir='ltr' id='par_1_6' title="bbox 281 3641 1533 4454">
     <span class='ocr_line' id='line_1_27' title="bbox 373 3641 1531 3728; baseline -0.005 -18"><span class='ocrx_word' id='word_1_216' title='bbox 373 3643 506 3728; x_wconf 74' lang='lat' dir='ltr'>Concipi</span> <span class='ocrx_word' id='word_1_217' title='bbox 535 3644 639 3726; x_wconf 89' lang='lat' dir='ltr'>igitur</span> <span class='ocrx_word' id='word_1_218' title='bbox 661 3644 761 3710; x_wconf 88' lang='lat' dir='ltr'>debet</span> <span class='ocrx_word' id='word_1_219' title='bbox 783 3642 966 3710; x_wconf 85' lang='lat' dir='ltr'>auctoritas</span> <span class='ocrx_word' id='word_1_220' title='bbox 989 3641 1121 3710; x_wconf 86' lang='lat' dir='ltr'>socialis</span> <span class='ocrx_word' id='word_1_221' title='bbox 1143 3645 1313 3724; x_wconf 86' lang='lat' dir='ltr'>tamquam</span> <span class='ocrx_word' id='word_1_222' title='bbox 1331 3642 1531 3726; x_wconf 81' lang='lat' dir='ltr'>principium</span> 
     </span>
     <span class='ocr_line' id='line_1_28' title="bbox 282 3747 1532 3838; baseline -0.006 -22"><span class='ocrx_word' id='word_1_223' title='bbox 282 3752 447 3838; x_wconf 83' lang='lat' dir='ltr'>quoddam</span> <span class='ocrx_word' id='word_1_224' title='bbox 463 3753 599 3816; x_wconf 68' lang='lat' dir='ltr'>amioum</span> <span class='ocrx_word' id='word_1_225' title='bbox 613 3751 724 3833; x_wconf 78' lang='lat' dir='ltr'>finalis</span> <span class='ocrx_word' id='word_1_226' title='bbox 740 3751 925 3816; x_wconf 81' lang='lat' dir='ltr'>directionis</span> <span class='ocrx_word' id='word_1_227' title='bbox 938 3751 1024 3814; x_wconf 77' lang='lat' dir='ltr'>anni</span> <span class='ocrx_word' id='word_1_228' title='bbox 1037 3749 1178 3814; x_wconf 66' lang='lat' dir='ltr'>sociasti</span> <span class='ocrx_word' id='word_1_229' title='bbox 1194 3769 1257 3834; x_wconf 82' lang='lat' dir='ltr'>qua</span> <span class='ocrx_word' id='word_1_230' title='bbox 1273 3749 1332 3812; x_wconf 87' lang='lat' dir='ltr'>tali</span> <span class='ocrx_word' id='word_1_231' title='bbox 1347 3747 1532 3812; x_wconf 79' lang='lat' dir='ltr'>intestinum</span> 
     </span>
     <span class='ocr_line' id='line_1_29' title="bbox 281 3851 1531 3942; baseline -0.006 -19"><span class='ocrx_word' id='word_1_232' title='bbox 281 3865 314 3923; x_wconf 82' lang='lat' dir='ltr'>et</span> <span class='ocrx_word' id='word_1_233' title='bbox 337 3858 510 3937; x_wconf 78' lang='lat' dir='ltr'>essentiale,</span> <span class='ocrx_word' id='word_1_234' title='bbox 531 3877 726 3942; x_wconf 80' lang='lat' dir='ltr'>permanens</span> <span class='ocrx_word' id='word_1_235' title='bbox 748 3864 778 3922; x_wconf 86' lang='lat' dir='ltr'>et</span> <span class='ocrx_word' id='word_1_236' title='bbox 800 3857 918 3922; x_wconf 85' lang='lat' dir='ltr'>liberas</span> <span class='ocrx_word' id='word_1_237' title='bbox 941 3857 1116 3921; x_wconf 79' lang='lat' dir='ltr'>voluntates</span> <span class='ocrx_word' id='word_1_238' title='bbox 1138 3857 1293 3920; x_wconf 82' lang='lat' dir='ltr'>sociorum</span> <span class='ocrx_word' id='word_1_239' title='bbox 1317 3853 1444 3937; x_wconf 75' lang='lat' dir='ltr'>ligandi</span> <span class='ocrx_word' id='word_1_240' title='bbox 1464 3851 1531 3934; x_wconf 78' lang='lat' dir='ltr'>cffi-</span> 
     </span>
     <span class='ocr_line' id='line_1_30' title="bbox 282 3957 1532 4048; baseline -0.004 -20"><span class='ocrx_word' id='word_1_241' title='bbox 282 3965 375 4029; x_wconf 83' lang='lat' dir='ltr'>cacia</span> <span class='ocrx_word' id='word_1_242' title='bbox 393 3965 581 4048; x_wconf 78' lang='lat' dir='ltr'>praeditum</span> <span class='ocrx_word' id='word_1_243' title='bbox 589 3987 603 4043; x_wconf 88' lang='lat'><em>;</em></span> <span class='ocrx_word' id='word_1_244' title='bbox 625 3962 712 4044; x_wconf 84' lang='lat' dir='ltr'>quod</span> <span class='ocrx_word' id='word_1_245' title='bbox 736 3962 878 4045; x_wconf 89' lang='lat' dir='ltr'>quidem,</span> <span class='ocrx_word' id='word_1_246' title='bbox 902 3959 931 4026; x_wconf 92' lang='lat' dir='ltr'>si</span> <span class='ocrx_word' id='word_1_247' title='bbox 947 3983 968 4026; x_wconf 89' lang='lat' dir='ltr'>a</span> <span class='ocrx_word' id='word_1_248' title='bbox 985 3963 1138 4027; x_wconf 91' lang='lat' dir='ltr'>concreto</span> <span class='ocrx_word' id='word_1_249' title='bbox 1155 3960 1225 4026; x_wconf 90' lang='lat' dir='ltr'>sius</span> <span class='ocrx_word' id='word_1_250' title='bbox 1242 3958 1421 4026; x_wconf 84' lang='lat' dir='ltr'>exsistendi</span> <span class='ocrx_word' id='word_1_251' title='bbox 1436 3957 1532 4023; x_wconf 90' lang='lat' dir='ltr'>modo</span> 
     </span>
     <span class='ocr_line' id='line_1_31' title="bbox 281 4062 1533 4154; baseline -0.005 -21"><span class='ocrx_word' id='word_1_252' title='bbox 281 4067 555 4154; x_wconf 89' lang='lat' dir='ltr'>praescindimus,</span> <span class='ocrx_word' id='word_1_253' title='bbox 585 4067 776 4134; x_wconf 90' lang='lat' dir='ltr'>immediate</span> <span class='ocrx_word' id='word_1_254' title='bbox 806 4066 974 4132; x_wconf 90' lang='lat' dir='ltr'>cuiusdam</span> <span class='ocrx_word' id='word_1_255' title='bbox 1006 4066 1141 4132; x_wconf 87' lang='lat' dir='ltr'>moralis</span> <span class='ocrx_word' id='word_1_256' title='bbox 1171 4063 1348 4150; x_wconf 90' lang='lat' dir='ltr'>potestatis</span> <span class='ocrx_word' id='word_1_257' title='bbox 1371 4084 1429 4129; x_wconf 89' lang='lat' dir='ltr'>seu</span> <span class='ocrx_word' id='word_1_258' title='bbox 1452 4062 1533 4128; x_wconf 90' lang='lat' dir='ltr'>iuris</span> 
     </span>
     <span class='ocr_line' id='line_1_32' title="bbox 281 4167 1532 4257; baseline -0.005 -19"><span class='ocrx_word' id='word_1_259' title='bbox 281 4173 393 4239; x_wconf 90' lang='lat' dir='ltr'>ideam</span> <span class='ocrx_word' id='word_1_260' title='bbox 416 4173 535 4257; x_wconf 90' lang='lat' dir='ltr'>gignit,</span> <span class='ocrx_word' id='word_1_261' title='bbox 560 4173 651 4239; x_wconf 90' lang='lat' dir='ltr'>cuius</span> <span class='ocrx_word' id='word_1_262' title='bbox 674 4171 839 4239; x_wconf 88' lang='lat' dir='ltr'>obiectiva</span> <span class='ocrx_word' id='word_1_263' title='bbox 862 4173 948 4238; x_wconf 90' lang='lat' dir='ltr'>ratio</span> <span class='ocrx_word' id='word_1_264' title='bbox 972 4176 1007 4238; x_wconf 89' lang='lat' dir='ltr'>et</span> <span class='ocrx_word' id='word_1_265' title='bbox 1029 4192 1184 4237; x_wconf 91' lang='lat' dir='ltr'>mensura</span> <span class='ocrx_word' id='word_1_266' title='bbox 1204 4168 1403 4236; x_wconf 90' lang='lat' dir='ltr'>acommuni</span> <span class='ocrx_word' id='word_1_267' title='bbox 1418 4167 1532 4234; x_wconf 89' lang='lat' dir='ltr'>sociali</span> 
     </span>
     <span class='ocr_line' id='line_1_33' title="bbox 282 4277 1532 4362; baseline -0.007 -14"><span class='ocrx_word' id='word_1_268' title='bbox 282 4283 351 4348; x_wconf 90' lang='lat' dir='ltr'>fine</span> <span class='ocrx_word' id='word_1_269' title='bbox 381 4281 561 4348; x_wconf 88' lang='lat' dir='ltr'>derivatur.</span> <span class='ocrx_word' id='word_1_270' title='bbox 606 4279 724 4362; x_wconf 90' lang='lat' dir='ltr'>Itaque</span> <span class='ocrx_word' id='word_1_271' title='bbox 747 4278 930 4345; x_wconf 89' lang='lat' dir='ltr'>auctoritas</span> <span class='ocrx_word' id='word_1_272' title='bbox 953 4277 1085 4344; x_wconf 87' lang='lat' dir='ltr'>socialis</span> <span class='ocrx_word' id='word_1_273' title='bbox 1109 4281 1144 4344; x_wconf 79' lang='lat' dir='ltr'>ia</span> <span class='ocrx_word' id='word_1_274' title='bbox 1167 4299 1200 4343; x_wconf 86' lang='lat' dir='ltr'>se</span> <span class='ocrx_word' id='word_1_275' title='bbox 1223 4285 1251 4342; x_wconf 91' lang='lat' dir='ltr'>et</span> <span class='ocrx_word' id='word_1_276' title='bbox 1275 4277 1431 4342; x_wconf 83' lang='lat' dir='ltr'>abstracte</span> <span class='ocrx_word' id='word_1_277' title='bbox 1455 4295 1532 4340; x_wconf 91' lang='lat' dir='ltr'>con-</span> 
     </span>
     <span class='ocr_line' id='line_1_34' title="bbox 282 4385 740 4454; baseline -0.007 -1"><span class='ocrx_word' id='word_1_278' title='bbox 282 4387 433 4454; x_wconf 87' lang='lat' dir='ltr'>siderata</span> <span class='ocrx_word' id='word_1_279' title='bbox 455 4390 546 4452; x_wconf 89' lang='lat' dir='ltr'>recte</span> <span class='ocrx_word' id='word_1_280' title='bbox 569 4385 740 4451; x_wconf 86' lang='lat' dir='ltr'>definitur:</span> 
     </span>
    </p>

    <p class='ocr_par' dir='ltr' id='par_1_7' title="bbox 284 4497 1531 4695">
     <span class='ocr_line' id='line_1_35' title="bbox 375 4497 1531 4588; baseline -0.005 -20"><span class='ocrx_word' id='word_1_281' title='bbox 375 4505 432 4569; x_wconf 83' lang='lat' dir='ltr'>Ius</span> <span class='ocrx_word' id='word_1_282' title='bbox 462 4503 627 4588; x_wconf 71' lang='lat' dir='ltr'>obligandi</span> <span class='ocrx_word' id='word_1_283' title='bbox 656 4501 797 4567; x_wconf 83' lang='lat' dir='ltr'>mambra</span> <span class='ocrx_word' id='word_1_284' title='bbox 820 4502 987 4583; x_wconf 83' lang='lat' dir='ltr'>societatis,</span> <span class='ocrx_word' id='word_1_285' title='bbox 1015 4508 1050 4565; x_wconf 85' lang='lat' dir='ltr'>ut</span> <span class='ocrx_word' id='word_1_286' title='bbox 1073 4500 1117 4564; x_wconf 87' lang='lat' dir='ltr'>ad</span> <span class='ocrx_word' id='word_1_287' title='bbox 1141 4497 1256 4564; x_wconf 79' lang='lat' dir='ltr'>bonum</span> <span class='ocrx_word' id='word_1_288' title='bbox 1279 4519 1440 4563; x_wconf 82' lang='lat' dir='ltr'>commune</span> <span class='ocrx_word' id='word_1_289' title='bbox 1462 4499 1531 4562; x_wconf 87' lang='lat' dir='ltr'>suis</span> 
     </span>
     <span class='ocr_line' id='line_1_36' title="bbox 284 4612 625 4695; baseline -0.012 -16"><span class='ocrx_word' id='word_1_290' title='bbox 284 4612 411 4679; x_wconf 83' lang='lat' dir='ltr'>actibus</span> <span class='ocrx_word' id='word_1_291' title='bbox 434 4612 625 4695; x_wconf 74' lang='lat' dir='ltr'>conspirent.</span> 
     </span>
    </p>
   </div>
   <div class='ocr_carea' id='block_1_6' title="bbox 282 4759 1535 5065">
    <p class='ocr_par' dir='ltr' id='par_1_8' title="bbox 282 4759 1535 5065">
     <span class='ocr_line' id='line_1_37' title="bbox 282 4759 1534 4840; baseline -0.009 -3"><span class='ocrx_word' id='word_1_292' title='bbox 282 4767 353 4840; x_wconf 80' lang='lat'><strong>351.</strong></span> <span class='ocrx_word' id='word_1_293' title='bbox 444 4767 568 4833; x_wconf 87' lang='lat' dir='ltr'>Verum</span> <span class='ocrx_word' id='word_1_294' title='bbox 594 4765 627 4830; x_wconf 90' lang='lat' dir='ltr'>in</span> <span class='ocrx_word' id='word_1_295' title='bbox 654 4764 815 4832; x_wconf 89' lang='lat' dir='ltr'>societate</span> <span class='ocrx_word' id='word_1_296' title='bbox 845 4762 929 4829; x_wconf 87' lang='lat' dir='ltr'>reali</span> <span class='ocrx_word' id='word_1_297' title='bbox 959 4763 1143 4830; x_wconf 88' lang='lat' dir='ltr'>auctoritas</span> <span class='ocrx_word' id='word_1_298' title='bbox 1178 4761 1331 4828; x_wconf 89' lang='lat' dir='ltr'>similiter</span> <span class='ocrx_word' id='word_1_299' title='bbox 1364 4759 1462 4826; x_wconf 89' lang='lat' dir='ltr'>realis</span> <span class='ocrx_word' id='word_1_300' title='bbox 1489 4759 1534 4826; x_wconf 90' lang='lat' dir='ltr'>sit</span> 
     </span>
     <span class='ocr_line' id='line_1_38' title="bbox 283 4866 1535 4960; baseline -0.008 -18"><span class='ocrx_word' id='word_1_301' title='bbox 283 4878 430 4960; x_wconf 89' lang='lat' dir='ltr'>oportet,</span> <span class='ocrx_word' id='word_1_302' title='bbox 459 4875 483 4955; x_wconf 82' lang='lat' dir='ltr'>i.¹</span> <span class='ocrx_word' id='word_1_303' title='bbox 506 4895 533 4940; x_wconf 90' lang='lat' dir='ltr'>e.</span> <span class='ocrx_word' id='word_1_304' title='bbox 558 4871 731 4938; x_wconf 88' lang='lat' dir='ltr'>inhaerere</span> <span class='ocrx_word' id='word_1_305' title='bbox 760 4871 859 4939; x_wconf 90' lang='lat' dir='ltr'>debet</span> <span class='ocrx_word' id='word_1_306' title='bbox 889 4869 988 4937; x_wconf 91' lang='lat' dir='ltr'>alicui</span> <span class='ocrx_word' id='word_1_307' title='bbox 1014 4873 1097 4937; x_wconf 81' lang='lat' dir='ltr'>reati</span> <span class='ocrx_word' id='word_1_308' title='bbox 1120 4870 1256 4936; x_wconf 82' lang='lat' dir='ltr'>subiecto</span> <span class='ocrx_word' id='word_1_309' title='bbox 1279 4871 1442 4935; x_wconf 78' lang='lat' dir='ltr'>rationali.</span> <span class='ocrx_word' id='word_1_310' title='bbox 1490 4866 1535 4932; x_wconf 78' lang='lat' dir='ltr'>ut</span> 
     </span>
     <span class='ocr_line' id='line_1_39' title="bbox 284 4972 1535 5065; baseline -0.007 -18"><span class='ocrx_word' id='word_1_311' title='bbox 284 4979 442 5065; x_wconf 89' lang='lat' dir='ltr'>quoniam</span> <span class='ocrx_word' id='word_1_312' title='bbox 465 4978 657 5057; x_wconf 90' lang='lat' dir='ltr'>auctoritas,</span> <span class='ocrx_word' id='word_1_313' title='bbox 682 4981 798 5062; x_wconf 91' lang='lat' dir='ltr'>utpote</span> <span class='ocrx_word' id='word_1_314' title='bbox 820 4976 1015 5062; x_wconf 82' lang='lat' dir='ltr'>principium</span> <span class='ocrx_word' id='word_1_315' title='bbox 1039 4975 1176 5042; x_wconf 90' lang='lat' dir='ltr'>unitatis</span> <span class='ocrx_word' id='word_1_316' title='bbox 1199 4973 1340 5054; x_wconf 85' lang='lat' dir='ltr'>socialis,</span> <span class='ocrx_word' id='word_1_317' title='bbox 1364 4973 1398 5038; x_wconf 90' lang='lat' dir='ltr'>in</span> <span class='ocrx_word' id='word_1_318' title='bbox 1417 4972 1535 5057; x_wconf 87' lang='lat' dir='ltr'>quavis</span> 
     </span>
    </p>
   </div>
   <div class='ocr_carea' id='block_1_7' title="bbox 0 0 1970 5842">
    <p class='ocr_par' dir='ltr' id='par_1_9' title="bbox 0 0 1970 5842">
     <span class='ocr_line' id='line_1_40' title="bbox 0 0 1970 5842; baseline 0 0"><span class='ocrx_word' id='word_1_319' title='bbox 0 0 1970 5842; x_wconf 95' lang='lat' dir='ltr'> </span> 
     </span>
    </p>
   </div>
  </div>
 </body>
</html>
