3909 5842
431 699 496 765 418
650 694 739 750 Sectis
758 695 793 751 Il.
830 694 910 749 Liber
928 695 963 749 11.
1001 694 1091 767 Caput
1108 697 1144 752 IL
1181 695 1322 751 Articulua
1340 696 1365 750 2.
1403 696 1464 764 51.

520 875 630 957 Atque
646 872 720 938 hino
740 872 861 956 duplex
877 872 1092 956 distinguitur
1107 871 1283 955 legislatio,
1301 872 1525 939 essentialiter
1539 874 1686 947 diversa,

431 982 539 1048 altera
568 984 708 1056 interno,
739 981 851 1063 ethica,
882 980 990 1045 altera
1014 988 1155 1063 emano,
1178 980 1321 1045 iuridica
1330 981 1353 1046 ¹.
1400 978 1484 1044 Huic
1508 986 1687 1047 externam

431 1090 620 1173 legalitatem
654 1085 832 1151 secundum
868 1084 1083 1164 coactionem,
1115 1084 1164 1150 illi
1198 1085 1362 1151 internam
1394 1088 1611 1152 moralitatem
1644 1109 1687 1153 er

372 1245 374 1251 .
430 1194 554 1260 motivo
577 1191 695 1271 ethico,
719 1192 740 1259 i.
765 1214 793 1259 e.
818 1212 860 1257 ex
883 1192 1072 1257 reverentia
1094 1192 1178 1275 legis
1201 1190 1368 1273 (rationis)
1391 1195 1612 1275 respondere:
1635 1194 1687 1259 of-

430 1300 505 1366 ficia
535 1300 678 1365 iuridicc
708 1320 773 1364 non
800 1298 864 1364 nisi
887 1303 1037 1376 externa,
1071 1300 1173 1364 ethico
1204 1302 1316 1364 autem
1345 1301 1415 1364 turn
1445 1298 1582 1365 interna
1614 1304 1686 1365 tum

431 1406 589 1471 eiusmodi
621 1426 704 1482 esse,
737 1426 822 1488 quae
852 1405 951 1471 etiarn
984 1405 1027 1471 ad
1057 1410 1213 1471 externas
1244 1406 1391 1472 actiones
1420 1426 1457 1470 se
1486 1406 1686 1479 extendant,

432 1514 595 1594 quatenus
626 1511 660 1577 in
690 1510 730 1576 iis
753 1511 858 1576 solum
889 1510 1032 1577 officium
1063 1510 1188 1576 morale
1218 1514 1256 1575 ut
1281 1510 1441 1575 motivum
1463 1511 1685 1595 respiciatur:

430 1618 529 1683 immo
560 1617 691 1699 singula
721 1616 829 1683 officia
855 1639 916 1702 per
946 1639 978 1683 se
1009 1618 1152 1682 incidire
1182 1637 1280 1700 posse
1308 1615 1380 1681 fieri
1409 1616 1543 1683 aliunde
1572 1619 1685 1694 atim,

430 1728 593 1807 quatenus
624 1722 751 1789 scilicet
783 1744 842 1807 per
875 1722 1041 1790 internam
1072 1723 1246 1805 legiferam
1276 1723 1509 1790 auctoritatem
1543 1725 1686 1791 rationis

430 1830 526 1896 simul
557 1830 598 1895 ad
629 1850 701 1903 eam
733 1829 928 1912 dignitatem
958 1829 1140 1895 eleventur.
1191 1829 1288 1895 Unde
1315 1830 1489 1911 collegitur
1518 1829 1684 1895 rationem

431 1935 626 2002 discriminis
650 1936 737 2002 inter
760 1936 906 2001 ordinem
931 1936 1063 2001 atticam
1087 1939 1122 2001 et
1144 1937 1319 2001 iuridieum
1341 1956 1408 2001 non
1430 1939 1500 2000 tam
1521 1935 1558 2000 in
1574 1936 1685 2001 diver-

431 2042 531 2108 sitate
553 2042 730 2126 officiorum
754 2062 853 2125 quam
875 2042 909 2107 in
934 2042 1130 2108 diversitate
1153 2044 1361 2126 legislationis
1376 2040 1517 2123 (scilicet
1532 2042 1686 2108 internae

431 2150 484 2214 vel
517 2148 689 2231 externae)
714 2148 903 2227 consistere,
934 2148 988 2213 cui
1014 2148 1072 2215 illa
1095 2148 1333 2233 respondeant;
1363 2152 1401 2215 ut
1424 2150 1507 2213 adeo
1532 2148 1591 2213 vel
1615 2149 1685 2233 ipsa
1773 2179 1774 2182 ¹

431 2256 486 2321 lex
510 2276 530 2321 a
554 2254 665 2320 divina
689 2254 862 2321 voluntate
885 2256 1077 2339 procedens,
1101 2276 1173 2321 cum
1198 2254 1243 2322 sit
1267 2263 1397 2322 erma
1415 2256 1684 2338 (heteronomia),
1773 2293 1775 2349 ζ

430 2362 677 2446 aproprietate
707 2363 826 2428 citicae
854 2361 1074 2444 legislationis
1104 2362 1332 2427 excludatur2.
1379 2360 1426 2426 At
1454 2380 1536 2426 vero
1568 2363 1683 2428 eadem

431 2468 608 2533 secundum
631 2467 745 2534 Kantii
777 2467 1020 2535 distinctionem
1050 2490 1157 2550 neque
1186 2489 1265 2535 vere
1296 2470 1439 2535 iuridieo
1461 2488 1537 2533 esse
1561 2473 1683 2553 potest,
1773 2504 1775 2564 g

430 2574 550 2659 quippe
565 2595 660 2656 quae,
684 2573 763 2641 licet
777 2597 837 2659 per
852 2596 946 2641 snam
962 2574 1165 2641 sanctionem
1181 2574 1425 2658 pathologicam
1441 2574 1683 2656 quodammodo
1773 2582 1775 2666 ξ

430 2680 580 2746 coactiva
603 2682 657 2759 sit,
682 2700 747 2745 non
770 2702 894 2747 meram
917 2686 1029 2748 temen
1052 2681 1269 2763 legalitatem,
1293 2681 1351 2745 sed
1366 2680 1532 2747 internam
1549 2683 1682 2747 morali·

431 2790 536 2852 tatem
561 2786 674 2869 exigit.
1773 2785 1775 2788 ’

431 2923 501 2995 520.
592 2927 709 3009 Itaque
741 2928 815 2992 idea
845 2930 927 2993 iuris
950 2927 1119 2994 Kantiana
1145 2930 1257 3015 tepolis
1281 2930 1450 2995 cuiusdam
1473 2932 1683 2996 mechanismi
1773 2934 1775 2968 ἱ

430 3032 571 3116 speciem
601 3032 714 3112 refert,
749 3054 811 3117 quo
844 3034 1048 3117 singulorum
1078 3034 1244 3100 hominum
1277 3038 1416 3102 externa
1443 3034 1585 3101 libertas
1610 3058 1680 3101 curn
1773 3048 1775 3126 p

429 3139 501 3223 pari
531 3138 668 3205 aliorum
700 3140 864 3205 hominum
896 3140 1165 3206 coexsistentium
1198 3141 1352 3206 libertate
1382 3142 1534 3225 componi
1566 3142 1677 3226 possit.

429 3245 482 3311 Sic
506 3246 591 3311 enirn
614 3246 664 3310 ius
688 3244 865 3311 universim
889 3245 1010 3311 abillo
1035 3249 1205 3331 definitur:

565 3362 641 3444 „Ius
666 3369 709 3426 eet
733 3363 909 3445 cornpleorus
933 3383 1045 3427 earum
1068 3362 1303 3443 condicionum,
1327 3362 1385 3425 sub
1409 3361 1525 3448 quibus
1549 3364 1679 3429 liberios
1773 3419 1775 3441 ,

433 3476 434 3481 ’
517 3470 615 3533 unius
639 3492 709 3534 eum
732 3470 874 3535 libertate
898 3472 1031 3534 ulterius
1054 3472 1228 3535 secundum
1244 3472 1340 3555 legem
1355 3472 1572 3537 universalem
1587 3475 1678 3539 liber·
1773 3481 1775 3494 '

517 3577 592 3638 tatis
615 3576 799 3641 ter-mercios
821 3578 917 3641 simul
939 3578 1109 3641 subsistere
1127 3575 1286 3661 potest.“³

517 3688 619 3753 Porro
652 3690 804 3771 quoniam
835 3711 929 3756 omne
960 3691 1111 3757 strictum
1142 3691 1193 3756 ius
1224 3691 1407 3758 coactivum
1438 3712 1512 3758 esse
1536 3699 1679 3762 constat.

429 3792 510 3858 haec
534 3794 710 3877 explicatio
735 3796 957 3878 subiungitur:

520 4046 527 4077 ¹
550 4044 705 4119 ,Diejenige
727 4044 970 4113 (Gesetzgebung),
990 4045 1093 4099 welche
1111 4046 1172 4099 eine
1184 4046 1333 4115 Handlung
1350 4065 1399 4100 zur
1410 4047 1512 4102 Pllioht
1530 4050 1587 4103 und
1605 4050 1680 4103 disse

428 4132 529 4188 Pflicht
548 4132 670 4201 zugleich
691 4151 739 4188 zur
758 4134 916 4188 Triebieder
935 4134 1037 4198 nracht,
1057 4135 1095 4188 ist
1113 4136 1228 4202 ahiae&
1254 4135 1388 4206 diejenige
1407 4136 1487 4200 aber,
1506 4138 1613 4193 welche
1632 4140 1679 4193 des
1773 4171 1774 4174 =

427 4222 540 4276 lctztsro
559 4221 635 4277 nicht
654 4223 689 4276 im
712 4222 828 4277 Gesetze
846 4222 897 4276 mit
917 4222 1098 4288 einsohliesat,
1117 4223 1215 4277 mithin
1234 4224 1304 4277 auch
1324 4224 1384 4277 eine
1402 4225 1503 4279 andere
1519 4226 1680 4281 Triebfeder
1773 4231 1774 4234 ’

428 4310 469 4365 als
489 4310 531 4365 die
550 4311 613 4365 ldee
633 4312 680 4365 der
701 4312 801 4365 Pflicht
818 4311 905 4365 selbst
924 4312 1036 4375 cultant,
1055 4312 1093 4365 ist
1110 4314 1268 4366 inrideri!
1309 4312 1338 4367 L.
1358 4330 1382 4367 c.
1401 4314 1441 4367 Ill
1461 4314 1499 4381 (V
1520 4316 1576 4384 lii).

518 4400 528 4432 ²
550 4398 599 4465 ,So
618 4399 692 4453 kann
713 4399 756 4453 dio
775 4400 889 4452 ethiacire
903 4398 1114 4467 Gesetzgebnng
1133 4400 1213 4453 lisine
1227 4407 1338 4454 iussere
1358 4403 1449 4466 (setosi
1462 4405 1535 4457 nielli
1552 4406 1598 4458 die
1608 4411 1679 4458 eim

425 4490 566 4557 pdttliciien
580 4490 703 4554 li's'ilens)
723 4489 789 4553 sein,
808 4488 842 4542 ob
862 4489 901 4542 aie
915 4505 987 4541 zwar
1006 4488 1050 4541 die
1062 4488 1205 4553 Pfliohten,
1225 4488 1269 4542 die
1282 4490 1332 4541 aul
1341 4489 1417 4543 einer
1429 4490 1540 4555 andem,
1557 4492 1678 4545 namlielr

427 4584 540 4632 tussern
560 4578 771 4646 Gesetzgebung
796 4575 931 4643 beruhen,
958 4578 1001 4631 als
1019 4577 1151 4631 Pfiichteu
1176 4577 1204 4631 in
1226 4578 1286 4631 ihre
1305 4576 1516 4647 Gesatzgebung
1533 4596 1568 4633 zu
1586 4579 1678 4634 Tristi

427 4666 521 4720 sedern
541 4667 708 4721 anlnimmt.“
749 4665 778 4720 L.
798 4684 820 4721 c.
840 4667 879 4719 ΙΙΙ
900 4665 938 4735 (p.
961 4667 1015 4734 19).

517 4754 527 4785 ³
549 4754 620 4820 ,Das
638 4754 726 4807 Recht
744 4753 782 4807 ist
800 4754 848 4807 der
862 4753 994 4821 lnbegriff
1010 4754 1059 4807 der
1071 4754 1276 4822 Bedingungen,
1295 4760 1376 4809 unier
1394 4755 1481 4810 denen
1500 4755 1543 4809 dio
1556 4754 1678 4810 Willlrdr

427 4842 475 4895 des
501 4842 578 4897 einen
603 4844 654 4897 mit
679 4844 727 4897 der
745 4841 866 4897 Willlrilr
892 4843 939 4896 des
958 4844 1061 4897 andern
1086 4842 1157 4897 nach
1183 4844 1271 4897 einem
1296 4843 1477 4912 allgemelnen
1496 4846 1611 4900 Gasetze
1628 4847 1679 4899 der

427 4929 546 4985 Freiheit
571 4948 727 4986 zusammen
746 4930 883 5000 vereinigt
902 4932 1012 4985 werden
1037 4931 1135 4985 kann!
1176 4932 1205 4985 L.
1225 4950 1248 4986 o.
1269 4932 1428 5001 Einleitung
1452 4934 1481 4986 in
1501 4934 1545 4987 die
1563 4932 1678 4988 Rechts·

426 5019 510 5085 lehre,
529 5020 545 5087 §
564 5020 587 5073 B
608 5021 644 5090 (ρ.
665 5020 722 5087 30).
