3909 5842
466 679 506 734 De
525 679 736 752 imputabilitate
755 679 910 747 affectuum,
929 680 975 750 qni
995 697 1058 735 cam
1076 680 1183 734 actione
1202 683 1388 736 conectuntur.
1488 683 1550 748 177

289 863 335 931 in
364 865 536 950 praesenti
566 886 644 932 casu
676 866 762 932 omni
792 866 906 932 valore
936 871 1040 932 caret.
1085 867 1171 931 Nom
1202 865 1265 932 etsi
1295 869 1385 932 recte
1416 865 1552 932 dicitur:

291 973 408 1038 solam
430 973 672 1038 advertentiam
696 971 738 1038 ad
761 972 883 1038 malum
908 971 1030 1038 actioni
1045 971 1220 1038 inhaerens
1235 971 1397 1051 sufficere,
1421 973 1552 1038 utillud

292 1077 418 1161 agenti
441 1078 558 1145 merito
582 1078 771 1164 imputetur,
795 1078 828 1144 id
851 1078 956 1164 ipsum
979 1082 1092 1144 tanim
1116 1078 1204 1144 aliud
1222 1077 1472 1145 fundamentum
1487 1100 1553 1145 non

292 1183 406 1252 hahet
428 1184 489 1250 nisi
514 1205 719 1250 communem
741 1184 949 1269 hypothesin,
974 1205 1039 1267 qua
1066 1185 1288 1267 unusquisqne
1314 1187 1451 1271 obtipcri
1477 1206 1553 1251 cen·

295 1297 397 1358 satur
428 1312 523 1358 omne
553 1291 675 1358 malum
708 1291 875 1375 cognitum
906 1291 1062 1371 actionis,
1095 1295 1252 1374 quantum
1283 1312 1304 1356 a
1333 1312 1369 1357 11
1398 1291 1551 1376 pendeat,

298 1397 487 1474 declinare;
516 1397 634 1482 quippe
650 1397 906 1481 intellegendum
930 1401 983 1463 est
1005 1398 1046 1464 de
1067 1400 1152 1463 molo
1175 1400 1299 1481 moreti,
1324 1397 1410 1479 quod
1433 1397 1487 1462 vel
1511 1417 1553 1462 ex

299 1503 434 1570 obiecto
465 1505 518 1570 vel
548 1505 613 1569 fine
644 1504 698 1570 vel
728 1503 984 1570 circumstantiis
1014 1507 1117 1589 ipsam
1146 1507 1299 1569 actionem
1322 1514 1404 1569 certo
1426 1505 1555 1588 inficere

300 1610 501 1694 supponitur
524 1609 613 1693 (vide
636 1633 667 1677 n.
695 1613 769 1688 197,
794 1611 905 1677 coroll.
931 1609 975 1693 3).
1023 1613 1119 1696 Atqui
1140 1611 1257 1694 regula
1279 1609 1313 1675 in
1335 1609 1421 1676 thesi
1451 1631 1553 1676 enun-

301 1715 390 1782 tiata
414 1717 536 1784 diserte
560 1717 741 1783 condicioni
764 1717 999 1799 adstringitur,
1025 1716 1111 1799 quod
1130 1737 1234 1799 agens
1255 1716 1379 1782 malum
1402 1717 1553 1782 effectum

303 1826 476 1906 tamquam
499 1823 621 1890 actioni
643 1825 813 1891 moraliter
836 1825 1059 1891 extrinsecum
1082 1823 1240 1908 impedire
1270 1845 1354 1905 ,non
1376 1821 1553 1890 teneatur·“.

305 1931 394 2016 Erpo
409 1930 470 1995 suh
490 1930 605 1996 eadem
628 1930 817 1996 condicione
840 1931 931 1997 nulla
953 1930 1040 1997 rat-io
1060 1929 1168 2006 datur,
1193 1930 1234 1996 oh
1251 1950 1347 2012 quam
1365 1927 1421 1994 ille
1437 1929 1554 1992 volun-

305 2035 467 2102 1111111111
492 2057 592 2103 causa
616 2036 680 2102 dici
703 2041 812 2119 queat.

395 2193 556 2266 Probatur
577 2211 654 2286 pars
677 2193 716 2264 ΙΙ.
762 2197 802 2262 In
833 2217 909 2262 cocu
935 2199 1133 2281 particulari
1159 2204 1223 2261 1111
1253 2197 1288 2260 in
1318 2196 1399 2260 111111
1428 2215 1554 2258 enume-

306 2312 399 2368 rotue
429 2303 628 2368 condiciones
661 2303 844 2384 (collective)
873 2306 1087 2388 requiruntur
1118 2309 1145 2367 et
1174 2301 1349 2384 sufficiunt,
1382 2305 1420 2366 ut
1452 2319 1555 2381 agens

306 2409 428 2474 malum
453 2409 606 2474 effectum
628 2407 770 2492 positive
792 2409 949 2492 impedire
973 2430 1038 2474 non
1061 2413 1225 2475 teneatur.

396 2533 437 2599 A.
461 2533 692 2617 Requirentur.
739 2531 784 2598 Et
807 2532 954 2616 quidem:
990 2536 1020 2598 1.
1048 2533 1087 2598 Ut
1111 2535 1191 2598 ectio
1210 2555 1272 2617 per
1293 2553 1327 2596 se
1353 2537 1490 2616 epectmo
1514 2531 1556 2593 cit

307 2641 389 2704 hono
420 2639 466 2703 oet
495 2640 606 2704 saltem
635 2638 837 2722 indifferens.
890 2640 977 2704 Nom
1008 2638 1095 2704 actio
1125 2661 1184 2724 per
1215 2660 1247 2703 ee
1279 2637 1367 2703 mala
1399 2657 1438 2702 eo
1472 2635 1554 2719 ipso,

308 2745 393 2830 quod
419 2748 471 2811 est
493 2745 559 2810 iam
582 2765 642 2828 per
657 2765 693 2811 se
708 2745 834 2824 illicita,
859 2745 923 2812 erit
939 2745 1040 2811 etiam
1058 2767 1090 2811 eo
1105 2748 1208 2831 mepte
1223 2747 1346 2826 illicite,
1370 2764 1434 2826 quo
1449 2743 1555 2826 magis

307 2853 404 2918 simul
428 2857 481 2918 est
504 2872 605 2917 causa
627 2851 764 2918 effectus
786 2851 874 2931 mali,
899 2856 936 2918 ut
959 2856 1062 2936 patet.

398 2971 429 3035 2.
455 2969 493 3034 Ut
514 2989 580 3033 non
602 2969 695 3033 unice
718 2969 763 3032 ed
786 2967 928 3050 effectum
951 2971 1082 3046 malurn,
1106 2969 1163 3031 aed
1180 2990 1218 3032 erc
1233 2974 1353 3032 nutura
1369 2987 1431 3030 suu
1446 2967 1556 3031 11111111

309 3099 408 3162 oeque
439 3075 672 3140 immediate
703 3077 748 3140 ad
778 3075 918 3158 effectum
943 3077 1058 3141 honum
1081 3077 1259 3158 ordinetur,
1290 3075 1330 3139 oh
1361 3080 1471 3159 epente
1499 3095 1556 3138 aue

309 3186 380 3248 iure
404 3185 567 3248 intentum.
600 3181 745 3247 Necesse
769 3186 821 3248 est
844 3181 940 3262 enim,
964 3186 1002 3247 ut
1025 3202 1138 3265 agens,
1162 3180 1238 3246 dum
1262 3181 1413 3245 effectum
1435 3178 1555 3244 malum

308 3310 373 3354 non
403 3287 561 3366 intendit,
594 3287 652 3352 sed
681 3287 860 3372 permittit,
893 3288 1016 3353 habeat
1044 3290 1140 3373 finem
1170 3287 1285 3353 benum
1316 3293 1344 3351 et
1373 3287 1554 3372 tepitimum,

310 3417 406 3478 quem
429 3397 500 3460 iure
523 3395 694 3460 intendere
719 3397 752 3460 11
776 3394 818 3460 ad
842 3415 936 3477 quem
960 3415 1054 3460 suam
1077 3393 1240 3460 actionem
1261 3397 1430 3476 tamqnam
1446 3413 1506 3476 per
1520 3412 1556 3456 se

308 3503 493 3586 legitimum
523 3499 664 3566 medium
696 3501 809 3566 eodem
833 3500 904 3566 iure
928 3501 1079 3566 ordinare
1102 3499 1215 3584 possit.
1262 3499 1334 3565 Hoc
1358 3501 1469 3564 autem
1491 3519 1555 3562 non

310 3613 432 3696 posset,
463 3609 491 3673 si
520 3611 567 3674 cet
597 3609 733 3674 effectus
760 3608 864 3673 bonus
887 3608 993 3672 solum
1016 3629 1076 3692 per
1099 3607 1251 3673 accidens
1275 3609 1310 3672 et
1332 3608 1467 3682 remote,
1498 3604 1554 3670 sel.

309 3717 468 3782 mediante
490 3715 584 3796 molo,
609 3735 651 3780 ex
675 3714 804 3780 actione
826 3713 1032 3798 proveniret;
1058 3713 1134 3796 quia
1156 3712 1251 3778 nefas
1275 3716 1326 3778 est
1348 3711 1435 3776 velle
1458 3713 1556 3777 finem

309 3823 431 3888 honum
459 3843 517 3906 per
545 3820 687 3886 medium
717 3821 856 3898 malum,
889 3823 936 3887 cel
965 3819 993 3885 si
1024 3821 1065 3886 ad
1095 3822 1192 3885 finem
1224 3819 1412 3901 ceteroquin
1436 3818 1557 3883 bonum

311 3927 421 4011 aliqua
444 3947 487 3992 ex
511 3947 613 3992 causa
632 3926 683 3992 ius
707 3947 771 3992 non
794 3927 948 4004 haberet,
980 3925 1131 4009 qnoniam
1160 3945 1199 3990 eo
1222 3924 1293 4009 ipso
1317 3923 1417 3990 etiam
1440 3923 1491 3988 ius
1515 3923 1557 3988 ad

310 4034 452 4100 medium
477 4035 642 4100 deficeret.

401 4152 431 4216 3.
463 4149 503 4215 Ut
525 4149 636 4214 lechito
661 4151 866 4234 proportione
896 4150 978 4228 honi,
1012 4149 1097 4233 quod
1128 4148 1262 4233 lepitime
1290 4146 1481 4227 intenditur,
1513 4147 1559 4210 ud

310 4261 439 4338 motum,
465 4257 550 4342 quod
570 4257 776 4342 permittitur,
801 4277 864 4320 non
889 4257 970 4320 desit
992 4256 1077 4318 ratio
1101 4253 1265 4336 sufficiens
1285 4254 1392 4336 operti
1413 4274 1471 4317 auo
1487 4254 1558 4317 iure

310 4365 432 4430 utendi.
479 4361 565 4427 Num
595 4365 633 4428 ut
659 4361 769 4443 aliqua
792 4360 879 4426 actio
902 4360 936 4425 in
959 4359 1152 4444 particulari
1175 4357 1367 4442 simpliciter
1388 4357 1480 4422 licita
1503 4357 1557 4434 sit,

311 4491 375 4536 non
407 4467 539 4546 sufficit,
570 4469 607 4532 ut
638 4487 740 4550 agens
765 4487 838 4532 eam
861 4466 1002 4550 ponendi
1032 4465 1083 4530 ius
1107 4464 1238 4542 habeat,
1269 4463 1327 4528 sed
1350 4462 1483 4546 insuper
1505 4485 1557 4529 11-

312 4574 461 4659 quiritur,
487 4579 524 4640 at
547 4573 627 4638 nihil
650 4573 746 4652 obsit,
771 4573 857 4655 quod
880 4595 974 4638 usum
997 4572 1092 4637 huius
1115 4570 1195 4635 iuris
1217 4571 1250 4634 in
1272 4590 1351 4634 casu
1366 4569 1557 4652 particulari

311 4681 462 4748 illicitum
484 4681 613 4748 reddat.
660 4681 731 4747 lam
754 4703 826 4746 cero
849 4680 883 4745 in
906 4699 942 4744 re
967 4678 1135 4762 praesenti
1159 4681 1210 4744 ten
1232 4677 1399 4742 charitatis
1422 4681 1456 4743 et
1476 4701 1558 4764 pru·

313 4791 417 4854 dentis
440 4787 668 4852 moderaminis
692 4807 786 4852 usum
808 4785 888 4851 iuris
912 4785 1061 4852 illicitum
1077 4784 1195 4863 reddit,
1219 4785 1286 4848 uisi
1301 4781 1462 4848 obiectum
1478 4783 1558 4849 iuris

312 4915 370 4960 seu
392 4893 523 4970 bonum,
548 4892 634 4974 quod
657 4893 854 4972 intenditur,
880 4895 915 4958 in
939 4893 1174 4976 comparatione
1197 4910 1270 4954 oum
1295 4888 1382 4953 malo
1406 4891 1557 4972 praeviso

312 5003 374 5067 tole
396 4999 449 5078 sit,
476 4999 560 5081 quod
583 5019 662 5064 vere
685 5021 821 5082 gravem
844 4999 924 5064 illud
947 4997 1160 5083 permittendi
1183 4995 1344 5063 rationem
1368 4996 1557 5063 constituat.

364 5109 472 5162 noyer,
486 5110 525 5150 nn
539 5109 652 5152 naturae.
670 5110 688 5153 1.
705 5110 746 5151 nn.
760 5111 779 5152 1.
1318 5099 1352 5153 12
