3909 5842
466 715 530 779 372
739 705 828 761 Sectio
847 705 882 760 11.
918 705 1000 760 Liber
1016 705 1051 759 ΙΙ.
1089 703 1178 776 Caput
1195 706 1215 759 1.
1253 703 1396 758 Atticulae
1419 705 1445 757 l.

465 888 536 960 438.
627 887 696 954 1110.
721 888 778 952 lus
801 885 959 972 eipnificet
977 886 1129 950 moralem
1143 905 1197 949 eeu
1214 885 1384 970 teqdimom
1398 891 1605 968 potestatem
1620 883 1719 962 (rolr-

465 997 544 1060 liote
574 993 756 1078 Befeqoie).
807 991 897 1057 Haec
928 990 1031 1057 tertia
1059 989 1139 1056 iuris
1168 991 1316 1075 acceptio
1347 989 1554 1072 quotidiano
1589 1013 1653 1056 usu
1674 1013 1719 1056 ua

466 1100 603 1176 tissima,
637 1100 665 1166 si
697 1099 803 1165 obiter
833 1097 1076 1175 consideratur,
1110 1097 1151 1162 ab
1178 1101 1319 1178 utraque
1345 1096 1586 1180 praecedente
1614 1120 1674 1182 per

465 1205 655 1289 longissime
690 1206 886 1289 discrepare,
922 1203 1022 1269 immo
1046 1203 1175 1286 utrique
1198 1202 1406 1285 aliquatenus
1431 1203 1569 1287 opponi
1595 1206 1713 1271 videtu

466 1313 628 1380 Nimirum

558 1425 585 1488 1.
617 1420 672 1485 Ius
702 1418 772 1484 sive
802 1439 862 1502 pro
893 1417 979 1482 iusto
1010 1416 1082 1481 sive
1110 1437 1170 1500 pro
1193 1417 1269 1499 lege
1292 1422 1469 1500 acceptum
1494 1417 1657 1502 aliquam
1678 1421 1719 1484 ot

466 1528 619 1596 ieetivam
652 1528 871 1612 obliqotiooem
904 1523 1059 1601 denotat,
1092 1543 1158 1606 qua
1189 1523 1332 1588 humana
1366 1523 1513 1589 libertas
1548 1526 1718 1608 restringe·

465 1638 536 1712 tur;
568 1634 618 1700 ius
648 1653 713 1715 que
743 1635 892 1716 potestas
922 1633 1039 1696 contra
1068 1628 1103 1694 in
1129 1630 1307 1696 asserenda
1336 1629 1449 1712 aliqua
1480 1635 1619 1698 morati
1641 1636 1717 1698 litco

466 1749 529 1808 tata
564 1743 598 1806 et
632 1743 769 1806 eatenus
807 1735 1045 1822 quodammodo
1078 1735 1113 1801 in
1147 1735 1258 1818 aliqua
1290 1735 1470 1817 negatione
1511 1740 1717 1823 obligationi

465 1850 627 1913 versetur.

556 1955 586 2020 2.
617 1951 741 2018 Iustum
774 1957 801 2014 et
824 1953 874 2016 loe
896 1949 927 2014 in
953 1969 993 2013 eo
1017 1949 1226 2026 conveniunt,
1257 1949 1342 2031 quod
1371 1948 1454 2014 iuris
1485 1949 1651 2019 indolem
1676 1975 1717 2018 ex·

465 2059 578 2126 hibent
607 2081 692 2124 more
723 2057 924 2122 obiectioom:
951 2064 1092 2142 potestas
1123 2076 1202 2121 vero
1236 2076 1309 2121 cum
1341 2055 1458 2121 eadam
1490 2057 1716 2126 obiectiviten

467 2165 673 2232 coniunctum
697 2163 798 2229 habet
817 2166 1003 2246 respectum
1020 2165 1233 2232 abactionem.
1264 2161 1320 2227 Ins
1335 2160 1457 2246 quippe
1473 2183 1543 2246 pro
1561 2172 1716 2250 potestate

465 2275 635 2356 acceptum
667 2269 700 2334 in
729 2267 800 2352 ipso
831 2267 881 2333 sui
912 2274 1071 2352 conceptu
1102 2273 1260 2335 connotat
1283 2267 1413 2350 aliquod
1436 2269 1656 2350 subiectum,
1683 2295 1711 2337 rt

463 2378 644 2444 inhaereat.
675 2375 779 2440 Immo
802 2373 930 2440 ratione
953 2373 1048 2440 huius
1064 2375 1267 2441 differentiae
1284 2373 1369 2458 apud
1385 2376 1608 2444 recentiores
1632 2381 1716 2463 scrip

463 2490 553 2552 tores
590 2503 661 2548 mos
696 2479 836 2548 invaluit
872 2479 1093 2564 distinguendi
1127 2481 1178 2546 ius
1216 2480 1397 2563 ,obiectioe“
1438 2488 1476 2549 ot
1510 2488 1713 2564 „subiectio

465 2592 646 2674 acceptum.
694 2589 740 2652 At
769 2607 848 2651 vero
879 2585 1038 2652 eiusmodi
1067 2585 1306 2668 terminologie,
1337 2591 1376 2652 ut
1403 2591 1513 2670 patet,
1550 2592 1713 2657 admodnr

465 2695 618 2778 ambigua
631 2698 682 2759 est
697 2711 801 2774 neque
816 2691 864 2757 rei
880 2691 1062 2774 signandae
1078 2693 1273 2774 adaequata.
1298 2692 1353 2757 Ius
1368 2691 1454 2758 enim
1472 2715 1541 2777 pro
1559 2703 1713 2780 potestatt

465 2806 640 2886 sumptum,
665 2799 728 2865 etsi
744 2803 930 2884 respectum
947 2800 1088 2867 involvit
1103 2800 1145 2866 ad
1162 2800 1354 2876 subiectum,
1377 2819 1604 2884 nequaquam
1620 2811 1713 2872 tamer

464 2909 586 2992 aliquid
616 2907 809 2993 simpliciter
839 2908 1068 2987 subiectivum,
1098 2908 1156 2974 sed
1185 2929 1245 2993 per
1274 2929 1311 2973 se
1339 2928 1418 2972 vere
1441 2928 1483 2973 ac
1507 2914 1657 2996 proprie
1677 2913 1715 2976 ol·

462 3018 606 3083 tectiorem
629 3015 799 3082 dicendum
824 3020 885 3084 est.

553 3121 665 3188 Omnis
681 3127 791 3190 autem
809 3124 874 3189 ista
890 3123 1134 3206 qualiscumque
1151 3122 1373 3206 discrepantia
1387 3143 1452 3186 non
1467 3122 1634 3208 impedit,
1651 3149 1714 3209 qno

465 3229 571 3294 minus
594 3229 675 3294 haec
699 3251 827 3312 quoquo
850 3230 930 3296 iuris
954 3229 1151 3312 significatio
1174 3229 1325 3311 genetice
1348 3249 1421 3294 cum
1438 3233 1594 3313 utraque
1608 3235 1713 3316 priore.

463 3335 621 3420 imprimis
649 3357 728 3401 vero
764 3357 835 3401 cum
874 3339 1010 3419 „obiecto
1049 3334 1211 3402 iustitiee“
1252 3335 1436 3402 arctissimo
1470 3355 1570 3401 nexu
1609 3341 1713 3405 colnac·

463 3445 545 3508 reat.
579 3441 685 3507 Huius
708 3441 792 3507 enim
818 3441 937 3507 obiecti
961 3442 1135 3507 collective
1158 3442 1354 3508 considerati
1378 3443 1603 3527 praecipuum
1628 3445 1714 3532 qaod-

465 3548 744 3613 delectamentum
768 3547 800 3612 in
831 3567 871 3613 ea
894 3547 966 3631 ipsa
992 3547 1141 3630 legitima
1169 3548 1336 3613 hominum
1360 3549 1532 3631 potestate
1559 3553 1712 3617 consistit.

465 3673 560 3734 quam
585 3652 635 3717 ius
659 3653 843 3736 appellant;
874 3653 908 3719 id
932 3652 1017 3735 quod
1042 3673 1084 3718 ex
1115 3653 1203 3720 infra
1233 3655 1379 3720 dicendis
1408 3655 1622 3723 luculentius
1652 3659 1712 3722 illo

464 3757 633 3826 strabitur.

464 3869 535 3942 439.
627 3875 790 3940 Conclusio
813 3877 991 3940 resultans:

555 3979 579 4047 I.
603 3981 697 4046 Notio
720 3984 804 4046 iuris
827 4003 844 4047 e
868 3983 998 4048 nomine
1025 3981 1131 4065 petits
1160 3981 1330 4047 reductive
1358 3983 1477 4068 duplm
1507 3985 1712 4066 potissimus·

466 4086 695 4168 distinguitur:
720 4089 827 4154 altera
842 4091 1014 4174 primarie,
1039 4109 1104 4170 qua
1126 4088 1177 4154 ius
1200 4088 1253 4154 vel
1270 4091 1457 4173 stupidorum
1474 4108 1709 4172 quemcumqu

465 4195 645 4259 abiectiorem
670 4197 812 4260 iustitiae
834 4217 980 4260 normam
996 4195 1070 4276 lege
1085 4193 1155 4259 sive
1171 4194 1315 4260 naturali
1330 4193 1401 4259 sive
1416 4193 1566 4278 positiva
1583 4215 1713 4280 expres
1754 4236 1755 4273 2

465 4321 546 4378 sam,
579 4301 630 4364 vel
663 4303 814 4366 codrotioe
843 4303 977 4388 aliquem
1012 4303 1167 4366 aaarnodi
1189 4323 1375 4367 normarum
1400 4303 1604 4386 receptarum
1628 4303 1711 4383 fiori<

466 4404 625 4489 ordinem)
650 4406 829 4489 significem
855 4407 961 4473 altera
985 4409 1190 4490 secundario,
1215 4428 1280 4489 qua
1302 4408 1354 4473 ins
1376 4412 1428 4474 est
1450 4407 1566 4489 aliqua
1577 4419 1708 4494 potesla-

465 4516 597 4580 moralia
621 4515 793 4579 secundum
817 4516 959 4579 iustitiae
983 4535 1139 4580 normam.

554 4619 596 4686 II.
633 4619 887 4686 Generalissima
921 4618 1001 4683 iuris
1036 4617 1188 4702 partitio,
1225 4640 1289 4702 qua
1323 4622 1376 4684 ies
1408 4621 1562 4685 craterolo
1600 4625 1636 4686 et
1668 4625 1706 4684 ia

464 4729 631 4812 positivam
666 4725 893 4808 distinguitur,
928 4723 962 4789 in
995 4725 1110 4791 eadem
1145 4725 1324 4809 originaria
1358 4724 1438 4790 iuris
1471 4725 1610 4792 notione
1644 4727 1705 4791 fun

467 4831 564 4898 datur
594 4832 635 4897 ab
666 4851 770 4914 eaque
799 4830 1028 4915 inseparabilis
1058 4834 1119 4897 est.
1167 4831 1279 4897 Omnis
1303 4832 1388 4897 enim
1412 4831 1581 4915 legislatio
1607 4833 1703 4898 obiec-

466 4938 568 5004 tivam
595 4938 739 5004 iustitiae
769 4957 916 5003 normam
948 4936 1107 5003 exhibens
1137 4941 1195 5003 aut
1223 4937 1384 5004 naturalis
1413 4941 1472 5004 aut
1502 4937 1646 5022 positiva
1666 4937 1701 5001 sit
1753 5000 1754 5045 ζ

466 5065 599 5111 necessa
623 5049 683 5109 est.

1753 5186 1754 5211 l
