<?xml version="1.0" encoding="UTF-8"?>
<!DOCTYPE html PUBLIC "-//W3C//DTD XHTML 1.0 Transitional//EN"
    "http://www.w3.org/TR/xhtml1/DTD/xhtml1-transitional.dtd">
<html xmlns="http://www.w3.org/1999/xhtml" xml:lang="en" lang="en">
 <head>
  <title>
</title>
<meta http-equiv="Content-Type" content="text/html;charset=utf-8" />
  <meta name='ocr-system' content='tesseract 3.04.00' />
  <meta name='ocr-capabilities' content='ocr_page ocr_carea ocr_par ocr_line ocrx_word'/>
</head>
<body>
  <div class='ocr_page' id='page_1' title='image "./institutionesiu00meyegoog_0214.png"; bbox 0 0 3909 5842; ppageno 0'>
   <div class='ocr_carea' id='block_1_1' title="bbox 414 690 1427 763">
    <p class='ocr_par' dir='ltr' id='par_1_1' title="bbox 414 690 1427 763">
     <span class='ocr_line' id='line_1_1' title="bbox 414 690 1427 763; baseline -0.007 -12"><span class='ocrx_word' id='word_1_1' title='bbox 414 697 478 762; x_wconf 78' lang='lat'><strong>162</strong></span> <span class='ocrx_word' id='word_1_2' title='bbox 645 691 733 747; x_wconf 84' lang='lat' dir='ltr'><strong>Sectic</strong></span> <span class='ocrx_word' id='word_1_3' title='bbox 751 692 772 746; x_wconf 92' lang='lat'><strong>1.</strong></span> <span class='ocrx_word' id='word_1_4' title='bbox 810 691 891 747; x_wconf 86' lang='lat' dir='ltr'><strong>Liber</strong></span> <span class='ocrx_word' id='word_1_5' title='bbox 908 692 943 746; x_wconf 94' lang='lat' dir='ltr'><strong>II.</strong></span> <span class='ocrx_word' id='word_1_6' title='bbox 981 691 1109 763; x_wconf 77' lang='lat' dir='ltr'><strong>CspntL</strong></span> <span class='ocrx_word' id='word_1_7' title='bbox 1146 690 1287 746; x_wconf 83' lang='lat' dir='ltr'><strong>Articulus</strong></span> <span class='ocrx_word' id='word_1_8' title='bbox 1306 691 1331 746; x_wconf 95' lang='lat' dir='ltr'><strong>l.</strong></span> <span class='ocrx_word' id='word_1_9' title='bbox 1367 690 1427 756; x_wconf 65' lang='lat'><strong>58.</strong></span> 
     </span>
    </p>
   </div>
   <div class='ocr_carea' id='block_1_2' title="bbox 411 867 1665 1695">
    <p class='ocr_par' dir='ltr' id='par_1_2' title="bbox 411 867 1665 1695">
     <span class='ocr_line' id='line_1_2' title="bbox 411 867 1665 954; baseline -0.004 -18"><span class='ocrx_word' id='word_1_10' title='bbox 411 870 534 938; x_wconf 85' lang='lat' dir='ltr'><strong>icctiva</strong></span> <span class='ocrx_word' id='word_1_11' title='bbox 562 869 714 954; x_wconf 86' lang='lat' dir='ltr'><strong>proxima</strong></span> <span class='ocrx_word' id='word_1_12' title='bbox 743 867 948 935; x_wconf 69' lang='lat' dir='ltr'><strong>rectitudinis</strong></span> <span class='ocrx_word' id='word_1_13' title='bbox 979 867 1145 934; x_wconf 88' lang='lat' dir='ltr'><strong>actionum</strong></span> <span class='ocrx_word' id='word_1_14' title='bbox 1174 868 1399 934; x_wconf 86' lang='lat' dir='ltr'><strong>humanarum.</strong></span> <span class='ocrx_word' id='word_1_15' title='bbox 1446 869 1547 953; x_wconf 71' lang='lat' dir='ltr'><strong>Atqui</strong></span> <span class='ocrx_word' id='word_1_16' title='bbox 1576 867 1665 934; x_wconf 86' lang='lat' dir='ltr'><strong>ratio</strong></span> 
     </span>
     <span class='ocr_line' id='line_1_3' title="bbox 412 972 1665 1061; baseline -0.003 -19"><span class='ocrx_word' id='word_1_17' title='bbox 412 975 561 1061; x_wconf 88' lang='lat' dir='ltr'><strong>practica</strong></span> <span class='ocrx_word' id='word_1_18' title='bbox 587 975 620 1040; x_wconf 88' lang='lat' dir='ltr'><strong>in</strong></span> <span class='ocrx_word' id='word_1_19' title='bbox 643 974 731 1041; x_wconf 91' lang='lat' dir='ltr'><strong>thesi</strong></span> <span class='ocrx_word' id='word_1_20' title='bbox 754 974 889 1042; x_wconf 85' lang='lat' dir='ltr'><strong>definita</strong></span> <span class='ocrx_word' id='word_1_21' title='bbox 911 973 1088 1042; x_wconf 78' lang='lat' dir='ltr'><strong>manifeste</strong></span> <span class='ocrx_word' id='word_1_22' title='bbox 1110 974 1200 1041; x_wconf 90' lang='lat' dir='ltr'><strong>aliud</strong></span> <span class='ocrx_word' id='word_1_23' title='bbox 1222 993 1289 1040; x_wconf 92' lang='lat' dir='ltr'><strong>non</strong></span> <span class='ocrx_word' id='word_1_24' title='bbox 1311 976 1364 1039; x_wconf 87' lang='lat' dir='ltr'><strong>est</strong></span> <span class='ocrx_word' id='word_1_25' title='bbox 1386 993 1485 1055; x_wconf 91' lang='lat' dir='ltr'><strong>quam</strong></span> <span class='ocrx_word' id='word_1_26' title='bbox 1506 972 1581 1058; x_wconf 86' lang='lat' dir='ltr'><strong>ipsa</strong></span> <span class='ocrx_word' id='word_1_27' title='bbox 1602 973 1665 1039; x_wconf 89' lang='lat' dir='ltr'><strong>ho-</strong></span> 
     </span>
     <span class='ocr_line' id='line_1_4' title="bbox 412 1078 1664 1166; baseline -0.002 -19"><span class='ocrx_word' id='word_1_28' title='bbox 412 1081 508 1148; x_wconf 88' lang='lat' dir='ltr'><strong>minis</strong></span> <span class='ocrx_word' id='word_1_29' title='bbox 539 1085 659 1148; x_wconf 88' lang='lat' dir='ltr'><strong>natura</strong></span> <span class='ocrx_word' id='word_1_30' title='bbox 690 1081 872 1160; x_wconf 86' lang='lat' dir='ltr'><strong>rationalis,</strong></span> <span class='ocrx_word' id='word_1_31' title='bbox 904 1086 1003 1166; x_wconf 92' lang='lat' dir='ltr'><strong>prout</strong></span> <span class='ocrx_word' id='word_1_32' title='bbox 1033 1084 1085 1148; x_wconf 86' lang='lat' dir='ltr'><strong>est</strong></span> <span class='ocrx_word' id='word_1_33' title='bbox 1117 1080 1278 1148; x_wconf 88' lang='lat' dir='ltr'><strong>directiva</strong></span> <span class='ocrx_word' id='word_1_34' title='bbox 1306 1079 1350 1147; x_wconf 89' lang='lat' dir='ltr'><strong>ad</strong></span> <span class='ocrx_word' id='word_1_35' title='bbox 1371 1080 1471 1146; x_wconf 86' lang='lat' dir='ltr'><strong>finem</strong></span> <span class='ocrx_word' id='word_1_36' title='bbox 1493 1078 1617 1144; x_wconf 91' lang='lat' dir='ltr'><strong>homini</strong></span> <span class='ocrx_word' id='word_1_37' title='bbox 1641 1101 1664 1145; x_wconf 83' lang='lat' dir='ltr'><strong>a</strong></span> 
     </span>
     <span class='ocr_line' id='line_1_5' title="bbox 414 1185 1665 1271; baseline -0.001 -18"><span class='ocrx_word' id='word_1_38' title='bbox 414 1191 563 1254; x_wconf 76' lang='lat' dir='ltr'><strong>creatore</strong></span> <span class='ocrx_word' id='word_1_39' title='bbox 586 1187 779 1271; x_wconf 84' lang='lat' dir='ltr'><strong>praefixum.</strong></span> <span class='ocrx_word' id='word_1_40' title='bbox 814 1185 852 1252; x_wconf 90' lang='lat' dir='ltr'><strong>In</strong></span> <span class='ocrx_word' id='word_1_41' title='bbox 876 1187 1007 1253; x_wconf 88' lang='lat' dir='ltr'><strong>entibus</strong></span> <span class='ocrx_word' id='word_1_42' title='bbox 1030 1186 1116 1252; x_wconf 89' lang='lat' dir='ltr'><strong>euim</strong></span> <span class='ocrx_word' id='word_1_43' title='bbox 1139 1185 1355 1253; x_wconf 75' lang='lat' dir='ltr'><strong>rationalibus</strong></span> <span class='ocrx_word' id='word_1_44' title='bbox 1376 1189 1498 1252; x_wconf 87' lang='lat' dir='ltr'><strong>natura</strong></span> <span class='ocrx_word' id='word_1_45' title='bbox 1518 1185 1665 1252; x_wconf 81' lang='lat' dir='ltr'><strong>finaliter</strong></span> 
     </span>
     <span class='ocr_line' id='line_1_6' title="bbox 414 1291 1663 1378; baseline 0 -19"><span class='ocrx_word' id='word_1_46' title='bbox 414 1293 526 1377; x_wconf 81' lang='lat' dir='ltr'><strong>dirigit</strong></span> <span class='ocrx_word' id='word_1_47' title='bbox 549 1313 611 1378; x_wconf 88' lang='lat' dir='ltr'><strong>ops</strong></span> <span class='ocrx_word' id='word_1_48' title='bbox 635 1293 830 1376; x_wconf 79' lang='lat' dir='ltr'><strong>cognitionis</strong></span> <span class='ocrx_word' id='word_1_49' title='bbox 853 1293 1021 1378; x_wconf 85' lang='lat' dir='ltr'><strong>practicae</strong></span> <span class='ocrx_word' id='word_1_50' title='bbox 1043 1313 1064 1359; x_wconf 88' lang='lat' dir='ltr'><strong>a</strong></span> <span class='ocrx_word' id='word_1_51' title='bbox 1086 1292 1253 1378; x_wconf 80' lang='lat' dir='ltr'><strong>principiis</strong></span> <span class='ocrx_word' id='word_1_52' title='bbox 1275 1291 1414 1360; x_wconf 88' lang='lat' dir='ltr'><strong>rationis</strong></span> <span class='ocrx_word' id='word_1_53' title='bbox 1436 1313 1497 1376; x_wconf 88' lang='lat' dir='ltr'><strong>per</strong></span> <span class='ocrx_word' id='word_1_54' title='bbox 1519 1313 1555 1358; x_wconf 89' lang='lat' dir='ltr'><strong>se</strong></span> <span class='ocrx_word' id='word_1_55' title='bbox 1574 1293 1663 1359; x_wconf 85' lang='lat' dir='ltr'><strong>notis</strong></span> 
     </span>
     <span class='ocr_line' id='line_1_7' title="bbox 414 1397 1664 1487; baseline -0.002 -21"><span class='ocrx_word' id='word_1_56' title='bbox 414 1400 593 1468; x_wconf 87' lang='lat' dir='ltr'><strong>derivatae.</strong></span> <span class='ocrx_word' id='word_1_57' title='bbox 618 1437 662 1448; x_wconf 86' lang='lat'><em>-</em></span> <span class='ocrx_word' id='word_1_58' title='bbox 685 1400 772 1487; x_wconf 78' lang='lat' dir='ltr'><strong>Erpo</strong></span> <span class='ocrx_word' id='word_1_59' title='bbox 802 1399 886 1466; x_wconf 91' lang='lat' dir='ltr'><strong>citra</strong></span> <span class='ocrx_word' id='word_1_60' title='bbox 915 1399 1048 1466; x_wconf 89' lang='lat' dir='ltr'><strong>dubium</strong></span> <span class='ocrx_word' id='word_1_61' title='bbox 1077 1398 1112 1464; x_wconf 91' lang='lat' dir='ltr'><strong>in</strong></span> <span class='ocrx_word' id='word_1_62' title='bbox 1141 1399 1270 1467; x_wconf 84' lang='lat' dir='ltr'><strong>ratione</strong></span> <span class='ocrx_word' id='word_1_63' title='bbox 1297 1399 1454 1484; x_wconf 82' lang='lat' dir='ltr'><strong>practica,</strong></span> <span class='ocrx_word' id='word_1_64' title='bbox 1485 1397 1664 1465; x_wconf 87' lang='lat' dir='ltr'><strong>secundnm</strong></span> 
     </span>
     <span class='ocr_line' id='line_1_8' title="bbox 414 1504 1665 1590; baseline -0.002 -18"><span class='ocrx_word' id='word_1_65' title='bbox 414 1506 623 1572; x_wconf 78' lang='lat' dir='ltr'><strong>essentialem</strong></span> <span class='ocrx_word' id='word_1_66' title='bbox 648 1505 738 1572; x_wconf 81' lang='lat' dir='ltr'><strong>illam</strong></span> <span class='ocrx_word' id='word_1_67' title='bbox 762 1504 1022 1572; x_wconf 86' lang='lat' dir='ltr'><strong>obiectivitatem</strong></span> <span class='ocrx_word' id='word_1_68' title='bbox 1044 1508 1192 1590; x_wconf 87' lang='lat' dir='ltr'><strong>accepta,</strong></span> <span class='ocrx_word' id='word_1_69' title='bbox 1214 1505 1366 1589; x_wconf 87' lang='lat' dir='ltr'><strong>proxima</strong></span> <span class='ocrx_word' id='word_1_70' title='bbox 1387 1525 1447 1571; x_wconf 89' lang='lat' dir='ltr'><strong>seu</strong></span> <span class='ocrx_word' id='word_1_71' title='bbox 1469 1504 1591 1570; x_wconf 90' lang='lat' dir='ltr'><strong>homini</strong></span> <span class='ocrx_word' id='word_1_72' title='bbox 1612 1504 1665 1570; x_wconf 93' lang='lat' dir='ltr'><strong>in·</strong></span> 
     </span>
     <span class='ocr_line' id='line_1_9' title="bbox 413 1587 1374 1695; baseline 0 -17"><span class='ocrx_word' id='word_1_73' title='bbox 413 1587 510 1678; x_wconf 64' lang='lat' dir='ltr'><strong>teriia</strong></span> <span class='ocrx_word' id='word_1_74' title='bbox 533 1610 732 1678; x_wconf 88' lang='lat' dir='ltr'><strong>moralitatis</strong></span> <span class='ocrx_word' id='word_1_75' title='bbox 755 1631 869 1678; x_wconf 87' lang='lat' dir='ltr'><strong>norma</strong></span> <span class='ocrx_word' id='word_1_76' title='bbox 893 1610 1057 1678; x_wconf 90' lang='lat' dir='ltr'><strong>obiectiva</strong></span> <span class='ocrx_word' id='word_1_77' title='bbox 1080 1611 1290 1695; x_wconf 80' lang='lat' dir='ltr'><strong>agnoscenda</strong></span> <span class='ocrx_word' id='word_1_78' title='bbox 1312 1615 1374 1678; x_wconf 89' lang='lat' dir='ltr'><strong>est.</strong></span> 
     </span>
    </p>
   </div>
   <div class='ocr_carea' id='block_1_3' title="bbox 415 1766 1666 1961">
    <p class='ocr_par' dir='ltr' id='par_1_3' title="bbox 415 1766 1666 1961">
     <span class='ocr_line' id='line_1_10' title="bbox 503 1766 1664 1858; baseline -0.003 -20"><span class='ocrx_word' id='word_1_79' title='bbox 503 1767 665 1840; x_wconf 72' lang='lat' dir='ltr'><strong>Probatur</strong></span> <span class='ocrx_word' id='word_1_80' title='bbox 694 1785 771 1858; x_wconf 67' lang='lat' dir='ltr'><strong>port</strong></span> <span class='ocrx_word' id='word_1_81' title='bbox 798 1766 841 1839; x_wconf 90' lang='lat' dir='ltr'><strong>II.</strong></span> <span class='ocrx_word' id='word_1_82' title='bbox 889 1771 1027 1852; x_wconf 79' lang='lat' dir='ltr'><strong>„Verum</strong></span> <span class='ocrx_word' id='word_1_83' title='bbox 1056 1773 1253 1836; x_wconf 68' lang='lat' dir='ltr'><strong>secundaria</strong></span> <span class='ocrx_word' id='word_1_84' title='bbox 1281 1778 1407 1836; x_wconf 78' lang='lat' dir='ltr'><strong>tantum</strong></span> <span class='ocrx_word' id='word_1_85' title='bbox 1439 1777 1466 1835; x_wconf 80' lang='lat' dir='ltr'><strong>ct</strong></span> <span class='ocrx_word' id='word_1_86' title='bbox 1495 1769 1664 1847; x_wconf 74' lang='lat' dir='ltr'><strong>relatioo“,</strong></span> 
     </span>
     <span class='ocr_line' id='line_1_11' title="bbox 415 1874 1666 1961; baseline -0.001 -20"><span class='ocrx_word' id='word_1_87' title='bbox 415 1875 436 1943; x_wconf 91' lang='lat' dir='ltr'><strong>i.</strong></span> <span class='ocrx_word' id='word_1_88' title='bbox 462 1897 489 1943; x_wconf 94' lang='lat' dir='ltr'><strong>e.</strong></span> <span class='ocrx_word' id='word_1_89' title='bbox 514 1896 579 1941; x_wconf 91' lang='lat' dir='ltr'><strong>non</strong></span> <span class='ocrx_word' id='word_1_90' title='bbox 603 1879 656 1943; x_wconf 93' lang='lat' dir='ltr'><strong>est</strong></span> <span class='ocrx_word' id='word_1_91' title='bbox 678 1896 793 1942; x_wconf 89' lang='lat' dir='ltr'><strong>norma</strong></span> <span class='ocrx_word' id='word_1_92' title='bbox 816 1874 1009 1961; x_wconf 90' lang='lat' dir='ltr'><strong>simpliciter</strong></span> <span class='ocrx_word' id='word_1_93' title='bbox 1030 1875 1159 1942; x_wconf 90' lang='lat' dir='ltr'><strong>ratione</strong></span> <span class='ocrx_word' id='word_1_94' title='bbox 1174 1875 1235 1952; x_wconf 83' lang='lat' dir='ltr'><strong>sui,</strong></span> <span class='ocrx_word' id='word_1_95' title='bbox 1259 1876 1317 1941; x_wconf 89' lang='lat' dir='ltr'><strong>sed</strong></span> <span class='ocrx_word' id='word_1_96' title='bbox 1332 1881 1462 1943; x_wconf 88' lang='lat' dir='ltr'><strong>tantum</strong></span> <span class='ocrx_word' id='word_1_97' title='bbox 1479 1897 1539 1961; x_wconf 90' lang='lat' dir='ltr'><strong>per</strong></span> <span class='ocrx_word' id='word_1_98' title='bbox 1552 1897 1666 1942; x_wconf 84' lang='lat' dir='ltr'><strong>essan-</strong></span> 
     </span>
    </p>
   </div>
   <div class='ocr_carea' id='block_1_4' title="bbox 415 1979 1805 2066">
    <p class='ocr_par' dir='ltr' id='par_1_4' title="bbox 415 1979 1805 2066">
     <span class='ocr_line' id='line_1_12' title="bbox 415 1979 1805 2066; baseline -0.001 -18"><span class='ocrx_word' id='word_1_99' title='bbox 415 1982 527 2048; x_wconf 87' lang='lat' dir='ltr'><strong>tialem</strong></span> <span class='ocrx_word' id='word_1_100' title='bbox 558 1986 593 2048; x_wconf 91' lang='lat' dir='ltr'><strong>et</strong></span> <span class='ocrx_word' id='word_1_101' title='bbox 621 1981 795 2047; x_wconf 85' lang='lat' dir='ltr'><strong>formalem</strong></span> <span class='ocrx_word' id='word_1_102' title='bbox 823 1984 1009 2066; x_wconf 81' lang='lat' dir='ltr'><strong>respectum</strong></span> <span class='ocrx_word' id='word_1_103' title='bbox 1038 1981 1081 2047; x_wconf 89' lang='lat' dir='ltr'><strong>ad</strong></span> <span class='ocrx_word' id='word_1_104' title='bbox 1110 1979 1272 2047; x_wconf 87' lang='lat' dir='ltr'><strong>rationem</strong></span> <span class='ocrx_word' id='word_1_105' title='bbox 1300 1981 1455 2061; x_wconf 86' lang='lat' dir='ltr'><strong>divinam,</strong></span> <span class='ocrx_word' id='word_1_106' title='bbox 1486 2003 1570 2065; x_wconf 90' lang='lat' dir='ltr'><strong>quae</strong></span> <span class='ocrx_word' id='word_1_107' title='bbox 1593 1983 1667 2048; x_wconf 90' lang='lat' dir='ltr'><strong>sota</strong></span> <span class='ocrx_word' id='word_1_108' title='bbox 1799 2012 1805 2027; x_wconf 93' lang='lat'>·</span> 
     </span>
    </p>
   </div>
   <div class='ocr_carea' id='block_1_5' title="bbox 415 2087 1671 5084">
    <p class='ocr_par' dir='ltr' id='par_1_5' title="bbox 416 2087 1210 2156">
     <span class='ocr_line' id='line_1_13' title="bbox 416 2087 1210 2156; baseline 0.004 -3"><span class='ocrx_word' id='word_1_109' title='bbox 416 2093 467 2155; x_wconf 91' lang='lat' dir='ltr'><strong>est</strong></span> <span class='ocrx_word' id='word_1_110' title='bbox 490 2107 606 2153; x_wconf 84' lang='lat' dir='ltr'><strong>norma</strong></span> <span class='ocrx_word' id='word_1_111' title='bbox 628 2087 826 2155; x_wconf 87' lang='lat' dir='ltr'><strong>moralitatis</strong></span> <span class='ocrx_word' id='word_1_112' title='bbox 850 2089 966 2156; x_wconf 89' lang='lat' dir='ltr'><strong>ultima</strong></span> <span class='ocrx_word' id='word_1_113' title='bbox 990 2093 1024 2155; x_wconf 89' lang='lat' dir='ltr'><strong>et</strong></span> <span class='ocrx_word' id='word_1_114' title='bbox 1047 2089 1210 2156; x_wconf 88' lang='lat' dir='ltr'><strong>absoluta.</strong></span> 
     </span>
    </p>

    <p class='ocr_par' dir='ltr' id='par_1_6' title="bbox 415 2202 1670 2908">
     <span class='ocr_line' id='line_1_14' title="bbox 504 2202 1666 2289; baseline 0.002 -20"><span class='ocrx_word' id='word_1_115' title='bbox 504 2205 638 2289; x_wconf 77' lang='lat' dir='ltr'><strong>Arqum.</strong></span> <span class='ocrx_word' id='word_1_116' title='bbox 662 2203 686 2268; x_wconf 89' lang='grc' dir='ltr'><em>Ι</em></span> <span class='ocrx_word' id='word_1_117' title='bbox 702 2203 827 2287; x_wconf 88' lang='lat' dir='ltr'><strong>petitur</strong></span> <span class='ocrx_word' id='word_1_118' title='bbox 849 2224 892 2268; x_wconf 87' lang='lat' dir='ltr'><strong>ex</strong></span> <span class='ocrx_word' id='word_1_119' title='bbox 914 2203 1000 2268; x_wconf 92' lang='lat' dir='ltr'><strong>thesi</strong></span> <span class='ocrx_word' id='word_1_120' title='bbox 1022 2202 1172 2287; x_wconf 82' lang='lat' dir='ltr'><strong>proxime</strong></span> <span class='ocrx_word' id='word_1_121' title='bbox 1190 2202 1419 2288; x_wconf 82' lang='lat' dir='ltr'><strong>praecedente,</strong></span> <span class='ocrx_word' id='word_1_122' title='bbox 1442 2204 1476 2269; x_wconf 91' lang='lat' dir='ltr'><strong>in</strong></span> <span class='ocrx_word' id='word_1_123' title='bbox 1502 2225 1567 2287; x_wconf 90' lang='lat' dir='ltr'><strong>qua</strong></span> <span class='ocrx_word' id='word_1_124' title='bbox 1582 2204 1666 2271; x_wconf 88' lang='lat' dir='ltr'><strong>haec</strong></span> 
     </span>
     <span class='ocr_line' id='line_1_15' title="bbox 416 2307 1668 2393; baseline 0.003 -19"><span class='ocrx_word' id='word_1_125' title='bbox 416 2307 556 2375; x_wconf 86' lang='lat' dir='ltr'><strong>assertio</strong></span> <span class='ocrx_word' id='word_1_126' title='bbox 584 2309 649 2376; x_wconf 92' lang='lat' dir='ltr'><strong>iam</strong></span> <span class='ocrx_word' id='word_1_127' title='bbox 677 2309 903 2393; x_wconf 88' lang='lat' dir='ltr'><strong>praeiudicata</strong></span> <span class='ocrx_word' id='word_1_128' title='bbox 926 2309 1121 2376; x_wconf 86' lang='lat' dir='ltr'><strong>continetur.</strong></span> <span class='ocrx_word' id='word_1_129' title='bbox 1169 2309 1248 2376; x_wconf 84' lang='lat' dir='ltr'><strong>Cum</strong></span> <span class='ocrx_word' id='word_1_130' title='bbox 1271 2309 1357 2375; x_wconf 89' lang='lat' dir='ltr'><strong>enim</strong></span> <span class='ocrx_word' id='word_1_131' title='bbox 1381 2311 1467 2378; x_wconf 88' lang='lat' dir='ltr'><strong>ratio</strong></span> <span class='ocrx_word' id='word_1_132' title='bbox 1488 2312 1601 2378; x_wconf 90' lang='lat' dir='ltr'><strong>divina</strong></span> <span class='ocrx_word' id='word_1_133' title='bbox 1624 2333 1668 2378; x_wconf 83' lang='lat' dir='ltr'><strong>ex</strong></span> 
     </span>
     <span class='ocr_line' id='line_1_16' title="bbox 415 2414 1668 2501; baseline 0.003 -20"><span class='ocrx_word' id='word_1_134' title='bbox 415 2416 563 2501; x_wconf 88' lang='lat' dir='ltr'><strong>probatis</strong></span> <span class='ocrx_word' id='word_1_135' title='bbox 587 2416 740 2484; x_wconf 88' lang='lat' dir='ltr'><strong>absoluta</strong></span> <span class='ocrx_word' id='word_1_136' title='bbox 763 2417 807 2483; x_wconf 88' lang='lat' dir='ltr'><strong>sit</strong></span> <span class='ocrx_word' id='word_1_137' title='bbox 831 2417 935 2482; x_wconf 89' lang='lat' dir='ltr'><strong>omnis</strong></span> <span class='ocrx_word' id='word_1_138' title='bbox 958 2416 1092 2481; x_wconf 90' lang='lat' dir='ltr'><strong>moralis</strong></span> <span class='ocrx_word' id='word_1_139' title='bbox 1116 2414 1313 2481; x_wconf 87' lang='lat' dir='ltr'><strong>discriminis</strong></span> <span class='ocrx_word' id='word_1_140' title='bbox 1336 2437 1462 2496; x_wconf 87' lang='lat' dir='ltr'><strong>norma,</strong></span> <span class='ocrx_word' id='word_1_141' title='bbox 1492 2438 1578 2501; x_wconf 86' lang='lat' dir='ltr'><strong>quae</strong></span> <span class='ocrx_word' id='word_1_142' title='bbox 1600 2439 1668 2485; x_wconf 88' lang='lat' dir='ltr'><strong>non</strong></span> 
     </span>
     <span class='ocr_line' id='line_1_17' title="bbox 416 2521 1670 2609; baseline 0.003 -21"><span class='ocrx_word' id='word_1_143' title='bbox 416 2523 479 2589; x_wconf 91' lang='lat' dir='ltr'><strong>nisi</strong></span> <span class='ocrx_word' id='word_1_144' title='bbox 500 2543 567 2589; x_wconf 86' lang='lat' dir='ltr'><strong>una</strong></span> <span class='ocrx_word' id='word_1_145' title='bbox 582 2543 655 2589; x_wconf 89' lang='lat' dir='ltr'><strong>esse</strong></span> <span class='ocrx_word' id='word_1_146' title='bbox 671 2526 791 2608; x_wconf 90' lang='lat' dir='ltr'><strong>potest,</strong></span> <span class='ocrx_word' id='word_1_147' title='bbox 815 2543 874 2606; x_wconf 91' lang='lat' dir='ltr'><strong>per</strong></span> <span class='ocrx_word' id='word_1_148' title='bbox 889 2543 925 2589; x_wconf 91' lang='lat' dir='ltr'><strong>se</strong></span> <span class='ocrx_word' id='word_1_149' title='bbox 940 2523 1054 2606; x_wconf 84' lang='lat' dir='ltr'><strong>liquet,</strong></span> <span class='ocrx_word' id='word_1_150' title='bbox 1071 2521 1191 2589; x_wconf 86' lang='lat' dir='ltr'><strong>rationi</strong></span> <span class='ocrx_word' id='word_1_151' title='bbox 1206 2526 1348 2600; x_wconf 85' lang='lat' dir='ltr'><strong>creatae,</strong></span> <span class='ocrx_word' id='word_1_152' title='bbox 1365 2522 1526 2605; x_wconf 89' lang='lat' dir='ltr'><strong>siquidem</strong></span> <span class='ocrx_word' id='word_1_153' title='bbox 1541 2525 1670 2609; x_wconf 85' lang='lat' dir='ltr'><strong>pariter</strong></span> 
     </span>
     <span class='ocr_line' id='line_1_18' title="bbox 418 2627 1669 2714; baseline 0.003 -20"><span class='ocrx_word' id='word_1_154' title='bbox 418 2628 582 2695; x_wconf 80' lang='lat' dir='ltr'><strong>obiective</strong></span> <span class='ocrx_word' id='word_1_155' title='bbox 604 2651 720 2696; x_wconf 89' lang='lat' dir='ltr'><strong>norma</strong></span> <span class='ocrx_word' id='word_1_156' title='bbox 743 2629 941 2695; x_wconf 84' lang='lat' dir='ltr'><strong>moralitatis</strong></span> <span class='ocrx_word' id='word_1_157' title='bbox 965 2650 1038 2696; x_wconf 88' lang='lat' dir='ltr'><strong>csse</strong></span> <span class='ocrx_word' id='word_1_158' title='bbox 1054 2629 1192 2708; x_wconf 85' lang='lat' dir='ltr'><strong>dicatur,</strong></span> <span class='ocrx_word' id='word_1_159' title='bbox 1214 2628 1299 2694; x_wconf 89' lang='lat' dir='ltr'><strong>hanc</strong></span> <span class='ocrx_word' id='word_1_160' title='bbox 1315 2627 1455 2694; x_wconf 92' lang='lat' dir='ltr'><strong>nominis</strong></span> <span class='ocrx_word' id='word_1_161' title='bbox 1470 2629 1669 2714; x_wconf 78' lang='lat' dir='ltr'><strong>dignitatem</strong></span> 
     </span>
     <span class='ocr_line' id='line_1_19' title="bbox 418 2735 1670 2820; baseline 0.001 -19"><span class='ocrx_word' id='word_1_162' title='bbox 418 2739 605 2819; x_wconf 88' lang='lat' dir='ltr'><strong>competere</strong></span> <span class='ocrx_word' id='word_1_163' title='bbox 628 2755 692 2802; x_wconf 91' lang='lat' dir='ltr'><strong>non</strong></span> <span class='ocrx_word' id='word_1_164' title='bbox 717 2756 814 2820; x_wconf 86' lang='lat' dir='ltr'><strong>posse</strong></span> <span class='ocrx_word' id='word_1_165' title='bbox 838 2735 900 2801; x_wconf 90' lang='lat' dir='ltr'><strong>nisi</strong></span> <span class='ocrx_word' id='word_1_166' title='bbox 924 2735 1116 2802; x_wconf 87' lang='lat' dir='ltr'><strong>secundarie</strong></span> <span class='ocrx_word' id='word_1_167' title='bbox 1140 2739 1175 2802; x_wconf 93' lang='lat' dir='ltr'><strong>et</strong></span> <span class='ocrx_word' id='word_1_168' title='bbox 1196 2735 1347 2815; x_wconf 86' lang='lat' dir='ltr'><strong>relative,</strong></span> <span class='ocrx_word' id='word_1_169' title='bbox 1371 2756 1430 2802; x_wconf 88' lang='lat' dir='ltr'><strong>seu</strong></span> <span class='ocrx_word' id='word_1_170' title='bbox 1453 2757 1514 2820; x_wconf 92' lang='lat' dir='ltr'><strong>per</strong></span> <span class='ocrx_word' id='word_1_171' title='bbox 1536 2737 1670 2804; x_wconf 84' lang='lat' dir='ltr'><strong>deriva-</strong></span> 
     </span>
     <span class='ocr_line' id='line_1_20' title="bbox 417 2840 878 2908; baseline 0 0"><span class='ocrx_word' id='word_1_172' title='bbox 417 2842 539 2908; x_wconf 91' lang='lat' dir='ltr'><strong>tionem</strong></span> <span class='ocrx_word' id='word_1_173' title='bbox 564 2840 735 2908; x_wconf 89' lang='lat' dir='ltr'><strong>aratione</strong></span> <span class='ocrx_word' id='word_1_174' title='bbox 759 2841 878 2908; x_wconf 89' lang='lat' dir='ltr'><strong>divina.</strong></span> 
     </span>
    </p>

    <p class='ocr_par' dir='ltr' id='par_1_7' title="bbox 508 2956 1669 3041">
     <span class='ocr_line' id='line_1_21' title="bbox 508 2956 1669 3041; baseline 0.002 -19"><span class='ocrx_word' id='word_1_175' title='bbox 508 2957 598 3023; x_wconf 94' lang='lat' dir='ltr'><strong>Idem</strong></span> <span class='ocrx_word' id='word_1_176' title='bbox 622 2961 733 3023; x_wconf 92' lang='lat' dir='ltr'><strong>autem</strong></span> <span class='ocrx_word' id='word_1_177' title='bbox 756 2961 930 3041; x_wconf 90' lang='lat' dir='ltr'><strong>praeterea</strong></span> <span class='ocrx_word' id='word_1_178' title='bbox 947 2959 1064 3022; x_wconf 83' lang='lat' dir='ltr'><strong>directe</strong></span> <span class='ocrx_word' id='word_1_179' title='bbox 1080 2956 1237 3023; x_wconf 90' lang='lat' dir='ltr'><strong>evincunt</strong></span> <span class='ocrx_word' id='word_1_180' title='bbox 1252 2978 1301 3036; x_wconf 86' lang='lat' dir='ltr'><strong>ea,</strong></span> <span class='ocrx_word' id='word_1_181' title='bbox 1326 2977 1410 3041; x_wconf 90' lang='lat' dir='ltr'><strong>quae</strong></span> <span class='ocrx_word' id='word_1_182' title='bbox 1425 2957 1669 3040; x_wconf 89' lang='lat' dir='ltr'><strong>subiungimus:</strong></span> 
     </span>
    </p>

    <p class='ocr_par' dir='ltr' id='par_1_8' title="bbox 417 3071 1671 4006">
     <span class='ocr_line' id='line_1_22' title="bbox 508 3071 1671 3160; baseline 0.002 -21"><span class='ocrx_word' id='word_1_183' title='bbox 508 3076 642 3160; x_wconf 79' lang='lat' dir='ltr'><strong>Arpom.</strong></span> <span class='ocrx_word' id='word_1_184' title='bbox 666 3073 712 3138; x_wconf 88' lang='lat' dir='ltr'><strong>H.</strong></span> <span class='ocrx_word' id='word_1_185' title='bbox 753 3073 927 3138; x_wconf 82' lang='lat' dir='ltr'><strong>Otarcctor</strong></span> <span class='ocrx_word' id='word_1_186' title='bbox 950 3071 1087 3138; x_wconf 79' lang='lat' dir='ltr'><strong>absoluti</strong></span> <span class='ocrx_word' id='word_1_187' title='bbox 1113 3074 1242 3152; x_wconf 67' lang='lat' dir='ltr'><strong>valeria</strong></span> <span class='ocrx_word' id='word_1_188' title='bbox 1267 3092 1365 3155; x_wconf 90' lang='lat' dir='ltr'><strong>quem</strong></span> <span class='ocrx_word' id='word_1_189' title='bbox 1386 3071 1507 3140; x_wconf 90' lang='lat' dir='ltr'><strong>iudicia</strong></span> <span class='ocrx_word' id='word_1_190' title='bbox 1529 3074 1671 3142; x_wconf 86' lang='lat' dir='ltr'><strong>rationis</strong></span> 
     </span>
     <span class='ocr_line' id='line_1_23' title="bbox 417 3177 1669 3266; baseline 0.002 -20"><span class='ocrx_word' id='word_1_191' title='bbox 417 3179 582 3265; x_wconf 88' lang='lat' dir='ltr'><strong>practicae</strong></span> <span class='ocrx_word' id='word_1_192' title='bbox 606 3201 671 3266; x_wconf 83' lang='lat' dir='ltr'><strong>quc</strong></span> <span class='ocrx_word' id='word_1_193' title='bbox 693 3180 852 3244; x_wconf 81' lang='lat' dir='ltr'><strong>evidentia</strong></span> <span class='ocrx_word' id='word_1_194' title='bbox 875 3199 955 3263; x_wconf 85' lang='lat' dir='ltr'><strong>prae</strong></span> <span class='ocrx_word' id='word_1_195' title='bbox 978 3199 1014 3244; x_wconf 89' lang='lat' dir='ltr'><strong>se</strong></span> <span class='ocrx_word' id='word_1_196' title='bbox 1037 3177 1158 3257; x_wconf 89' lang='lat' dir='ltr'><strong>ferunt,</strong></span> <span class='ocrx_word' id='word_1_197' title='bbox 1182 3177 1230 3244; x_wconf 93' lang='lat' dir='ltr'><strong>eis</strong></span> <span class='ocrx_word' id='word_1_198' title='bbox 1253 3181 1391 3245; x_wconf 88' lang='lat' dir='ltr'><strong>eatenus</strong></span> <span class='ocrx_word' id='word_1_199' title='bbox 1412 3177 1523 3245; x_wconf 89' lang='lat' dir='ltr'><strong>inesse</strong></span> <span class='ocrx_word' id='word_1_200' title='bbox 1545 3184 1669 3264; x_wconf 84' lang='lat' dir='ltr'><strong>potest,</strong></span> 
     </span>
     <span class='ocr_line' id='line_1_24' title="bbox 418 3283 1670 3370; baseline 0.001 -17"><span class='ocrx_word' id='word_1_201' title='bbox 418 3290 580 3370; x_wconf 90' lang='lat' dir='ltr'><strong>quatenus</strong></span> <span class='ocrx_word' id='word_1_202' title='bbox 604 3285 765 3351; x_wconf 91' lang='lat' dir='ltr'><strong>obiective</strong></span> <span class='ocrx_word' id='word_1_203' title='bbox 789 3284 969 3352; x_wconf 88' lang='lat' dir='ltr'><strong>fundantur</strong></span> <span class='ocrx_word' id='word_1_204' title='bbox 992 3285 1025 3350; x_wconf 90' lang='lat' dir='ltr'><strong>in</strong></span> <span class='ocrx_word' id='word_1_205' title='bbox 1048 3285 1191 3352; x_wconf 86' lang='lat' dir='ltr'><strong>veritate</strong></span> <span class='ocrx_word' id='word_1_206' title='bbox 1213 3283 1362 3369; x_wconf 88' lang='lat' dir='ltr'><strong>practica</strong></span> <span class='ocrx_word' id='word_1_207' title='bbox 1384 3284 1530 3352; x_wconf 82' lang='lat' dir='ltr'><strong>absoluto</strong></span> <span class='ocrx_word' id='word_1_208' title='bbox 1552 3308 1611 3353; x_wconf 90' lang='lat' dir='ltr'><strong>seu</strong></span> <span class='ocrx_word' id='word_1_209' title='bbox 1636 3289 1670 3354; x_wconf 87' lang='lat' dir='ltr'><strong>in</strong></span> 
     </span>
     <span class='ocr_line' id='line_1_25' title="bbox 417 3390 1671 3477; baseline 0.001 -18"><span class='ocrx_word' id='word_1_210' title='bbox 417 3393 546 3459; x_wconf 88' lang='lat' dir='ltr'><strong>ratione</strong></span> <span class='ocrx_word' id='word_1_211' title='bbox 576 3391 696 3458; x_wconf 91' lang='lat' dir='ltr'><strong>divina.</strong></span> <span class='ocrx_word' id='word_1_212' title='bbox 743 3393 843 3477; x_wconf 78' lang='lat' dir='ltr'><strong>Atqui</strong></span> <span class='ocrx_word' id='word_1_213' title='bbox 871 3390 957 3458; x_wconf 89' lang='lat' dir='ltr'><strong>ratio</strong></span> <span class='ocrx_word' id='word_1_214' title='bbox 988 3390 1131 3456; x_wconf 89' lang='lat' dir='ltr'><strong>humana</strong></span> <span class='ocrx_word' id='word_1_215' title='bbox 1159 3390 1255 3456; x_wconf 90' lang='lat' dir='ltr'><strong>unice</strong></span> <span class='ocrx_word' id='word_1_216' title='bbox 1284 3390 1456 3473; x_wconf 90' lang='lat' dir='ltr'><strong>perillam</strong></span> <span class='ocrx_word' id='word_1_217' title='bbox 1480 3391 1588 3476; x_wconf 84' lang='lat' dir='ltr'><strong>ipsam</strong></span> <span class='ocrx_word' id='word_1_218' title='bbox 1609 3393 1671 3460; x_wconf 90' lang='lat' dir='ltr'><strong>ob-</strong></span> 
     </span>
     <span class='ocr_line' id='line_1_26' title="bbox 417 3495 1670 3566; baseline 0.002 -2"><span class='ocrx_word' id='word_1_219' title='bbox 417 3499 570 3566; x_wconf 89' lang='lat' dir='ltr'><strong>iectivam</strong></span> <span class='ocrx_word' id='word_1_220' title='bbox 602 3495 800 3564; x_wconf 88' lang='lat' dir='ltr'><strong>evidentiam</strong></span> <span class='ocrx_word' id='word_1_221' title='bbox 831 3518 889 3562; x_wconf 91' lang='lat' dir='ltr'><strong>seu</strong></span> <span class='ocrx_word' id='word_1_222' title='bbox 920 3496 1105 3563; x_wconf 88' lang='lat' dir='ltr'><strong>absolutum</strong></span> <span class='ocrx_word' id='word_1_223' title='bbox 1136 3496 1283 3562; x_wconf 90' lang='lat' dir='ltr'><strong>valorem</strong></span> <span class='ocrx_word' id='word_1_224' title='bbox 1312 3517 1446 3561; x_wconf 90' lang='lat' dir='ltr'><strong>suorum</strong></span> <span class='ocrx_word' id='word_1_225' title='bbox 1474 3497 1670 3566; x_wconf 89' lang='lat' dir='ltr'><strong>iudiciorum</strong></span> 
     </span>
     <span class='ocr_line' id='line_1_27' title="bbox 418 3602 1671 3690; baseline 0.001 -18"><span class='ocrx_word' id='word_1_226' title='bbox 418 3602 661 3681; x_wconf 87' lang='lat' dir='ltr'><strong>universalium,</strong></span> <span class='ocrx_word' id='word_1_227' title='bbox 686 3623 770 3686; x_wconf 87' lang='lat' dir='ltr'><strong>quae</strong></span> <span class='ocrx_word' id='word_1_228' title='bbox 797 3607 922 3690; x_wconf 75' lang='lat' dir='ltr'><strong>„prima</strong></span> <span class='ocrx_word' id='word_1_229' title='bbox 940 3605 1108 3690; x_wconf 77' lang='lat' dir='ltr'><strong>principio</strong></span> <span class='ocrx_word' id='word_1_230' title='bbox 1131 3602 1294 3690; x_wconf 81' lang='lat' dir='ltr'><strong>practicc“</strong></span> <span class='ocrx_word' id='word_1_231' title='bbox 1320 3607 1492 3684; x_wconf 88' lang='lat' dir='ltr'><strong>vocantur,</strong></span> <span class='ocrx_word' id='word_1_232' title='bbox 1515 3626 1596 3672; x_wconf 90' lang='lat' dir='ltr'><strong>vere</strong></span> <span class='ocrx_word' id='word_1_233' title='bbox 1611 3607 1671 3673; x_wconf 90' lang='lat' dir='ltr'><strong>ob-</strong></span> 
     </span>
     <span class='ocr_line' id='line_1_28' title="bbox 418 3708 1669 3796; baseline 0.002 -20"><span class='ocrx_word' id='word_1_234' title='bbox 418 3711 572 3778; x_wconf 88' lang='lat' dir='ltr'><strong>iectivum</strong></span> <span class='ocrx_word' id='word_1_235' title='bbox 605 3708 803 3777; x_wconf 86' lang='lat' dir='ltr'><strong>moralitatis</strong></span> <span class='ocrx_word' id='word_1_236' title='bbox 833 3709 1000 3776; x_wconf 90' lang='lat' dir='ltr'><strong>criterium</strong></span> <span class='ocrx_word' id='word_1_237' title='bbox 1031 3709 1252 3776; x_wconf 89' lang='lat' dir='ltr'><strong>constituitur.</strong></span> <span class='ocrx_word' id='word_1_238' title='bbox 1300 3709 1387 3796; x_wconf 77' lang='lat' dir='ltr'><strong>Erpo</strong></span> <span class='ocrx_word' id='word_1_239' title='bbox 1409 3709 1492 3776; x_wconf 90' lang='lat' dir='ltr'><strong>haee</strong></span> <span class='ocrx_word' id='word_1_240' title='bbox 1515 3712 1669 3780; x_wconf 87' lang='lat' dir='ltr'><strong>obiectivi</strong></span> 
     </span>
     <span class='ocr_line' id='line_1_29' title="bbox 419 3814 1670 3900; baseline 0.001 -17"><span class='ocrx_word' id='word_1_241' title='bbox 419 3815 543 3883; x_wconf 88' lang='lat' dir='ltr'><strong>criterii</strong></span> <span class='ocrx_word' id='word_1_242' title='bbox 566 3815 785 3881; x_wconf 90' lang='lat' dir='ltr'><strong>denominatio</strong></span> <span class='ocrx_word' id='word_1_243' title='bbox 808 3815 871 3899; x_wconf 92' lang='lat' dir='ltr'><strong>ipsi</strong></span> <span class='ocrx_word' id='word_1_244' title='bbox 893 3837 957 3880; x_wconf 92' lang='lat' dir='ltr'><strong>non</strong></span> <span class='ocrx_word' id='word_1_245' title='bbox 983 3815 1133 3882; x_wconf 89' lang='lat' dir='ltr'><strong>absolute</strong></span> <span class='ocrx_word' id='word_1_246' title='bbox 1156 3814 1318 3893; x_wconf 86' lang='lat' dir='ltr'><strong>convenit,</strong></span> <span class='ocrx_word' id='word_1_247' title='bbox 1342 3816 1402 3881; x_wconf 88' lang='lat' dir='ltr'><strong>sed</strong></span> <span class='ocrx_word' id='word_1_248' title='bbox 1421 3837 1481 3900; x_wconf 89' lang='lat' dir='ltr'><strong>per</strong></span> <span class='ocrx_word' id='word_1_249' title='bbox 1495 3817 1670 3886; x_wconf 87' lang='lat' dir='ltr'><strong>formalem</strong></span> 
     </span>
     <span class='ocr_line' id='line_1_30' title="bbox 419 3921 1334 4006; baseline 0 -18"><span class='ocrx_word' id='word_1_250' title='bbox 419 3921 670 4006; x_wconf 89' lang='lat' dir='ltr'><strong>dependentiam</strong></span> <span class='ocrx_word' id='word_1_251' title='bbox 695 3943 734 3988; x_wconf 86' lang='lat' dir='ltr'><strong>ac</strong></span> <span class='ocrx_word' id='word_1_252' title='bbox 757 3921 993 3988; x_wconf 86' lang='lat' dir='ltr'><strong>derivationem</strong></span> <span class='ocrx_word' id='word_1_253' title='bbox 1018 3945 1038 3988; x_wconf 90' lang='lat' dir='ltr'><strong>a</strong></span> <span class='ocrx_word' id='word_1_254' title='bbox 1061 3922 1190 3988; x_wconf 89' lang='lat' dir='ltr'><strong>ratione</strong></span> <span class='ocrx_word' id='word_1_255' title='bbox 1213 3921 1334 3988; x_wconf 89' lang='lat' dir='ltr'><strong>divina.</strong></span> 
     </span>
    </p>

    <p class='ocr_par' dir='ltr' id='par_1_9' title="bbox 419 4037 1671 4316">
     <span class='ocr_line' id='line_1_31' title="bbox 508 4037 1671 4122; baseline 0.003 -20"><span class='ocrx_word' id='word_1_256' title='bbox 508 4039 641 4122; x_wconf 71' lang='lat' dir='ltr'><strong>Arcum.</strong></span> <span class='ocrx_word' id='word_1_257' title='bbox 666 4037 730 4103; x_wconf 93' lang='grc' dir='ltr'><em>ΙΙΙ.</em></span> <span class='ocrx_word' id='word_1_258' title='bbox 776 4037 967 4104; x_wconf 83' lang='lat' dir='ltr'><strong>Eaeeotictis</strong></span> <span class='ocrx_word' id='word_1_259' title='bbox 996 4039 1120 4119; x_wconf 81' lang='lat' dir='ltr'><strong>relatio,</strong></span> <span class='ocrx_word' id='word_1_260' title='bbox 1150 4059 1245 4122; x_wconf 81' lang='lat' dir='ltr'><strong>qoam</strong></span> <span class='ocrx_word' id='word_1_261' title='bbox 1269 4037 1361 4103; x_wconf 76' lang='lat' dir='ltr'><strong>hotot</strong></span> <span class='ocrx_word' id='word_1_262' title='bbox 1385 4040 1468 4104; x_wconf 84' lang='lat' dir='ltr'><strong>ratio</strong></span> <span class='ocrx_word' id='word_1_263' title='bbox 1491 4047 1602 4106; x_wconf 80' lang='lat' dir='ltr'><strong>crecta</strong></span> <span class='ocrx_word' id='word_1_264' title='bbox 1623 4042 1671 4105; x_wconf 84' lang='lat' dir='ltr'><strong>cd</strong></span> 
     </span>
     <span class='ocr_line' id='line_1_32' title="bbox 420 4141 1670 4229; baseline 0.002 -19"><span class='ocrx_word' id='word_1_265' title='bbox 420 4145 575 4211; x_wconf 79' lang='lat' dir='ltr'><strong>rationem</strong></span> <span class='ocrx_word' id='word_1_266' title='bbox 600 4143 752 4224; x_wconf 77' lang='lat' dir='ltr'><strong>divinam,</strong></span> <span class='ocrx_word' id='word_1_267' title='bbox 776 4142 862 4207; x_wconf 89' lang='lat' dir='ltr'><strong>idem</strong></span> <span class='ocrx_word' id='word_1_268' title='bbox 886 4141 1100 4208; x_wconf 85' lang='lat' dir='ltr'><strong>demonstrat.</strong></span> <span class='ocrx_word' id='word_1_269' title='bbox 1144 4142 1272 4226; x_wconf 89' lang='lat' dir='ltr'><strong>Nempe</strong></span> <span class='ocrx_word' id='word_1_270' title='bbox 1295 4142 1339 4208; x_wconf 88' lang='lat' dir='ltr'><strong>ad</strong></span> <span class='ocrx_word' id='word_1_271' title='bbox 1360 4142 1446 4209; x_wconf 91' lang='lat' dir='ltr'><strong>hanc</strong></span> <span class='ocrx_word' id='word_1_272' title='bbox 1468 4143 1527 4210; x_wconf 92' lang='lat' dir='ltr'><strong>illa</strong></span> <span class='ocrx_word' id='word_1_273' title='bbox 1550 4149 1670 4229; x_wconf 89' lang='lat' dir='ltr'><strong>suapte</strong></span> 
     </span>
     <span class='ocr_line' id='line_1_33' title="bbox 419 4247 706 4316; baseline -0.014 0"><span class='ocrx_word' id='word_1_274' title='bbox 419 4253 539 4316; x_wconf 84' lang='lat' dir='ltr'><strong>natura</strong></span> <span class='ocrx_word' id='word_1_275' title='bbox 562 4247 706 4313; x_wconf 88' lang='lat' dir='ltr'><strong>refertur</strong></span> 
     </span>
    </p>

    <p class='ocr_par' dir='ltr' id='par_1_10' title="bbox 420 4363 1670 5084">
     <span class='ocr_line' id='line_1_34' title="bbox 508 4363 1670 4448; baseline 0.001 -18"><span class='ocrx_word' id='word_1_276' title='bbox 508 4363 542 4446; x_wconf 89' lang='lat' dir='ltr'><strong>a)</strong></span> <span class='ocrx_word' id='word_1_277' title='bbox 565 4368 733 4445; x_wconf 82' lang='lat' dir='ltr'><strong>tamquam</strong></span> <span class='ocrx_word' id='word_1_278' title='bbox 764 4384 861 4428; x_wconf 82' lang='lat' dir='ltr'><strong>causa</strong></span> <span class='ocrx_word' id='word_1_279' title='bbox 892 4364 1033 4428; x_wconf 82' lang='lat' dir='ltr'><strong>secunda</strong></span> <span class='ocrx_word' id='word_1_280' title='bbox 1060 4365 1107 4428; x_wconf 88' lang='lat' dir='ltr'><strong>ad</strong></span> <span class='ocrx_word' id='word_1_281' title='bbox 1137 4384 1267 4428; x_wconf 81' lang='lat' dir='ltr'><strong>coucam</strong></span> <span class='ocrx_word' id='word_1_282' title='bbox 1296 4367 1447 4448; x_wconf 83' lang='lat' dir='ltr'><strong>primam.</strong></span> <span class='ocrx_word' id='word_1_283' title='bbox 1494 4364 1566 4431; x_wconf 90' lang='lat' dir='ltr'><strong>Iam</strong></span> <span class='ocrx_word' id='word_1_284' title='bbox 1589 4385 1670 4432; x_wconf 87' lang='lat' dir='ltr'><strong>vero</strong></span> 
     </span>
     <span class='ocr_line' id='line_1_35' title="bbox 420 4467 1670 4549; baseline 0 -13"><span class='ocrx_word' id='word_1_285' title='bbox 420 4471 507 4537; x_wconf 88' lang='lat' dir='ltr'><strong>circa</strong></span> <span class='ocrx_word' id='word_1_286' title='bbox 536 4471 621 4536; x_wconf 89' lang='lat' dir='ltr'><strong>hanc</strong></span> <span class='ocrx_word' id='word_1_287' title='bbox 650 4467 843 4535; x_wconf 88' lang='lat' dir='ltr'><strong>relationem</strong></span> <span class='ocrx_word' id='word_1_288' title='bbox 873 4469 921 4535; x_wconf 91' lang='lat' dir='ltr'><strong>ita</strong></span> <span class='ocrx_word' id='word_1_289' title='bbox 951 4489 1025 4534; x_wconf 90' lang='lat' dir='ltr'><strong>cum</strong></span> <span class='ocrx_word' id='word_1_290' title='bbox 1047 4471 1082 4536; x_wconf 84' lang='lat' dir='ltr'><strong>S.</strong></span> <span class='ocrx_word' id='word_1_291' title='bbox 1109 4470 1231 4536; x_wconf 69' lang='lat' dir='ltr'><strong>iterna</strong></span> <span class='ocrx_word' id='word_1_292' title='bbox 1260 4469 1452 4536; x_wconf 90' lang='lat' dir='ltr'><strong>ratiocinari</strong></span> <span class='ocrx_word' id='word_1_293' title='bbox 1481 4470 1576 4538; x_wconf 89' lang='lat' dir='ltr'><strong>licet:</strong></span> <span class='ocrx_word' id='word_1_294' title='bbox 1612 4471 1670 4549; x_wconf 82' lang='lat' dir='ltr'><strong>¹,ln</strong></span> 
     </span>
     <span class='ocr_line' id='line_1_36' title="bbox 420 4575 1669 4660; baseline 0 -18"><span class='ocrx_word' id='word_1_295' title='bbox 420 4576 568 4642; x_wconf 90' lang='lat' dir='ltr'><strong>omnibus</strong></span> <span class='ocrx_word' id='word_1_296' title='bbox 592 4576 699 4641; x_wconf 86' lang='lat' dir='ltr'><strong>causis</strong></span> <span class='ocrx_word' id='word_1_297' title='bbox 723 4575 881 4642; x_wconf 91' lang='lat' dir='ltr'><strong>ordinatis</strong></span> <span class='ocrx_word' id='word_1_298' title='bbox 904 4576 1042 4642; x_wconf 85' lang='lat' dir='ltr'><strong>effectus</strong></span> <span class='ocrx_word' id='word_1_299' title='bbox 1061 4575 1135 4660; x_wconf 92' lang='lat' dir='ltr'><strong>plus</strong></span> <span class='ocrx_word' id='word_1_300' title='bbox 1150 4575 1273 4660; x_wconf 89' lang='lat' dir='ltr'><strong>pendet</strong></span> <span class='ocrx_word' id='word_1_301' title='bbox 1288 4597 1309 4642; x_wconf 94' lang='lat' dir='ltr'><strong>a</strong></span> <span class='ocrx_word' id='word_1_302' title='bbox 1325 4595 1426 4642; x_wconf 87' lang='lat' dir='ltr'><strong>causa</strong></span> <span class='ocrx_word' id='word_1_303' title='bbox 1440 4575 1548 4659; x_wconf 86' lang='lat' dir='ltr'><strong>prima</strong></span> <span class='ocrx_word' id='word_1_304' title='bbox 1570 4597 1669 4660; x_wconf 89' lang='lat' dir='ltr'><strong>quam</strong></span> 
     </span>
     <span class='ocr_line' id='line_1_37' title="bbox 420 4681 1670 4764; baseline 0 -15"><span class='ocrx_word' id='word_1_305' title='bbox 420 4705 440 4749; x_wconf 91' lang='lat' dir='ltr'><strong>a</strong></span> <span class='ocrx_word' id='word_1_306' title='bbox 471 4702 571 4748; x_wconf 89' lang='lat' dir='ltr'><strong>causa</strong></span> <span class='ocrx_word' id='word_1_307' title='bbox 600 4682 752 4760; x_wconf 89' lang='lat' dir='ltr'><strong>secunda,</strong></span> <span class='ocrx_word' id='word_1_308' title='bbox 784 4681 861 4764; x_wconf 89' lang='lat' dir='ltr'><strong>quia</strong></span> <span class='ocrx_word' id='word_1_309' title='bbox 890 4703 990 4748; x_wconf 85' lang='lat' dir='ltr'><strong>causa</strong></span> <span class='ocrx_word' id='word_1_310' title='bbox 1020 4681 1164 4747; x_wconf 88' lang='lat' dir='ltr'><strong>secunda</strong></span> <span class='ocrx_word' id='word_1_311' title='bbox 1192 4703 1257 4747; x_wconf 90' lang='lat' dir='ltr'><strong>non</strong></span> <span class='ocrx_word' id='word_1_312' title='bbox 1287 4681 1359 4764; x_wconf 78' lang='lat' dir='ltr'><strong>agit</strong></span> <span class='ocrx_word' id='word_1_313' title='bbox 1388 4682 1453 4748; x_wconf 90' lang='lat' dir='ltr'><strong>nisi</strong></span> <span class='ocrx_word' id='word_1_314' title='bbox 1480 4681 1514 4748; x_wconf 90' lang='lat' dir='ltr'><strong>in</strong></span> <span class='ocrx_word' id='word_1_315' title='bbox 1545 4683 1670 4750; x_wconf 78' lang='lat' dir='ltr'><strong>virtute</strong></span> 
     </span>
     <span class='ocr_line' id='line_1_38' title="bbox 420 4787 1670 4874; baseline 0.001 -21"><span class='ocrx_word' id='word_1_316' title='bbox 420 4787 545 4874; x_wconf 84' lang='lat' dir='ltr'><strong>primae</strong></span> <span class='ocrx_word' id='word_1_317' title='bbox 576 4808 704 4854; x_wconf 89' lang='lat' dir='ltr'><strong>causae.</strong></span> <span class='ocrx_word' id='word_1_318' title='bbox 751 4787 842 4864; x_wconf 83' lang='lat' dir='ltr'><strong>Quod</strong></span> <span class='ocrx_word' id='word_1_319' title='bbox 870 4793 981 4854; x_wconf 90' lang='lat' dir='ltr'><strong>autem</strong></span> <span class='ocrx_word' id='word_1_320' title='bbox 1004 4787 1091 4854; x_wconf 91' lang='lat' dir='ltr'><strong>ratio</strong></span> <span class='ocrx_word' id='word_1_321' title='bbox 1114 4787 1258 4854; x_wconf 91' lang='lat' dir='ltr'><strong>humana</strong></span> <span class='ocrx_word' id='word_1_322' title='bbox 1281 4787 1326 4855; x_wconf 92' lang='lat' dir='ltr'><strong>sit</strong></span> <span class='ocrx_word' id='word_1_323' title='bbox 1347 4789 1465 4872; x_wconf 82' lang='lat' dir='ltr'><strong>regula</strong></span> <span class='ocrx_word' id='word_1_324' title='bbox 1486 4789 1670 4856; x_wconf 84' lang='lat' dir='ltr'><strong>voluntatis</strong></span> 
     </span>
     <span class='ocr_line' id='line_1_39' title="bbox 420 4891 1668 4978; baseline 0.002 -20"><span class='ocrx_word' id='word_1_325' title='bbox 420 4895 591 4970; x_wconf 87' lang='lat' dir='ltr'><strong>humanae,</strong></span> <span class='ocrx_word' id='word_1_326' title='bbox 616 4913 659 4958; x_wconf 88' lang='lat' dir='ltr'><strong>cx</strong></span> <span class='ocrx_word' id='word_1_327' title='bbox 683 4913 748 4976; x_wconf 88' lang='lat' dir='ltr'><strong>qua</strong></span> <span class='ocrx_word' id='word_1_328' title='bbox 771 4891 840 4957; x_wconf 90' lang='lat' dir='ltr'><strong>eius</strong></span> <span class='ocrx_word' id='word_1_329' title='bbox 863 4892 994 4959; x_wconf 87' lang='lat' dir='ltr'><strong>bonitas</strong></span> <span class='ocrx_word' id='word_1_330' title='bbox 1013 4900 1232 4973; x_wconf 87' lang='lat' dir='ltr'><strong>mensuratur,</strong></span> <span class='ocrx_word' id='word_1_331' title='bbox 1255 4893 1358 4960; x_wconf 86' lang='lat' dir='ltr'><strong>habet</strong></span> <span class='ocrx_word' id='word_1_332' title='bbox 1373 4915 1416 4962; x_wconf 85' lang='lat' dir='ltr'><strong>ex</strong></span> <span class='ocrx_word' id='word_1_333' title='bbox 1430 4895 1506 4978; x_wconf 81' lang='lat' dir='ltr'><strong>lege</strong></span> <span class='ocrx_word' id='word_1_334' title='bbox 1520 4900 1668 4974; x_wconf 87' lang='lat' dir='ltr'><strong>aeterua,</strong></span> 
     </span>
     <span class='ocr_line' id='line_1_40' title="bbox 420 4999 1666 5084; baseline 0.001 -18"><span class='ocrx_word' id='word_1_335' title='bbox 420 5020 504 5084; x_wconf 89' lang='lat' dir='ltr'><strong>quae</strong></span> <span class='ocrx_word' id='word_1_336' title='bbox 542 5003 593 5064; x_wconf 86' lang='lat' dir='ltr'><strong>est</strong></span> <span class='ocrx_word' id='word_1_337' title='bbox 627 5003 710 5064; x_wconf 82' lang='lat' dir='ltr'><strong>ratio</strong></span> <span class='ocrx_word' id='word_1_338' title='bbox 747 5001 867 5065; x_wconf 78' lang='lat' dir='ltr'><strong>divina.</strong></span> <span class='ocrx_word' id='word_1_339' title='bbox 925 4999 1017 5066; x_wconf 92' lang='lat' dir='ltr'><strong>Unde</strong></span> <span class='ocrx_word' id='word_1_340' title='bbox 1047 5000 1091 5066; x_wconf 89' lang='lat' dir='ltr'><strong>Ps</strong></span> <span class='ocrx_word' id='word_1_341' title='bbox 1121 5005 1158 5078; x_wconf 77' lang='lat'><strong>4,</strong></span> <span class='ocrx_word' id='word_1_342' title='bbox 1191 5004 1210 5066; x_wconf 90' lang='grc'><strong>6</strong></span> <span class='ocrx_word' id='word_1_343' title='bbox 1244 5001 1379 5066; x_wconf 86' lang='lat' dir='ltr'><strong>dicitur:</strong></span> <span class='ocrx_word' id='word_1_344' title='bbox 1416 5000 1513 5068; x_wconf 89' lang='lat' dir='ltr'><strong>Multi</strong></span> <span class='ocrx_word' id='word_1_345' title='bbox 1543 5001 1666 5080; x_wconf 77' lang='lat' dir='ltr'><strong>dieunt.</strong></span> 
     </span>
    </p>
   </div>
   <div class='ocr_carea' id='block_1_6' title="bbox 0 0 1968 5842">
    <p class='ocr_par' dir='ltr' id='par_1_11' title="bbox 0 0 1968 5842">
     <span class='ocr_line' id='line_1_41' title="bbox 0 0 1968 5842; baseline 0 0"><span class='ocrx_word' id='word_1_346' title='bbox 0 0 1968 5842; x_wconf 95' lang='lat' dir='ltr'><strong> </strong></span> 
     </span>
    </p>
   </div>
  </div>
 </body>
</html>
