3909 5842
457 703 521 764 324
689 696 779 752 Sestio
798 696 831 750 lI.
868 695 949 750 Liber
966 697 987 750 Ι.
1026 696 1115 767 Caput
1132 696 1152 749 Ι.
1189 694 1329 750 articulus
1347 695 1373 748 2.
1411 693 1475 762 §2-

455 875 523 947 374.
613 875 651 940 Id
675 895 772 958 porro
796 873 944 958 operatio
969 873 1100 939 socialis
1122 872 1252 938 ratione
1274 871 1349 937 finis
1371 892 1445 936 cum
1472 871 1693 937 functionem·
1757 895 1758 962 p

453 983 515 1048 tali
527 982 757 1063 cuiuscumque
773 980 952 1063 organismi
968 999 1138 1045 commuue
1153 978 1262 1057 habet,
1279 982 1317 1044 ut
1331 997 1391 1062 per
1405 979 1578 1060 quosdam
1594 979 1694 1065 produ
1757 1011 1758 1032 1

455 1089 498 1154 ad
529 1109 622 1154 suum
656 1089 774 1152 bonum
808 1090 842 1152 et
872 1089 969 1152 finem
1000 1087 1181 1170 praefixum
1212 1085 1399 1152 contendat.
1447 1085 1489 1150 ln
1525 1085 1617 1150 omni
1637 1091 1697 1149 eois

424 1225 430 1233 ·
455 1193 610 1278 organico
619 1195 747 1280 primus
758 1193 881 1276 gradus
893 1191 1002 1258 finalis
1018 1191 1219 1277 operationis
1235 1191 1386 1257 consistit
1399 1190 1434 1256 in
1450 1191 1698 1256 conservatione

455 1300 504 1366 sui
529 1300 640 1384 ipsius,
665 1299 807 1366 arcendo
831 1303 969 1365 mortem
995 1320 1034 1365 ac
1058 1298 1320 1373 dissolutionem
1352 1301 1432 1364 oter
1457 1297 1496 1362 in
1524 1297 1699 1364 evolutione

454 1405 584 1472 interna
607 1409 641 1472 et
664 1409 803 1472 externa
826 1405 868 1471 ad
892 1409 1016 1471 statum
1040 1405 1168 1470 essendi
1192 1403 1385 1488 perfectum,
1409 1404 1461 1469 cui
1488 1409 1530 1470 et
1546 1405 1700 1489 perfectus

456 1513 550 1595 vigor
574 1511 685 1578 vitalis
709 1511 910 1595 operationis
933 1511 1127 1595 respondet3
1150 1513 1263 1576 tertius
1286 1510 1424 1592 denique
1440 1514 1476 1576 et
1492 1533 1650 1576 summus
1663 1516 1700 1573 cst

454 1618 588 1704 propria
611 1619 697 1684 entis
721 1617 865 1700 organici
891 1617 937 1697 (iu
961 1638 998 1682 se
1018 1617 1084 1682 iam
1099 1617 1252 1700 perlecti)
1267 1616 1492 1695 fructificatio,
1519 1639 1587 1684 seu
1602 1619 1701 1684 imme

455 1725 547 1792 diata
570 1725 639 1790 eius
663 1724 834 1807 adaptatio
856 1723 898 1790 ad
913 1725 1011 1788 finem
1028 1723 1147 1807 operis,
1171 1743 1267 1806 quem
1283 1723 1383 1806 vulgo
1399 1728 1587 1789 externum
1604 1722 1702 1807 appel·

454 1833 526 1898 lant
549 1834 584 1896 et
606 1829 639 1896 in
663 1851 726 1912 quo
750 1827 898 1914 proxime
921 1829 988 1894 sita
1011 1833 1062 1894 est
1079 1849 1178 1894 causa
1193 1828 1300 1894 finalis
1315 1833 1384 1893 tum
1401 1829 1632 1895 exsistentiae
1646 1833 1700 1893 ton

454 1939 605 2005 internae
635 1935 848 2020 perfectionis
878 1935 982 2000 totius
1012 1934 1106 2001 eutis.
1154 1933 1206 1999 Ad
1235 1935 1321 2000 hune
1342 1935 1445 2017 igitur
1467 1936 1617 2002 tertium
1642 1933 1702 1998 boui

454 2044 591 2128 gradum
631 2047 769 2125 uterque
807 2042 1008 2126 praecedens
1037 2041 1181 2106 finaliter
1214 2041 1384 2108 ordinatur
1413 2041 1447 2106 in
1479 2063 1596 2126 eoque
1627 2061 1701 2106 con·

454 2152 574 2235 pletur.

545 2255 648 2323 Simili
664 2255 841 2322 rationein
858 2256 1019 2336 societate
1035 2255 1191 2321 nativitas
1206 2254 1337 2320 socialis
1353 2255 1534 2320 secundum
1552 2258 1699 2342 triplicem

454 2366 592 2451 prodam
617 2385 655 2428 ac
677 2363 805 2428 modum
829 2361 871 2427 ad
894 2361 1013 2427 bouum
1037 2361 1158 2427 sociale
1181 2361 1378 2445 completum
1403 2360 1581 2443 dirigitur:

546 2473 574 2536 1.
601 2470 763 2550 Quatenus
786 2471 889 2554 ipsam
912 2471 1072 2534 internam
1096 2469 1251 2533 sectantis
1274 2471 1542 2534 conseruationem
1569 2470 1700 2553 respicit.

455 2576 534 2643 Vita
557 2577 669 2640 autem
692 2574 825 2659 propria
848 2574 1017 2641 societatis
1040 2574 1073 2640 in
1090 2574 1207 2640 morali
1222 2575 1384 2640 sociorum
1399 2575 1520 2640 unione
1537 2574 1700 2642 consistit:

455 2681 590 2767 proinde
615 2679 656 2745 ad
680 2679 771 2745 illam
795 2681 1054 2746 conservandam
1078 2681 1283 2764 potissimum
1306 2681 1398 2758 facit,
1429 2681 1594 2765 quidquid
1626 2680 1700 2744 hanc

454 2786 589 2853 vitalem
614 2785 767 2850 unionem
791 2789 825 2852 et
847 2807 906 2870 per
930 2807 1002 2853 eam
1025 2787 1128 2853 totius
1151 2787 1298 2870 eorporis
1320 2786 1451 2852 socialis
1474 2787 1698 2854 cohaesionem

456 2892 549 2958 fovet
572 2895 672 2974 atque
695 2893 876 2969 confirmat,
902 2893 979 2976 quin
1002 2898 1113 2960 tamen
1129 2914 1307 2976 congruam
1322 2893 1496 2977 sphaeram
1513 2888 1699 2977 spontanei·

453 2999 534 3064 tatis
567 3001 602 3064 et
632 2997 795 3062 libertatis
825 2997 1008 3082 personalis
1031 2997 1203 3077 sociorum,
1233 3019 1318 3080 quae
1341 3003 1393 3064 est
1415 3000 1609 3065 necessaria
1632 3016 1698 3063 con·

457 3105 541 3171 dicio
564 3103 693 3170 unionis
717 3125 795 3170 vere
818 3107 961 3189 moralis,
987 3105 1142 3171 excludat
1164 3104 1218 3170 vel
1241 3105 1350 3187 inique
1373 3104 1541 3188 impediat.

546 3215 575 3277 2.
609 3212 773 3293 &alenus
804 3212 850 3276 ad
879 3214 1054 3278 societatem
1085 3215 1119 3277 in
1149 3233 1209 3276 sua
1233 3214 1333 3297 specie
1358 3211 1560 3277 evolvendam
1584 3221 1615 3278 et
1636 3230 1696 3295 per·

452 3319 623 3404 ficiendm
647 3321 794 3403 pertinet.
841 3317 890 3383 Eo
920 3338 979 3402 per
1009 3339 1046 3382 se
1075 3321 1222 3402 spectat,
1253 3317 1408 3400 quidquid
1434 3317 1577 3383 sociales
1605 3314 1698 3383 facul·

453 3428 541 3492 tates
574 3425 616 3490 ad
647 3423 803 3491 maiorem
833 3423 1060 3490 intensitatem
1091 3427 1126 3490 et
1149 3423 1340 3507 ampliorem
1371 3423 1552 3489 efficaciam
1583 3425 1696 3490 elevat,

454 3531 502 3597 uti
533 3533 744 3612 augmentum
777 3529 994 3595 subsidiorum
1025 3529 1179 3609 realium,
1213 3529 1364 3596 dilatatio
1395 3531 1541 3614 corporis
1572 3527 1696 3598 socialis

455 3639 552 3702 aucto
583 3657 720 3701 numero
756 3635 873 3702 virium
912 3635 1169 3720 conspirantium
1208 3635 1338 3718 aliaque
1375 3636 1463 3702 iusta
1498 3637 1695 3704 incrementa

454 3765 497 3808 ex
529 3747 625 3826 parte
654 3741 851 3807 relationum
882 3747 1113 3822 externarum,
1142 3762 1226 3824 quae
1256 3746 1396 3808 naturae
1425 3742 1598 3810 societatis
1627 3761 1692 3807 con-

454 3851 614 3914 sentanea
643 3847 710 3913 siut
740 3851 775 3914 et
804 3848 920 3930 quibus
949 3849 1081 3915 interna
1112 3869 1239 3931 quoque
1269 3849 1400 3914 socialis
1422 3849 1571 3932 operatio
1594 3851 1693 3916 inteu-

454 3955 521 4021 sior
552 3953 719 4021 reddatur.
773 3954 826 4021 Ne
861 3959 972 4022 autem
1007 3959 1146 4021 externa
1181 3957 1327 4040 corporis
1358 3956 1489 4021 socialis
1523 3957 1692 4040 augmenta

455 4060 647 4127 societatem
682 4060 792 4144 potius
827 4061 999 4128 debilitent
1033 4061 1167 4145 eiusque
1201 4061 1337 4128 vitalem
1370 4063 1532 4129 unitatem
1567 4063 1601 4128 in
1635 4059 1692 4127 dis·

455 4167 577 4233 crimen
601 4165 782 4246 adducant,
811 4185 946 4231 necesse
970 4173 1039 4244 est,
1071 4172 1108 4234 ut
1131 4188 1170 4232 ea
1194 4167 1343 4234 internae
1366 4167 1400 4232 vi
1426 4168 1560 4234 moralis
1584 4169 1691 4235 cohae-

454 4272 555 4338 sionis
578 4271 645 4338 sint
668 4271 928 4356 proportionata.

544 4381 574 4445 3.
608 4380 770 4461 Quatenus
801 4381 918 4444 directe
947 4381 1122 4444 ordinatur
1145 4381 1189 4444 ad
1212 4383 1371 4446 socialiter
1393 4382 1538 4446 iuoaaada
1563 4381 1689 4448 mandra

454 4487 621 4568 societatis,
647 4487 691 4550 eis
715 4487 835 4570 copiam
859 4484 1012 4566 faciendo
1037 4486 1248 4550 emolumentis
1268 4487 1438 4551 socialibus
1453 4495 1615 4573 tamquam
1629 4507 1691 4551 aero

455 4593 534 4656 bono
565 4593 723 4656 cominuni
750 4591 896 4674 fruendi.
944 4591 1016 4656 Hoc
1045 4591 1160 4656 ultime
1190 4595 1319 4656 tantum
1346 4592 1478 4658 socialis
1502 4589 1689 4676 operationis

454 4697 667 4780 generatinis
684 4699 811 4762 somatis
827 4696 958 4780 proprie
975 4697 1172 4780 completum
1197 4717 1260 4779 quo
1277 4699 1514 4781 complemento
1531 4700 1688 4766 deficiente

454 4803 510 4867 ille
533 4801 676 4867 nondum
701 4811 773 4868 actu
797 4823 876 4868 vere
900 4803 1020 4868 bonum
1044 4824 1214 4868 commuue
1237 4825 1343 4886 neque
1369 4805 1477 4871 ideale
1506 4805 1685 4891 principium

455 4907 588 4973 moralis
611 4908 820 4975 attractionis
843 4911 878 4973 et
907 4909 1159 4992 conspirationis
1189 4910 1321 4976 socialis
1351 4932 1423 4976 esse
1445 4917 1568 4996 posset.
1613 4911 1683 4978 Nan

454 5013 580 5096 reliqua
596 5013 713 5092 omnia,
739 5034 823 5096 quae
848 5013 1058 5097 praecedunt,
1083 5015 1124 5079 ad
1148 5015 1233 5080 hunc
1257 5015 1396 5098 denique
1415 5019 1512 5083 finem
1527 5041 1565 5084 ae
1579 5018 1684 5084 habent
