3909 5842
412 654 477 718 428
629 648 718 703 Sentio
736 648 770 703 H.
809 648 888 703 ldber
907 648 941 704 ll.
979 647 1069 728 Caput
1086 649 1121 705 II.
1157 647 1298 704 Artionlus
1316 648 1342 702 2.
1379 646 1442 715 Η.

411 831 533 895 minum
545 826 701 908 societas)
714 828 756 892 ad
768 826 868 893 istam
880 826 1155 911 independentiae
1166 825 1436 910 praerogativam
1449 824 1617 891 elevatur.
1628 861 1672 868 -
1769 769 1771 914 l

411 936 519 1019 Magis
543 934 654 1011 etiam,
678 933 707 998 si
725 932 795 999 fieri
810 937 932 1019 potest,
955 933 1163 999 haecomnia
1179 933 1314 999 Fiahteo
1330 931 1564 1015 exprobranda
1580 937 1671 1008 sunt
1769 927 1771 1014 1

411 1045 527 1125 utpote
559 1040 613 1123 qui
646 1039 738 1106 ideas
762 1040 946 1107 Kantianaa
979 1061 1045 1105 non
1075 1040 1180 1105 solum
1212 1060 1291 1104 suas
1320 1038 1410 1117 feeit,
1441 1037 1501 1103 sed
1532 1037 1672 1103 easdem

412 1148 518 1231 logice
542 1148 706 1231 complere
730 1150 867 1214 conatus
892 1151 953 1214 est.

414 1278 483 1349 529.
575 1280 615 1347 ΙΙ.
639 1280 692 1345 Ex
717 1279 768 1345 his
791 1279 893 1362 igitur
916 1279 1063 1346 fontibus
1086 1278 1243 1344 moderno
1262 1299 1391 1361 quoque
1409 1280 1667 1360 „la'lreraliamo⁸
1769 1249 1771 1270 ⁵

414 1386 558 1451 obiective
574 1394 720 1473 spectato,
736 1408 794 1451 seu
811 1407 876 1469 qua
892 1386 1029 1453 denotat
1044 1389 1192 1469 systema
1208 1384 1377 1451 doctrinae
1393 1385 1672 1469 politico-sociale
1769 1457 1771 1466 ¹

412 1490 460 1555 illi
483 1491 564 1556 iuris
587 1492 812 1559 rationalismo
837 1513 1026 1575 congruum,
1052 1494 1166 1558 eadem
1188 1490 1413 1575 philosophica
1427 1492 1559 1556 indoles
1575 1513 1597 1557 a
1612 1512 1672 1557 ns-
1769 1483 1771 1522 ³

412 1596 546 1663 tivitate
571 1598 729 1665 inhaeret.
777 1598 885 1676 Quare
909 1602 944 1665 et
965 1598 1022 1664 ille
1045 1598 1171 1682 pariter
1194 1620 1215 1663 a
1238 1618 1298 1663 sua
1320 1598 1493 1663 tendentia
1516 1600 1671 1664 obiaatira

414 1704 580 1787 perhanc
609 1710 769 1770 tesseram
801 1704 972 1771 verissime
1002 1705 1169 1788 signatur:
1199 1706 1425 1771 Humanitatis
1456 1708 1671 1792 mancipatio

411 1812 679 1896 politico-socialis
702 1810 740 1875 ab
765 1813 850 1877 amai
873 1812 946 1896 iope,
977 1833 1059 1897 puae
1089 1813 1251 1876 humanae
1273 1812 1411 1875 rationis
1435 1834 1473 1876 oo
1496 1815 1671 1878 voluntatis

414 1919 633 1982 auctoritatem
656 1918 887 1984 tranasoeadat.
1024 2004 1047 2056 Β

504 2102 630 2169 Partim
663 2108 699 2168 ut
732 2106 947 2188 corollarium,
981 2104 1103 2188 partim
1132 2108 1170 2171 ut
1200 2107 1456 2190 amrrplamaatam
1486 2104 1531 2170 ad
1562 2104 1672 2170 thesin

415 2210 512 2276 modo
536 2209 793 2277 demonstratam
818 2210 947 2276 aooedit
969 2210 1052 2276 haee
1075 2211 1274 2293 gravissima
1296 2210 1479 2278 conclusio:

416 2343 486 2415 530.
574 2330 730 2414 Thetis
757 2330 936 2415 XLVII·
964 2354 1190 2417 Praetensum
1211 2354 1252 2417 de
1269 2354 1357 2417 iuris
1371 2354 1507 2434 origine
1522 2356 1670 2430 axiam

417 2472 483 2533 quo
504 2457 659 2519 absolute
680 2453 849 2516 asseritur
868 2453 998 2515 nullam
1019 2452 1112 2514 inter
1132 2452 1258 2515 liberas
1279 2468 1445 2529 personas
1465 2453 1671 2516 relationem

417 2554 552 2631 proprie
580 2550 759 2614 iuridIeam
786 2550 902 2612 indual
930 2566 971 2611 ao
992 2548 1133 2625 proinde
1161 2549 1293 2610 nullum
1319 2548 1375 2610 ius
1395 2550 1539 2612 realiter
1560 2550 1670 2613 deter-

417 2651 543 2713 minari
564 2666 663 2728 posse
684 2648 754 2709 nisi
775 2665 835 2725 per
856 2649 986 2709 laetum
1000 2646 1157 2724 liberum,
1178 2645 1201 2707 i.
1217 2663 1247 2709 e.
1262 2663 1469 2708 eonsensum
1482 2648 1670 2709 munden

418 2763 652 2823 personarum,
674 2762 734 2821 pro
756 2762 820 2807 sua
841 2744 1101 2809 universalitate
1122 2762 1302 2807 erroneam
1324 2761 1402 2806 esse
1422 2745 1606 2821 probetur.

509 2862 815 2931 Praenotanda.
848 2863 983 2929 laterna
1004 2862 1195 2928 solidaritas
1212 2862 1290 2928 talis
1306 2862 1482 2929 axiomatis
1498 2884 1577 2928 eum
1594 2866 1670 2930 iuris

419 2968 625 3055 philosophia
647 2970 743 3035 modo
768 2990 913 3053 expensa
936 2969 1019 3037 satis
1041 2990 1102 3053 per
1124 2989 1161 3034 se
1183 2968 1296 3051 liquet.
1328 2968 1421 3033 Illius
1437 2973 1554 3034 tamen
1579 2971 1670 3037 initia
1769 3019 1771 3048 2

420 3082 455 3144 et
485 3074 652 3141 anteriora
681 3080 716 3141 et
745 3075 866 3141 latiora
896 3079 1041 3141 exstant.
1088 3074 1151 3140 Est
1177 3074 1262 3139 enim
1287 3074 1370 3139 haee
1392 3074 1464 3139 fere
1488 3078 1670 3141 eommunis

420 3183 474 3248 vel
504 3202 662 3266 expressa
692 3182 745 3247 vel
768 3182 872 3248 tacita
895 3182 1090 3265 hypothesis
1112 3181 1286 3247 universae
1313 3180 1480 3259 „theoriae
1502 3183 1598 3264 paoti
1621 3204 1670 3247 so·

420 3288 544 3365 aialis“‚
575 3288 645 3354 sive
675 3310 748 3353 eum
773 3288 937 3353 Hobhesio
969 3294 1003 3355 et
1025 3287 1228 3353 Rousseavio
1259 3286 1365 3351 omnis
1388 3286 1521 3352 omnino
1545 3292 1670 3354 socialis

420 3396 500 3474 vita,
524 3396 595 3461 sive
618 3416 692 3460 eum
712 3396 826 3461 Gratia
850 3399 885 3461 et
901 3394 1110 3460 Pufendorfio
1134 3396 1236 3459 civilis
1259 3393 1425 3459 sooietas¹
1448 3415 1515 3459 non
1540 3394 1669 3460 aliunde

419 3502 481 3565 nisi
512 3522 554 3567 ex
584 3500 694 3583 aliquo
726 3504 822 3584 paeto
853 3501 972 3567 saltem
1002 3500 1154 3567 idealiter
1184 3499 1389 3566 admittendo
1420 3500 1499 3565 oriri
1522 3502 1669 3585 potuisse

419 3608 556 3675 dicatur.
603 3607 778 3672 Commune
809 3607 895 3673 enim
925 3606 1137 3691 principium,
1168 3627 1189 3671 a
1219 3628 1283 3689 quo
1313 3627 1426 3672 omnes
1453 3606 1510 3674 isti
1542 3608 1669 3691 prolici-

419 3716 565 3791 sountm,
590 3716 641 3777 est
657 3713 869 3795 originarium
885 3713 1018 3796 aliquod
1036 3717 1088 3778 ias
1103 3714 1260 3779 libertatis
1276 3722 1425 3780 marnae
1440 3713 1583 3796 singulis
1599 3736 1669 3798 per·

420 3820 508 3885 sonis
540 3818 607 3901 (vel
637 3822 755 3886 saltem
786 3820 935 3904 patribus
962 3820 1106 3885 familias
1128 3820 1436 3904 independentibus)
1459 3842 1526 3903 qua
1551 3821 1668 3886 talibus
1769 3874 1771 3898 ,

421 3930 620 4011 competens,
645 3927 730 4009 quod
755 3927 884 4011 quidem
908 3948 966 4011 per
990 3948 1026 3992 se
1049 3948 1107 3991 seu
1130 3927 1164 3991 iu
1187 3928 1355 3992 abstracto
1376 3926 1667 3993 consideratnmin
1769 3901 1771 3996 l

421 4034 570 4099 omnibus
602 4034 806 4117 intellegitur
837 4056 908 4100 esse
939 4036 1081 4121 aequale.
1130 4034 1176 4101 Ut
1205 4034 1306 4117 igitur
1330 4054 1373 4098 ex
1396 4032 1559 4098 eiusmodi
1581 4039 1668 4101 statu
1769 4021 1771 4104 f

420 4140 618 4225 (abstracto)
642 4140 840 4225 originariae
863 4140 1028 4207 libertatis
1052 4145 1087 4207 et
1110 4140 1322 4223 aequalitatis
1345 4139 1388 4206 ad
1411 4143 1606 4205 concretam
1620 4160 1669 4205 so-
1769 4145 1771 4156 ’

421 4246 577 4313 oielatem
607 4252 642 4314 et
672 4250 795 4314 statum
826 4248 1016 4331 multiplicis
1045 4246 1204 4312 iuridieae
1236 4245 1474 4329 dependentiae
1504 4245 1669 4311 hominum
1769 4223 1771 4288 ἶ

420 4352 508 4419 inter
531 4374 566 4419 se
590 4357 732 4440 lapithae,
757 4353 777 4418 i.
799 4374 826 4419 e.
851 4354 946 4418 salva
963 4353 1141 4436 originaria
1156 4350 1410 4433 uniuscuiusque
1426 4351 1560 4432 aequali
1575 4350 1669 4415 liber·
1769 4401 1771 4426 ;

420 4464 502 4536 tate,
526 4460 687 4527 transitus
709 4459 780 4525 fieri
803 4460 917 4543 possit,
943 4458 1052 4541 aliquo
1075 4458 1195 4524 saltem
1213 4457 1315 4524 tacito
1332 4456 1495 4522 communi
1511 4477 1669 4523 consensa
1769 4491 1771 4533 ;

422 4587 503 4649 opus
527 4587 600 4631 esse
623 4566 852 4633 concludente
886 4566 999 4641 Immo,
1023 4568 1061 4630 ut
1083 4564 1193 4630 Fichte
1217 4563 1346 4646 quidem
1371 4564 1536 4647 opinatur,
1562 4564 1669 4645 legum
1769 4563 1771 4624 f

426 4683 609 4689 —-----—-
617 4682 653 4689 -0—
664 4683 697 4688 -.-

515 4727 523 4755 ¹
542 4724 581 4777 De
600 4722 652 4777 hae
677 4682 814 4777 sententia
832 4721 997 4775 luculentius
1016 4721 1121 4775 dicetur
1139 4722 1167 4775 in
1186 4720 1275 4775 altera
1293 4724 1371 4790 parte
1389 4720 1472 4774 huius
1490 4722 1599 4791 operis,
1626 4720 1669 4774 nbi

424 4812 456 4865 de
475 4812 534 4865 iure
553 4812 646 4865 sooiali
665 4812 772 4883 publioo
792 4812 819 4865 in
838 4810 928 4880 speeie
948 4810 1093 4877 agendum.

514 4900 585 4952 ‘¹'Ita
611 4901 667 4953 lere
692 4902 794 4969 passim
820 4899 839 4952 ii
864 4898 1051 4969 potissimum,
1078 4900 1125 4968 qui
1150 4899 1242 4969 aliquo
1268 4899 1346 4953 modo
1364 4898 1460 4953 Kantii
1484 4900 1606 4967 vestigia
1630 4914 1670 4951 se·

425 4991 552 5057 quantur.
587 4986 625 5039 Ut
644 5005 678 5040 ex
697 4987 791 5041 multis
810 5004 894 5041 unum
913 4990 1018 5041 tantum
1038 4986 1191 5041 alterumve
1210 4988 1342 5051 referam,
1365 4988 1430 5041 audi
1449 5005 1473 5041 e.
1492 5005 1520 5057 g.
1539 5006 1572 5041 ea
1591 4988 1624 5041 de
1642 5004 1669 5039 rs
1769 4959 1771 5012 3
