3909 5842
444 693 508 758 368
717 688 807 744 Sestio
826 688 860 743 11.
897 689 978 742 Liber
996 688 1030 742 11.
1068 688 1158 758 Caput
1176 689 1197 742 Ι.
1234 687 1377 742 Articulus
1398 689 1423 742 1.

869 956 880 980 r
917 864 1158 934 Articulns
1183 865 1216 934 1.

795 1007 890 1074 Notio
913 1011 998 1074 iuris
1021 1030 1060 1074 ecc
1083 1009 1208 1074 nomine
1227 1011 1339 1093 petito.

441 1150 511 1222 432.
602 1151 687 1216 Iuris
717 1149 911 1216 vocabulum
941 1150 1067 1216 tamin
1092 1151 1254 1216 communi
1277 1173 1337 1216 usu
1360 1151 1533 1233 loquendi
1561 1151 1709 1234 quamin

442 1256 580 1324 scientia
603 1277 662 1342 per
685 1277 721 1322 se
745 1277 809 1322 non
833 1257 875 1321 ad
898 1257 1030 1323 unicum
1052 1277 1184 1322 sensum
1209 1256 1462 1334 determinatur,
1494 1258 1567 1324 sed
1593 1257 1707 1323 variam

441 1363 713 1446 significationem
743 1363 898 1430 admittit.
947 1365 1045 1429 Aliud
1068 1384 1149 1429 eane
1172 1363 1286 1429 eadem
1309 1384 1377 1429 vox
1400 1369 1520 1443 sonat,
1559 1365 1621 1430 ubi
1645 1362 1708 1446 quid

441 1469 492 1536 ius
519 1491 539 1537 a
563 1470 656 1538 nobis
679 1469 803 1552 exigat,
835 1469 1039 1552 inquirimus,
1069 1473 1127 1536 aut
1151 1469 1204 1535 ubi
1230 1470 1269 1534 de
1291 1469 1362 1536 iure
1385 1471 1519 1548 divino,
1557 1469 1707 1536 naturali.

441 1575 594 1654 humano,
619 1577 659 1642 de
682 1576 753 1642 iure
776 1597 861 1642 novo
886 1578 939 1642 vel
963 1578 1098 1660 antiquo
1122 1577 1293 1658 loquimur,
1318 1577 1417 1653 aliud,
1442 1578 1505 1642 ubi
1528 1578 1582 1643 ad
1598 1577 1707 1642 iuste

441 1703 573 1750 currere
603 1685 658 1750 vel
687 1683 720 1749 in
744 1683 794 1750 ius
824 1683 947 1761 vocari,
978 1683 1067 1750 aliud
1096 1683 1243 1766 denique,
1275 1684 1330 1750 ubi
1352 1683 1403 1749 ius
1426 1683 1488 1748 vel
1512 1683 1602 1749 iura
1625 1683 1707 1748 nohis

441 1791 619 1872 acquirere,
644 1789 821 1874 possidere,
845 1789 1001 1877 tradere,
1014 1787 1169 1856 abdicare
1192 1789 1339 1856 dicimur.
1372 1787 1466 1866 Quae
1492 1789 1707 1872 significandi

442 1896 588 1964 varietas
617 1896 693 1962 inde
716 1897 922 1980 potissimum
946 1900 1021 1962 orta
1044 1917 1118 1962 esse
1142 1899 1292 1980 apparet,
1322 1895 1409 1978 quod
1431 1895 1521 1960 iuris
1550 1896 1653 1962 notio
1674 1895 1707 1960 ab

443 2002 622 2085 originaria
645 2023 706 2068 sus
728 2002 933 2086 proprietate
956 2023 1034 2068 mox
1057 2023 1118 2068 usu
1135 2001 1288 2085 loquendi
1304 2003 1344 2067 ad
1361 2021 1482 2066 sensus
1499 2003 1627 2068 minue
1643 2023 1707 2086 pre

386 2124 391 2132 ·
442 2109 540 2194 price,
572 2113 719 2175 ettamen
744 2111 792 2176 iili
816 2107 974 2192 enelogos
997 2110 1052 2175 vel
1075 2108 1238 2175 obiective
1261 2127 1427 2174 connexos
1448 2111 1639 2177 translata
1661 2109 1706 2174 sit.

531 2216 592 2282 nst
622 2219 731 2282 eutem
765 2219 939 2302 praecipue
968 2217 1085 2302 triplex
1115 2213 1309 2298 significatio
1332 2213 1429 2279 huius
1451 2215 1614 2282 nominis
1639 2237 1706 2281 con

441 2321 615 2389 sideranda
639 2323 794 2406 (Loesius,
826 2325 875 2389 De
907 2321 1236 2396 iureetiust.12;
1268 2325 1399 2404 Soarez,
1430 2321 1481 2385 De
1514 2321 1593 2404 leg.
1622 2322 1704 2388 la:

440 2460 509 2532 433.
599 2463 635 2529 Ι·’.
672 2465 749 2544 ,Ius
782 2474 826 2531 ost
858 2467 1010 2532 obiectum
1033 2463 1194 2530 iustitioe“
1221 2483 1279 2527 seu
1311 2460 1418 2527 estid
1449 2459 1588 2544 ipsum,
1626 2463 1704 2546 quod

444 2569 600 2650 ,iustum“
627 2569 787 2635 obiective
811 2574 1008 2654 spectatum.
1047 2569 1100 2634 Ita
1123 2571 1156 2636 S.
1186 2569 1323 2634 Thomas
1345 2566 1430 2632 hanc
1453 2587 1583 2633 vocem
1610 2569 1704 2634 inter·

439 2681 600 2759 pretatur,
625 2677 856 2744 auctoritatem
880 2675 977 2742 simul
1000 2676 1158 2741 invocans
1182 2679 1253 2741 tum
1273 2675 1453 2740 Aristotelis
1469 2672 1609 2756 (Ethic.
1630 2676 1659 2737 V
1678 2677 1699 2737 l'

441 2786 511 2848 tum
535 2782 656 2848 Isidori
680 2781 880 2866 (Etymolog.
906 2783 935 2849 V
961 2782 996 2865 3)
1019 2782 1176 2848 dicentis:
1210 2781 1284 2859 ,Ius
1307 2781 1428 2847 dietum
1453 2783 1636 2864 estquis
1660 2797 1702 2846 est
1756 2836 1757 2869 ἶ

439 2887 591 2955 iustum.“
619 2923 662 2932 -
686 2887 823 2973 Insuper
853 2892 963 2955 autem
994 2888 1079 2954 hanc
1111 2887 1288 2974 ,primom“
1324 2907 1382 2952 eeu
1412 2886 1646 2970 originariam
1675 2902 1701 2952 et

440 2993 584 3059 maxime
607 2993 772 3078 propriam
796 2996 875 3061 iuris
899 2995 1171 3078 significationem
1195 3015 1268 3058 esse
1291 2993 1397 3066 docet,
1426 3014 1447 3058 s
1471 3014 1540 3076 qua
1567 3000 1702 3060 ceterae

441 3120 501 3164 usu
525 3103 559 3166 et
583 3101 817 3168 consuetudine
842 3101 1012 3168 derivatae
1036 3101 1133 3167 sint1.

533 3205 616 3272 Hinc
647 3212 708 3287 est,
741 3210 826 3290 quod
851 3207 1020 3291 angelicus
1043 3207 1169 3274 Ductor
1191 3207 1224 3272 in
1248 3208 1364 3273 eedem
1387 3205 1497 3290 operis
1521 3215 1641 3290 parte,
1671 3209 1700 3274 in

441 3334 505 3394 qua
529 3313 569 3378 de
593 3313 718 3381 virtute
742 3315 889 3381 iustitiae
914 3319 1048 3392 tractat,
1074 3315 1173 3380 etiam
1199 3314 1240 3379 de
1262 3313 1333 3379 iure
1353 3313 1386 3378 in
1401 3333 1527 3395 genere
1544 3313 1699 3382 disserit:

440 3439 504 3485 non
528 3439 608 3486 sane
631 3421 725 3503 quasi
749 3421 930 3487 obiectioam
949 3423 1088 3487 indolem
1110 3421 1173 3485 iuri
1193 3421 1359 3504 propriam
1374 3419 1624 3502 ingnoraverit,
1649 3423 1699 3484 sel

440 3527 526 3608 quod
542 3527 673 3604 iustum,
699 3549 762 3612 quo
779 3529 884 3594 virtus
900 3527 1047 3594 iustitiae
1064 3528 1228 3593 subiectior
1244 3525 1396 3603 efficitur,
1416 3525 1532 3591 abillo
1554 3527 1698 3601 ,iusto‘.

442 3633 527 3714 quod
558 3633 642 3700 idem
675 3655 747 3700 esse
778 3635 896 3702 dicitur
927 3657 965 3700 ac
988 3635 1039 3700 ius
1062 3655 1120 3700 seu
1145 3634 1307 3700 obiectum
1331 3631 1488 3708 iustitiae,
1519 3653 1590 3698 non
1617 3634 1698 3700 satis

441 3739 629 3806 distinxerit
636 3741 658 3806 ².
695 3739 886 3826 Opportune
903 3742 990 3808 enim
1005 3740 1038 3806 id
1055 3741 1160 3824 ipsum
1177 3740 1348 3823 explicans
1363 3738 1559 3806 adnotatum
1578 3739 1697 3806 voluit.

533 3964 586 4020 ι8.
607 3964 689 4020 theol.
709 3967 734 4030 2,
753 3969 777 4030 2,
797 3983 823 4034 q.
843 3967 885 4028 57,
905 3983 929 4020 s.
952 3969 963 4020 1
985 3967 1013 4018 in
1032 3981 1105 4035 corp.
1125 3969 1153 4019 et
1171 3965 1205 4018 sd
1226 3968 1249 4018 l.

529 4055 540 4090 ¹
566 4053 733 4123 Quicumque
763 4055 835 4109 inter
859 4055 1025 4108 recentiores
1054 4054 1202 4123 scriptores
1236 4053 1466 4119 ,obiectivitatem
1493 4054 1577 4108 iuris·
1608 4057 1638 4110 in
1665 4075 1696 4109 eo

439 4145 520 4199 sitam
541 4161 601 4197 esse
621 4143 729 4208 volunt,
756 4142 826 4211 quod
853 4143 1067 4213 independenter
1085 4157 1102 4196 s
1120 4141 1216 4195 morali
1235 4142 1342 4207 ordine,
1369 4142 1450 4195 immo
1469 4159 1524 4211 qua
1542 4143 1569 4197 ei
1588 4145 1695 4200 directe

440 4233 613 4296 eontrarium,
632 4236 771 4300 tamquam
792 4249 886 4285 verum
905 4231 948 4286 ius
968 4233 1046 4300 quasi
1065 4229 1223 4284 mechanica
1241 4231 1392 4285 subsistere
1410 4233 1505 4300 possit,
1524 4249 1694 4303 magnopere

440 4322 622 4388 dedignantur
647 4319 716 4373 hene
742 4319 899 4373 methodum
926 4321 1071 4373 universae
1096 4319 1155 4372 fere
1180 4319 1368 4389 philosophiae
1388 4319 1471 4372 medii
1489 4321 1552 4372 aeri
1572 4337 1693 4374 commu-

439 4427 510 4472 nem,
530 4426 599 4478 quee
619 4409 771 4476 indagando
791 4409 818 4462 in
837 4408 904 4462 iuris
924 4411 1084 4478 conceptum
1103 4408 1242 4462 auctione
1259 4408 1381 4462 iustitiae
1399 4406 1590 4476 proficiscetur
1607 4415 1692 4478 atque

439 4499 479 4552 ita
498 4499 565 4552 iuris
583 4497 715 4550 ambitum
734 4498 806 4550 intra
825 4497 960 4551 obiectum
979 4497 1101 4551 iustitiae
1113 4500 1242 4551 coarctet.
1268 4496 1304 4550 nt
1322 4495 1349 4550 id
1369 4496 1477 4564 quidem
1491 4496 1590 4550 mirum
1603 4499 1691 4550 videri

439 4603 493 4640 non
513 4586 608 4649 debet,
636 4603 697 4638 eum
716 4589 824 4639 constet
843 4585 925 4653 vulgo
944 4585 1012 4638 nihil
1031 4585 1066 4638 ab
1085 4601 1176 4638 errore
1194 4584 1284 4652 magis
1301 4583 1455 4654 repudiari,
1473 4599 1555 4652 quem
1575 4583 1618 4646 id,
1638 4603 1690 4654 quo

440 4675 464 4729 is
483 4675 564 4728 facile
583 4675 675 4742 detegi
694 4677 776 4742 atque
795 4673 908 4727 uitalis
927 4674 1054 4727 convinci
1072 4673 1168 4744 possit.
1206 4673 1355 4744 Propterea
1373 4673 1413 4726 nil
1430 4691 1480 4727 nos
1497 4679 1600 4738 movet,
1619 4675 1689 4742 quod

440 4765 520 4818 notus
552 4763 752 4833 ,philosophiae
780 4763 977 4816 theocreticae“
1010 4763 1185 4817 sdversarius
1213 4765 1246 4817 F.
1272 4765 1302 4817 J.
1329 4764 1407 4816 Stolsl
1436 4761 1614 4830 (Gesehiehte
1642 4763 1689 4816 der

440 4851 713 4922 Rechtsphilosophie
732 4853 853 4916 eri-61,
881 4851 1045 4919 Heidelberg
1066 4852 1146 4920 1855)
1168 4851 1268 4906 Sancto
1286 4851 1405 4905 Thomas
1432 4850 1523 4919 (,dem
1542 4849 1685 4912 Thomss‘,

440 4945 471 4994 ut
490 4941 547 5010 ipse
566 4939 698 5010 loquitur)
724 4959 778 4994 non
803 4940 892 4994 minus
918 4941 1010 5010 inepte
1036 4957 1117 5010 quam
1144 4941 1244 4994 iniuste
1269 4941 1430 5010 exprobrat:
1458 4957 1533 5009 „mem
1559 4943 1685 5008 ipsoram

440 5031 592 5098 discrimen,
612 5049 663 5100 qno
682 5035 712 5084 in
730 5031 781 5084 linc
799 5033 854 5085 rito
872 5034 996 5086 terrestri
1014 5033 1081 5084 ordo
1099 5031 1235 5083 iueidicue
1253 5031 1287 5084 nd
1305 5032 1401 5084 ordine
1413 5031 1513 5083 morali
1523 5027 1681 5098 eqmroeur‘
