3909 5842
391 617 454 680 194
610 611 700 665 Sectio
720 612 739 666 l.
777 611 857 666 Liber
876 611 909 666 ΙΙ.
947 611 1038 682 Caput
1057 611 1090 664 ll.
1128 609 1269 665 Articulus
1288 609 1313 663 2.
1351 610 1414 678 54.

390 790 510 856 bonum
533 789 733 856 individuale
757 787 976 872 delinquentis
1000 789 1184 874 respicitur.
1217 789 1310 854 Haec
1333 787 1509 854 diversitas
1528 792 1647 854 tamen

392 896 520 962 ratione
552 895 625 962 finis
655 898 800 982 matrimi
835 905 861 962 et
898 897 1077 962 immediati
1108 894 1241 961 ndnime
1272 894 1425 978 impedit,
1468 894 1650 976 quominus

391 1003 521 1068 altimus
543 1001 617 1067 finis
640 1001 744 1068 omnis
767 1001 903 1086 praemii
927 1006 962 1068 et
985 1022 1111 1086 poenae
1134 1001 1223 1067 solus
1247 1001 1326 1066 ordo
1342 1002 1535 1066 universatis
1551 1007 1651 1067 recte

391 1107 529 1186 dicatur,
555 1108 674 1192 quippe
697 1108 748 1174 cui
772 1107 851 1174 ordo
875 1108 1007 1174 socialis
1029 1113 1064 1175 et
1083 1107 1295 1173 individualis
1310 1110 1478 1189 tamquam
1494 1108 1651 1172 membra

391 1213 546 1296 organice
569 1213 825 1282 subordinantur
836 1219 857 1282 ¹.

481 1319 521 1387 V.
551 1320 620 1386 Deo
651 1325 689 1386 ut
720 1324 843 1386 auctori
865 1328 1004 1386 naturae
1027 1319 1191 1398 convenit,
1220 1325 1313 1385 recto
1336 1319 1498 1392 crdiuiin
1521 1319 1650 1384 mundo

392 1427 509 1492 morali
532 1425 685 1493 similiter
704 1449 766 1512 per
788 1428 917 1492 modam
940 1435 1081 1492 naturae
1096 1425 1294 1511 prospicere.
1326 1426 1517 1509 Propterea,
1541 1446 1648 1508 quae·

392 1554 530 1615 cumque
558 1533 590 1598 in
622 1533 735 1598 ordine
764 1554 872 1599 rerum
897 1537 1044 1600 naturali
1074 1533 1235 1600 rationem
1265 1532 1403 1616 praemii
1433 1533 1485 1597 vel
1516 1553 1650 1616 poenae

392 1639 513 1704 habere
548 1639 795 1722 intelleguntur,
830 1639 878 1706 ita
913 1661 1032 1706 revera
1063 1661 1123 1724 per
1155 1639 1430 1723 sapientissimam
1466 1635 1650 1704 creationis

392 1743 614 1810 oeconomiam
645 1745 804 1829 disposita
834 1745 993 1825 videmus,
1025 1750 1063 1813 ut
1085 1767 1179 1812 suum
1203 1747 1354 1811 effectum
1380 1743 1645 1824 (retributionem

393 1849 468 1916 boni
498 1872 558 1935 pro
586 1852 670 1918 bono
695 1854 729 1917 et
752 1851 1001 1918 retributionem
1025 1853 1104 1918 mali
1127 1873 1185 1936 pro
1209 1852 1310 1934 malo)
1330 1875 1392 1938 per
1415 1856 1502 1938 ipsus
1525 1871 1648 1914 causas

394 1959 553 2023 secundas
577 1965 714 2024 naturae
738 1961 989 2040 consequantur.
1020 1958 1172 2041 Namque
1188 1958 1364 2024 secundum
1380 1957 1563 2024 naturalem
1581 1955 1646 2020 Dei

392 2063 632 2147 providentiam
666 2065 814 2147 generali
849 2064 990 2146 quadam
1020 2065 1094 2148 lege
1125 2065 1257 2130 evenire
1292 2064 1411 2130 cotidie
1442 2063 1644 2147 experimur,

393 2169 539 2236 actiones
570 2169 739 2237 moraliter
769 2170 955 2237 meritorias
983 2171 1068 2253 (sive
1098 2174 1249 2254 respectu
1281 2171 1403 2236 ordinis
1432 2167 1646 2234 individualis

393 2275 464 2340 sive
487 2275 618 2341 socialis
633 2276 703 2341 sive
719 2275 930 2358 universalis)
947 2280 1065 2360 suapte
1079 2281 1200 2342 natura
1216 2277 1372 2359 quosdam
1390 2277 1516 2359 effamur
1531 2278 1647 2341 sortiri

394 2381 489 2448 bonos
522 2403 581 2447 eeu
614 2383 741 2449 fructus
773 2383 835 2448 sibi
868 2383 1100 2448 connaturales
1130 2389 1165 2449 et
1194 2384 1254 2448 hos
1284 2383 1412 2465 quidem
1442 2382 1564 2466 triplici
1594 2382 1644 2446 illi

394 2487 498 2552 ordini
522 2489 697 2570 analogos3
722 2488 873 2555 similiter
895 2491 1006 2555 autem
1030 2495 1064 2556 et
1084 2488 1267 2555 actionibus
1283 2488 1499 2554 demeritoriis
1514 2487 1647 2571 effectus

394 2595 493 2658 inam
516 2595 712 2660 naturaliter
735 2595 1019 2677 corresponderet

394 2723 459 2796 217.
546 2723 718 2798 Scholion.
763 2738 808 2796 De
836 2737 976 2814 praemiis
1004 2743 1035 2796 et
1055 2737 1159 2814 poenis
1180 2737 1358 2797 naturaliter
1380 2736 1551 2796 constitutis
1573 2755 1645 2810 qua·

394 2836 481 2890 tenus
504 2851 539 2890 ea
561 2833 598 2891 ad
620 2835 804 2894 sanctionem
825 2835 900 2911 legis
921 2834 1068 2894 naturalis
1088 2835 1251 2910 pertinent,
1272 2836 1351 2893 infra
1372 2833 1533 2911 specialius
1554 2851 1646 2907 agen·

395 2929 462 2988 dum
490 2929 556 2988 erit.
602 2929 648 2988 Ad
676 2931 706 2990 id
733 2931 830 3008 ipsum
857 2937 972 3002 tamem
1002 2933 1079 3007 quod
1107 2949 1198 3008 supra
1225 2931 1256 2989 in
1285 2931 1389 2991 Coroll.
1420 2931 1445 2988 V
1472 2929 1646 3006 generalius

395 3025 550 3098 asseritur,
572 3025 602 3085 in
622 3027 796 3103 particulari
811 3027 1018 3088 illustrandum
1040 3035 1185 3106 superest,
1207 3035 1240 3087 ut
1253 3029 1414 3106 praecipua
1428 3028 1528 3106 capita
1541 3045 1645 3086 earum

394 3142 492 3182 rerum
520 3123 720 3196 insinuemus,
752 3146 827 3203 quae
856 3126 887 3185 in
915 3127 1023 3186 mundo
1050 3126 1154 3186 morali
1182 3127 1257 3185 satis
1284 3126 1472 3186 manifestam
1501 3125 1643 3184 eiusmodi

396 3223 542 3280 naturalis
562 3225 761 3283 retributionis
782 3225 928 3284 rationem
950 3243 1021 3300 prae
1043 3243 1076 3284 se
1098 3225 1205 3296 ferant,
1228 3224 1374 3284 diversam
1395 3244 1448 3300 pro
1464 3224 1583 3282 diversa
1596 3242 1646 3282 ra-

394 3321 476 3380 tione
504 3319 603 3380 meriti
634 3327 665 3380 et
694 3323 829 3382 demeriti
862 3322 984 3382 moralis
1016 3322 1177 3382 secundum
1204 3321 1350 3398 triplicem
1378 3322 1502 3396 gradum
1530 3321 1645 3381 ordinis

394 3416 526 3488 moralia,
549 3437 634 3492 quem
657 3437 749 3494 agens
771 3420 819 3478 vel
841 3419 1027 3496 adimplendo
1049 3419 1097 3480 vel
1117 3419 1262 3478 laedendo
1282 3419 1413 3496 respicit.
1454 3419 1494 3478 Et
1513 3439 1585 3478 vero

489 3525 514 3583 1.
537 3523 642 3582 Ordiai
662 3527 854 3600 individuali,
882 3523 931 3600 qui
959 3524 991 3583 in
1019 3524 1204 3584 continentia
1232 3524 1361 3582 omnium
1383 3523 1567 3600 appetituum
1587 3526 1644 3582 sub

395 3619 540 3696 regimine
560 3619 687 3678 rationis
710 3620 857 3692 consistit,
879 3621 1059 3680 naturaliter
1078 3619 1260 3698 respondent
1280 3626 1430 3697 tamquam
1451 3621 1579 3696 analoga
1599 3640 1644 3679 re·

394 3717 517 3776 tributio
545 3725 575 3790 a)
595 3737 650 3794 pro
678 3723 795 3776 merito:
822 3717 961 3777 iudicium
990 3717 1115 3777 rationis
1143 3718 1337 3796 approbantis
1365 3737 1418 3777 ssu
1440 3717 1643 3777 conscientiae

488 3966 496 3997 ¹
518 3964 600 4030 ,Cum
619 3969 762 4034 peccatum
781 3965 819 4018 sit
836 3967 914 4018 actus
933 3963 1112 4027 inordinatus,
1131 3965 1306 4020 manifestum
1325 3969 1376 4029 est,
1395 3964 1465 4034 quod
1480 3965 1644 4034 quicumque

396 4056 500 4124 peccat,
520 4055 615 4106 contra
634 4051 753 4120 aliquem
772 4051 893 4104 ordinem
913 4051 986 4118 agit;
1007 4055 1034 4104 et
1054 4051 1113 4104 ideo
1132 4051 1166 4104 ab
1185 4052 1244 4121 ipso
1257 4052 1349 4106 ordine
1363 4068 1532 4120 consequens
1544 4055 1595 4116 eat,
1613 4057 1645 4105 ut

396 4142 577 4212 deprimatur,
603 4157 672 4208 quae
696 4141 804 4208 quidem
832 4141 970 4210 depressio
996 4158 1083 4210 poena
1102 4145 1151 4194 est.
1189 4140 1268 4195 Unde
1294 4141 1441 4195 secundum
1460 4145 1517 4195 tres
1536 4141 1644 4195 ordines

396 4231 494 4299 quibus
519 4227 645 4283 subditur
668 4229 786 4282 humana
804 4227 946 4294 voluntas,
971 4227 1072 4299 triplici
1097 4247 1183 4299 poena
1209 4233 1300 4299 potest
1324 4229 1403 4284 horno
1426 4229 1531 4299 puniri:
1557 4231 1644 4300 primo

396 4319 505 4389 quidem
524 4320 595 4372 enim
615 4317 740 4371 subditur
759 4317 878 4370 hnmana
896 4321 995 4370 natura
1014 4317 1099 4371 ordini
1119 4320 1244 4388 propriae
1262 4318 1391 4381 rationis;
1410 4319 1536 4380 secundo,
1556 4319 1642 4372 ordini

396 4406 538 4460 exterioris
564 4405 680 4458 hominis
705 4405 882 4472 gubernantis
901 4405 945 4458 vel
972 4405 1152 4474 spiritualiter
1170 4405 1215 4458 vel
1240 4407 1441 4476 temporaliter,
1467 4407 1577 4476 politice
1594 4425 1642 4460 seu

396 4494 580 4558 oeconomice;
607 4492 688 4546 tertio
707 4493 832 4546 subditur
851 4491 1000 4546 universali
1019 4493 1106 4546 ordini
1125 4493 1210 4546 divini
1229 4493 1378 4560 regiminis.
1415 4494 1535 4558 Quilibet
1553 4500 1643 4548 aretem

396 4583 492 4638 horum
512 4583 634 4636 ordinum
653 4599 702 4652 per
720 4585 861 4651 peccatum
882 4581 1056 4651 pervertitur,
1076 4582 1139 4635 dum
1159 4582 1212 4645 ille,
1232 4583 1278 4649 qui
1297 4587 1407 4651 peccat,
1427 4584 1486 4650 agit
1504 4587 1532 4637 et
1551 4590 1645 4636 contra

398 4673 528 4726 rationem
549 4673 577 4724 et
596 4673 690 4724 contra
709 4669 798 4737 legem
818 4671 964 4722 humanam
984 4674 1013 4722 et
1031 4674 1125 4724 contra
1144 4671 1231 4738 legem
1252 4671 1381 4724 divinam.
1413 4671 1491 4725 Unde
1509 4671 1644 4740 triplicem

397 4777 509 4830 poenam
529 4758 657 4812 incurrit:
677 4775 759 4812 unam
778 4758 885 4826 quidem
899 4775 915 4809 a
929 4774 958 4810 se
972 4757 1038 4826 ipso',
1058 4775 1128 4826 quas
1147 4763 1189 4812 est
1202 4759 1385 4814 conscientiae
1398 4777 1543 4822 remorsus,
1561 4759 1644 4814 aliam

396 4865 461 4902 vere
481 4848 514 4900 ab
534 4847 649 4912 homine,
668 4848 777 4900 tertiam
798 4863 862 4900 vero
881 4863 897 4897 a
916 4845 997 4898 Deo.¹¹
1038 4849 1066 4900 S.
1090 4849 1181 4900 Thom.
1200 4847 1218 4900 l.
1238 4865 1261 4901 c.

486 4937 557 4990 *ct
578 4939 606 4990 S.
630 4937 730 5004 tuom,
751 4937 851 4990 Contra
870 4935 950 4989 (ient.
971 4935 989 4990 l.
1009 4937 1034 5001 3,
1053 4954 1076 4990 c.
1098 4937 1157 4991 140.
