3909 5842
424 662 488 728 236
640 655 730 711 Sestio
749 657 770 712 I.
807 655 888 712 Liber
906 656 954 712 III.
993 656 1082 728 Caput
1100 657 1134 712 H.
1172 653 1313 712 Articulus
1332 655 1356 708 4.
1394 652 1454 722 52.

717 831 866 906 dotanda
888 831 929 905 ad
951 831 1126 907 solvendas
1150 829 1375 906 difficultates.

423 973 492 1046 266.
585 979 613 1041 1.
638 974 768 1041 Sufficit
797 974 851 1040 vel
882 973 989 1041 obiter
1018 973 1139 1040 hausta
1161 971 1389 1056 metaphysica
1412 971 1503 1039 notio
1528 973 1570 1040 de
1595 973 1675 1050 Deo,
1790 995 1791 998 ¹

423 1085 462 1147 ut
483 1081 636 1164 vulgaria
658 1081 831 1165 impiorum
856 1080 995 1146 dicteria
1018 1083 1133 1146 contra
1157 1079 1361 1145 sanctionem
1377 1077 1461 1161 legis
1476 1079 1676 1162 praesertim

384 1173 389 1181 ’
423 1188 594 1271 poenalem
624 1191 793 1269 tamquam
821 1207 903 1252 sana
926 1185 1056 1252 ratione
1079 1185 1213 1268 indigna
1236 1184 1456 1250 confutentur.
1504 1183 1676 1250 Eiusmodi

425 1315 454 1360 e.
478 1314 510 1376 g.
542 1298 635 1359 sunt:
667 1293 772 1357 Deum
796 1292 926 1358 actione
956 1295 1184 1358 ereaturarum
1215 1310 1320 1372 neque
1350 1289 1470 1355 offendi
1500 1311 1610 1373 neque
1632 1291 1676 1356 ad

423 1400 505 1465 iram
536 1404 572 1465 et
603 1398 782 1463 vindictam
814 1397 988 1482 provocari
1019 1417 1126 1481 posse,
1159 1417 1219 1481 per
1249 1395 1400 1461 iniuriam
1431 1395 1464 1460 in
1487 1397 1559 1462 Deo
1589 1397 1676 1462 hanc

424 1504 653 1571 crudelitatem
683 1504 831 1588 supponi,
864 1508 901 1570 ut
929 1508 1068 1587 peccata
1095 1509 1263 1586 tamquam
1288 1501 1570 1584 transgressiones
1593 1523 1676 1569 suae

424 1612 606 1678 voluntatis
622 1611 745 1695 ¹potius
775 1615 1015 1694 consequenter
1044 1611 1160 1695 punire
1190 1609 1281 1687 velit,
1314 1630 1412 1690 quam
1440 1611 1675 1678 antecedenter

423 1718 592 1801 impedire,
615 1739 689 1784 cum
713 1719 881 1784 commode
904 1717 1083 1802 potuisset:
1108 1717 1268 1800 siquidem
1292 1722 1329 1783 ut
1349 1716 1488 1796 ,codicis
1510 1721 1671 1784 naturae‘

424 1827 541 1891 auctor
562 1823 620 1902 ait,
652 1823 744 1901 ,idea
767 1823 853 1888 entis
876 1823 1012 1916 infinite
1025 1822 1166 1908 perfecti
1187 1821 1381 1904 infinitaque
1404 1822 1481 1888 boni
1505 1822 1675 1889 conciliari

424 1934 566 2012 nequeat
589 1951 661 1996 aum
684 1930 759 1994 idea
781 1929 867 1996 entis
891 1929 1068 1996 vindictam
1093 1929 1267 1996 amantis“.
1293 1963 1336 1974 —

513 2035 591 2113 Quis
614 2057 692 2101 vero
717 2037 853 2116 neseiat,
878 2035 983 2102 Deum
1006 2036 1105 2101 nullis
1124 2035 1253 2118 quidem
1270 2033 1476 2118 passionibus
1492 2035 1590 2112 affici,
1616 2034 1675 2100 sed

424 2163 529 2225 neque
544 2143 743 2210 indifferenti
757 2143 929 2208 voluntate
953 2163 1027 2208 esse
1049 2161 1146 2226 posse
1170 2141 1212 2207 ad
1235 2143 1354 2207 bonurn
1379 2144 1413 2207 et
1428 2141 1573 2205 malum?
1604 2139 1637 2206 N
1639 2161 1675 2205 e-

424 2270 486 2332 que
509 2248 695 2325 crudeliter,
720 2247 778 2313 sed
801 2251 881 2314 tuate
895 2249 985 2314 Deus
1001 2249 1095 2332 punit
1111 2253 1284 2314 creaturae
1300 2252 1415 2314 contra
1431 2246 1673 2313 sanctissimam

424 2375 517 2420 suam
540 2353 745 2420 voluntatem
762 2355 982 2420 rebellionem.
1018 2353 1110 2431 Quod
1127 2358 1237 2421 autem
1254 2359 1391 2437 peccata
1406 2375 1472 2420 non
1487 2373 1553 2434 qua
1568 2353 1675 2418 omni·

423 2465 541 2544 potens
564 2459 736 2543 impedire,
767 2460 826 2526 sed
849 2481 915 2543 qua
938 2465 1099 2548 lapidator
1121 2465 1256 2526 sanctus
1279 2460 1453 2544 prohibere
1476 2460 1592 2538 voluit,
1622 2481 1673 2524 or·

425 2565 531 2631 dinem
562 2566 682 2633 statuit
708 2571 744 2632 et
766 2587 826 2633 sua
849 2566 1012 2651 sapientia
1035 2572 1070 2634 et
1092 2567 1235 2633 humana
1258 2566 1411 2633 libertate
1434 2566 1672 2649 dignissimum,

430 2672 562 2749 ,melius
585 2672 733 2737 iudicans
756 2672 796 2737 de
819 2672 915 2738 malis
938 2673 1154 2738 benefacere
1177 2694 1274 2755 quarn
1298 2673 1387 2739 mala
1402 2672 1492 2740 nulla
1509 2693 1582 2738 esse
1600 2693 1675 2757 per-

425 2777 575 2843 mittere“
589 2781 611 2844 ¹.
644 2777 726 2855 Quid
750 2779 888 2861 denique
915 2779 1008 2858 ,idea
1032 2779 1118 2847 entis
1140 2779 1266 2845 infinite
1289 2779 1430 2863 perfecti
1449 2783 1483 2845 et
1497 2779 1592 2844 boni‘
1613 2778 1675 2843 im-

425 2887 545 2965 portet,
570 2883 646 2949 audi
669 2884 701 2950 S.
726 2885 902 2950 Thomam:
930 2886 1001 2964 ,Ad
1024 2885 1206 2969 perfectam
1229 2886 1289 2950 Dei
1314 2885 1493 2952 bonitatem
1517 2885 1674 2969 pertinet.

425 2989 511 3072 quod
534 2990 580 3055 nil
603 2990 824 3058 inordinatum
846 2991 879 3057 in
903 2993 1002 3057 rebus
1025 2992 1190 3075 relinquat
1214 3046 1221 3058 .
1249 3048 1254 3058 .
1282 3047 1287 3058 .
1313 2995 1373 3058 sub
1397 2993 1510 3058 ordine
1533 2991 1674 3076 (autem)

425 3095 581 3174 iustitiae,
607 3117 691 3180 quae
706 3097 749 3163 ad
765 3098 1002 3180 aequalitatem
1019 3098 1155 3177 reducit,
1180 3098 1499 3181 comprehenduntur
1514 3119 1564 3176 ea,
1589 3117 1675 3181 quae

425 3201 569 3268 debitam
592 3205 812 3285 quantitatem
836 3205 1017 3270 excedunt:
1042 3205 1173 3272 excedit
1192 3211 1302 3272 autem
1320 3205 1416 3272 homo
1433 3205 1577 3272 debitum
1594 3225 1675 3270 suae

425 3308 620 3390 quantitatis
643 3311 792 3393 gnadmn,
816 3310 893 3376 dum
915 3311 1122 3377 voluntatem
1140 3333 1232 3377 suam
1251 3311 1382 3378 divinae
1396 3311 1561 3378 voluntati
1577 3331 1674 3396 prae-

424 3415 499 3493 fert,
515 3416 749 3482 satisfaciendo
765 3417 797 3482 ei
812 3421 927 3484 contra
943 3419 1088 3483 ordinem
1105 3419 1183 3495 Dei,
1209 3439 1292 3501 quae
1309 3418 1438 3501 quidem
1454 3417 1674 3500 inaequalitas

423 3522 567 3601 tollitur,
592 3523 667 3588 dum
698 3529 814 3590 contra
837 3525 1043 3591 voluntatem
1066 3545 1160 3590 suam
1184 3525 1279 3591 homo
1304 3525 1426 3608 aliquid
1449 3525 1518 3608 pati
1544 3525 1674 3607 cogitur

424 3629 601 3694 secundum
625 3630 827 3696 ordinem.“²

514 3739 544 3802 2.
568 3733 629 3811 Qui
659 3735 692 3800 in
722 3737 831 3820 specie
858 3758 984 3820 poenae
1016 3738 1247 3804 aeternitatem
1278 3743 1446 3822 tamquam
1477 3759 1536 3823 per
1558 3759 1595 3804 se
1618 3759 1672 3803 ra-

423 3841 506 3906 tioni
530 3841 728 3908 contrariam
753 3843 956 3927 impugnant,
990 3843 1039 3908 his
1068 3843 1138 3908 iere
1161 3844 1389 3928 praetextibus
1413 3845 1588 3930 praecipue
1611 3845 1672 3910 niti

424 3947 548 4013 solent:
572 3949 606 4028 a)
629 3949 859 4014 rationabilem
883 3949 1052 4016 aestimari
1076 3971 1141 4015 non
1165 3971 1261 4033 posse
1285 3971 1434 4033 poenam,
1458 3971 1543 4033 quae
1560 3971 1620 4036 per
1636 3971 1672 4016 se

424 4053 469 4119 eit
497 4057 627 4120 tanturn
660 4053 871 4134 vindicativa,
905 4055 948 4121 ad
977 4055 1239 4123 emendationem
1264 4077 1342 4121 vero
1372 4057 1419 4122 rei
1451 4057 1673 4124 essentialiter

424 4159 647 4238 infructuosa3
679 4161 713 4243 b)
742 4162 803 4227 Dei
833 4162 1091 4228 misericordiam
1122 4163 1252 4228 omnino
1280 4162 1423 4245 exigere,
1455 4167 1491 4228 ut
1521 4163 1671 4229 miseriae

425 4268 606 4350 peccatoris
630 4267 805 4351 aliquando
830 4269 959 4334 demum
984 4270 1283 4352 quomodocumque
1305 4271 1402 4334 finem
1426 4270 1583 4353 imponat.

512 4375 565 4439 Ad
587 4378 728 4460 primum
752 4376 990 4460 expediendum
1014 4377 1190 4450 sufficiunt,
1223 4397 1307 4459 quae
1334 4397 1434 4460 supra
1458 4375 1504 4458 (n.
1528 4379 1607 4460 260)
1631 4379 1670 4442 de
1790 4359 1791 4376 ¹

422 4480 485 4562 fine
519 4484 690 4547 intrinseco
721 4483 902 4548 sanctionis
936 4482 1070 4564 eiusque
1107 4482 1227 4566 triplici
1267 4482 1439 4566 principali
1469 4483 1669 4560 habitudine,
1790 4519 1791 4548 r

434 4595 478 4602 ...-
486 4597 573 4602 -.-
585 4597 719 4602 ...ψ-...-

423 4641 529 4690 reatum
547 4637 664 4691 alicuius
682 4655 784 4707 poenae
802 4655 856 4692 aon
875 4642 918 4692 eat
936 4639 1135 4705 necessarium,
1161 4643 1192 4693 ut
1216 4639 1274 4710 ipse
1293 4639 1419 4694 subditus
1438 4644 1465 4694 ot
1483 4644 1672 4710 transgressor
1790 4681 1791 4704 ,

424 4725 495 4794 legis
519 4731 666 4794 eognoscat
690 4744 804 4796 poenam
830 4728 949 4782 debitam
967 4745 1034 4782 eoas
1052 4729 1280 4796 transgressioni;
1306 4729 1353 4782 sed
1373 4729 1442 4784 satis
1461 4733 1517 4794 est,
1537 4735 1569 4786 ut
1587 4731 1672 4788 faciat
1790 4705 1791 4768 i

423 4819 516 4870 actum
534 4814 646 4882 dignum
664 4816 714 4869 tali
732 4819 843 4886 poena*
1790 4829 1791 4836 ’

515 4905 524 4935 ¹
544 4905 571 4958 8.
591 4908 670 4973 Auo,
690 4904 826 4960 Euchirid.
846 4923 869 4960 c.
889 4905 932 4961 27.

513 4992 524 5026 ²
542 4993 643 5048 Contra
661 4993 785 5048 Gentiles
803 4995 822 5049 1.
841 4997 866 5058 3,
885 5013 908 5050 c.
929 4995 988 5050 140.
1028 4993 1068 5049 Cf.
1088 4997 1170 5051 etiam
1190 4996 1217 5051 S.
1236 4995 1318 5050 theol.
1341 4998 1363 5060 l,
1383 4995 1407 5058 2,
1427 5013 1454 5065 q.
1473 4997 1516 5064 87,
1536 5015 1561 5052 a.
1585 5001 1608 5054 l.
