3909 5842
511 672 655 727 Hominem
671 672 758 727 libero
776 672 888 727 arbimio
905 670 1058 742 praeditum
1079 686 1140 725 esso
1159 668 1318 723 ostenditur.
1493 670 1534 737 85

285 855 394 918 tatem
427 856 635 935 perceptam,
674 850 723 917 ita
756 850 980 927 voluntatem,
1020 850 1137 932 utpote
1175 844 1357 931 potentiam
1392 862 1534 921 caecam,

285 978 347 1041 per
371 959 528 1025 iodicium
551 960 725 1024 intellectos
747 959 926 1023 necessario
950 957 1169 1021 determinari.

377 1065 467 1131 Nom
488 1061 523 1145 a)
545 1063 580 1129 in
598 1062 819 1147 operabilibus
834 1083 893 1147 pro
911 1081 991 1129 casu
1007 1065 1158 1127 concreto
1176 1057 1400 1137 diiudicandis,
1424 1060 1461 1123 ut
1478 1076 1537 1121 ax·

286 1171 451 1255 parientia
473 1172 615 1249 constat,
639 1190 704 1235 non
727 1170 868 1237 babetur
891 1189 931 1235 ea
954 1166 1132 1244 evidentia,
1156 1186 1241 1249 quae
1264 1163 1447 1231 intellectui
1469 1162 1536 1229 vim

285 1277 414 1343 inierat
442 1276 578 1358 eiusque
604 1297 775 1342 assensum
798 1297 841 1342 ex
863 1277 1015 1358 seligat.
1062 1272 1218 1339 Manente
1241 1277 1353 1339 autem
1376 1292 1419 1338 ex
1441 1275 1537 1355 parte

211 1404 213 1408 ’
286 1384 478 1451 intellectus
507 1383 570 1448 bac
598 1382 709 1449 iudicii
738 1382 970 1460 indifferentia,
1001 1401 1086 1464 quae
1112 1379 1209 1447 radix
1232 1378 1397 1445 libertatis
1419 1376 1537 1444 morito

287 1489 420 1575 dicitur,
453 1489 609 1556 voluntas
640 1510 700 1573 per
731 1488 936 1556 intellectum
968 1488 1011 1554 ad
1041 1508 1141 1553 unum
1171 1485 1383 1553 determinari
1412 1484 1535 1567 nequit,

286 1596 392 1661 habet
421 1598 533 1661 autem
561 1615 603 1661 ex
626 1595 849 1680 propositione
872 1595 1070 1673 intellectus,
1102 1592 1144 1660 ad
1167 1592 1253 1676 quod
1276 1594 1348 1678 ipsa
1372 1614 1405 1658 sc
1427 1590 1537 1657 deter-

285 1701 401 1769 minet.
432 1700 559 1786 Quippe
582 1706 620 1769 ut
634 1702 790 1769 voluntas
807 1724 844 1767 ca·
861 1723 895 1767 ae
909 1704 983 1787 ipae
999 1702 1041 1767 ad
1057 1699 1250 1767 electionem
1266 1718 1302 1764 se
1318 1697 1537 1765 determinare

287 1808 404 1893 possit,
429 1807 563 1886 sufficit,
587 1812 626 1874 ut
648 1828 690 1874 ex
713 1811 810 1893 parte
833 1807 1022 1875 intellectus
1045 1808 1098 1873 vol
1121 1827 1220 1872 unum
1237 1805 1400 1871 obiectum
1415 1804 1537 1889 partim

287 1916 350 1981 sub
374 1914 505 1981 ratione
528 1915 604 1981 boni
627 1915 749 1999 partim
772 1914 833 1980 sub
856 1914 985 1981 ratione
1008 1914 1086 1981 mali
1110 1912 1171 1981 sibi
1186 1910 1390 1997 propositum
1405 1910 1536 1978 habeat.

379 2019 414 2103 b)
436 2020 554 2103 Neque
584 2042 666 2105 opus
696 2025 758 2099 est,
789 2026 827 2088 ut
856 2021 989 2104 aliquod
1012 2022 1168 2087 iodicium
1195 2016 1535 2105 „ultimo-proctiaom“

287 2131 510 2212 supponatur,
548 2147 612 2209 quo
641 2127 831 2195 intellectus
859 2128 1041 2193 terminans
1072 2126 1339 2193 deliberationem
1371 2122 1537 2191 definitive

286 2254 347 2317 per
359 2233 490 2298 modum
504 2232 689 2299 dictaminis
705 2232 870 2300 enuntiet:
889 2232 952 2299 hoc
964 2238 1000 2301 et
1011 2254 1076 2299 non
1086 2232 1175 2299 aliud
1185 2252 1258 2299 esse
1268 2229 1454 2314 eligendum
1461 2231 1482 2297 ².
1494 2264 1536 2275 -

287 2340 414 2405 Verum
437 2338 537 2405 ctiam
556 2338 700 2405 admiem
716 2338 874 2405 eiusmodi
890 2339 1008 2405 iudicio
1025 2342 1194 2422 tamquam
1211 2336 1380 2403 definitiva
1396 2335 1537 2419 quadarn

288 2445 411 2527 agendi
432 2444 558 2527 regula,
581 2444 663 2509 nihil
684 2443 761 2509 indo
783 2448 977 2526 sequeretur·
1000 2450 1116 2513 contra
1138 2444 1206 2511 vim
1229 2443 1405 2510 electivam
1420 2442 1537 2507 volun-

288 2552 353 2618 tati
375 2550 552 2635 propriam.
598 2550 687 2617 Nam
710 2571 783 2616 cum
806 2550 996 2617 intellectus
1019 2552 1060 2617 ob
1083 2551 1242 2618 rationem
1274 2550 1371 2617 modo
1401 2549 1537 2615 allatam

287 2658 331 2723 ad
362 2656 449 2722 hunc
478 2656 680 2723 definitivum
711 2677 882 2722 assensum
912 2678 1119 2741 nequaquam
1149 2678 1208 2742 per
1238 2656 1436 2723 evidentiam
1464 2674 1537 2738 per·

288 2768 425 2847 spectas
448 2762 602 2830 veritatis
626 2762 864 2830 determinatus
893 2764 1020 2829 censeri
1050 2764 1164 2849 possit,
1195 2762 1353 2831 eiusmodi
1383 2783 1537 2829 assensus

288 2869 448 2935 dicemus
478 2873 530 2936 est
557 2892 616 2957 per
638 2872 743 2957 ipsam
765 2872 957 2937 volontatem
978 2873 1164 2957 imperatos.
1211 2870 1262 2937 Sit
1290 2870 1392 2954 igitur
1421 2868 1537 2934 volun-

287 2980 395 3043 tatem
425 2975 506 3041 illud
528 2976 683 3043 iudicium
706 2977 1021 3062 ultimo-practicum
1045 2982 1223 3045 necessario
1246 2980 1449 3055 secuturam
1480 2975 1537 3041 sed

286 3083 372 3149 haec
401 3081 584 3149 voluntatis
621 3085 803 3149 necessitas
837 3104 904 3150 uon
934 3088 987 3151 est
1016 3084 1215 3151 antecedens
1247 3084 1305 3149 sed
1337 3104 1535 3169 cmoseqoans,

286 3210 396 3271 neque
418 3188 566 3254 excludit
587 3188 646 3255 sed
669 3192 819 3281 supponit
842 3211 880 3255 oc
900 3191 1016 3275 probat
1038 3190 1237 3257 anteriorem
1257 3189 1393 3255 liberam
1420 3189 1537 3255 volun·

286 3296 370 3362 tatis
399 3294 602 3361 electionem.
650 3296 761 3379 Atque
790 3296 865 3362 bino
894 3296 1046 3363 similiter
1075 3299 1214 3381 apparet
1243 3316 1354 3361 errare
1383 3316 1450 3373 eos,
1481 3296 1537 3378 qui

287 3404 496 3468 voluntatem
527 3401 570 3466 ad
599 3401 633 3466 id
662 3401 847 3485 eligendum
878 3403 1064 3470 necessario
1094 3402 1306 3469 determinari
1334 3402 1535 3482 existimant,

288 3509 377 3591 quod
401 3508 443 3574 ab
466 3508 637 3575 intellectu
659 3508 822 3575 iudicatur
846 3530 918 3575 esse
941 3510 1047 3577 maius
1071 3509 1223 3575 bonum2.

379 3617 410 3680 6.
435 3612 506 3691 Qua
528 3614 658 3681 ratione
673 3615 810 3681 libertas
827 3636 947 3681 causae
963 3614 1127 3682 secundae
1143 3636 1216 3681 cum
1232 3615 1302 3681 eius
1319 3614 1536 3699 dependentia

287 3744 308 3787 a
323 3741 427 3786 causa
448 3721 555 3805 prima
577 3725 612 3788 et
633 3742 706 3787 cum
722 3721 832 3788 divino
849 3744 1009 3788 concursu
1026 3722 1225 3800 concilietur,
1250 3722 1425 3806 specialius
1441 3722 1536 3789 docet

287 3828 493 3894 theodiceal.
541 3826 699 3895 Rationes
730 3834 852 3908 autem,
883 3850 968 3912 quae
992 3849 1035 3894 cx
1066 3831 1304 3907 materialiemo,
1328 3830 1555 3915 pcntbeismq·

284 3938 482 4019 positioiamo
498 3940 614 4002 contra
629 3936 818 4003 libertatem
834 3937 1074 4003 indifferentiae
1091 3936 1336 4021 depromuntur,
1352 3955 1417 4001 non
1432 3934 1536 4021 pluris

287 4042 403 4106 valent
431 4061 527 4123 quarn
558 4041 615 4109 isti
648 4064 795 4109 errorum
822 4044 933 4111 fontes
967 4044 1128 4126 simulque
1152 4064 1225 4109 cum
1248 4042 1313 4108 illis
1336 4040 1534 4107 refutantur.

284 4178 378 4251 lida.
468 4182 506 4249 B.
529 4184 583 4249 Ex
602 4192 697 4269 porto
719 4187 866 4252 noodcrai
890 4182 1196 4268 „dctermiroisrni“⁴.

380 4292 410 4355 1.
433 4289 496 4355 Hic
519 4310 620 4368 error,
643 4290 831 4358 individuus
846 4293 912 4359 iam
935 4292 1006 4358 fere
1022 4312 1132 4357 comes
1154 4291 1302 4374 vulgaris
1319 4292 1535 4372 naturaliemi‚

288 4398 321 4461 et
338 4416 402 4477 quo
418 4396 554 4479 gravius
569 4397 743 4464 universae
758 4400 849 4465 vitae
871 4398 1003 4465 socialis
1026 4398 1148 4464 malum
1171 4397 1311 4480 cogitari
1334 4396 1391 4461 vix
1414 4398 1534 4481 potest,

380 4570 390 4602 ¹
403 4569 444 4624 cf.
458 4571 486 4624 S.
503 4572 593 4624 ibom.
609 4572 633 4635 1,
653 4570 677 4634 2,
697 4589 724 4640 q.
737 4573 754 4625 9
767 4576 796 4627 et
810 4573 850 4627 13.
878 4574 990 4641 Suos-cz,
1010 4572 1050 4626 De
1063 4572 1217 4627 voluntario
1231 4575 1283 4626 etc.
1296 4572 1365 4642 disp.
1379 4574 1403 4637 6,
1421 4574 1488 4626 sect.
1503 4572 1533 4635 6;

288 4656 328 4713 De
347 4657 424 4712 vitiis
442 4662 471 4712 et
488 4660 610 4729 peccatis
628 4659 697 4730 disp.
717 4663 742 4723 5,
761 4666 828 4715 sect.
849 4663 873 4715 l.
982 4662 993 4695 ¹
1012 4664 1039 4716 S.
1064 4664 1154 4717 Thoar.
1177 4664 1199 4725 1,
1219 4662 1244 4727 2,
1264 4679 1290 4731 q.
1311 4660 1353 4725 10,
1373 4676 1397 4715 a.
1416 4660 1442 4715 2.

379 4748 390 4780 ⁸
409 4746 450 4801 Cf.
471 4748 583 4817 Suorez,
602 4747 643 4801 De
662 4748 816 4803 voluntario
834 4750 903 4821 disp.
925 4751 948 4813 1,
967 4754 1035 4805 sect.
1055 4752 1079 4813 2,
1099 4750 1116 4819 ᾖ
1135 4752 1205 4820 3sq.

378 4837 389 4867 ⁴
409 4833 450 4887 Cf.
473 4836 563 4888 Victor
582 4836 712 4889 Gotbrein
730 4836 756 4891 S.
771 4836 807 4907 J.,
825 4836 1111 4909 Moralphilosopbie⁴,
1131 4836 1271 4893 Iso-50.
1290 4866 1325 4875 -
1344 4836 1442 4891 Varias
1461 4837 1535 4891 theo·

289 4922 345 4977 rias
362 4922 522 4977 recentioris
539 4922 726 4995 philosophice
746 4926 819 4981 circa
837 4926 989 4981 voluntatis
1008 4926 1161 4980 libertatem
1181 4926 1245 4980 vide
1264 4926 1347 4979 etiam
1360 4925 1431 4995 apud
1445 4926 1533 4993 Maelo,

290 5010 339 5065 Die
357 5011 587 5066 Willcnsfreiboit
604 5012 652 5066 des
671 5012 820 5068 Monscben
841 5013 946 5081 (1894).
