3909 5842
410 668 473 731 502
618 662 707 718 Sentio
726 663 760 719 ll.
797 663 878 718 Liber
896 665 929 719 ll.
968 664 1058 735 Caput
1076 665 1122 720 lll.
1159 663 1298 719 Articulus
1316 666 1342 720 4.
1378 666 1438 733 Η.

498 842 586 902 Miles
614 848 747 921 tempore
775 844 845 903 belli
873 844 1017 905 excubias
1038 864 1131 921 agens
1151 846 1182 905 in
1202 847 1270 907 lacu
1289 846 1453 925 propinquo
1473 866 1600 925 puerum
1619 847 1658 905 de

408 940 471 1001 vita
491 942 709 1019 periclitantem
731 942 879 1021 conspicit
899 949 989 1019 atque
1010 943 1118 1004 anxius
1138 945 1253 1019 haeret,
1275 963 1314 1005 an
1334 944 1392 1005 eibi
1411 944 1497 1023 pueri
1517 944 1657 1003 salvandi

407 1060 499 1099 causa
520 1041 557 1099 ad
578 1042 668 1101 breve
689 1047 805 1119 tempus
827 1040 993 1101 custodiam
1013 1040 1179 1117 relinquere
1193 1042 1290 1103 liceat.
1320 1043 1461 1116 Quamvis
1477 1044 1555 1103 enim
1568 1062 1656 1119 prae-

407 1138 484 1197 sent’
506 1142 639 1216 tempore
660 1140 822 1217 perieulum
844 1141 881 1198 ab
903 1140 990 1200 hoste
1010 1159 1071 1199 nou
1084 1140 1245 1213 immineat,
1266 1142 1362 1217 legem
1375 1146 1475 1202 tamen
1489 1143 1544 1201 sub
1558 1160 1655 1218 poena

407 1235 510 1296 mortis
537 1238 637 1310 latam,
666 1257 741 1315 quae
770 1238 911 1297 excubias
939 1237 1105 1314 relinquere
1133 1239 1279 1317 prohibet,
1307 1238 1459 1299 fortiorem
1480 1238 1653 1310 arbitratur,

409 1335 433 1391 1.
456 1333 525 1409 quia
545 1334 586 1393 sit
606 1334 748 1411 negativa
769 1340 800 1395 et
819 1334 942 1411 proinde
964 1356 1081 1413 semper
1102 1337 1221 1413 obliget,
1244 1371 1280 1379 -
1303 1338 1330 1398 2.
1352 1337 1430 1414 quod
1449 1339 1558 1396 bonum
1577 1355 1653 1394 com·

407 1449 494 1490 mune
522 1433 759 1510 anteponendum
781 1433 821 1493 sit
841 1435 918 1493 bono
939 1433 1065 1511 privato.
1107 1435 1153 1494 Ex
1174 1435 1270 1495 altera
1289 1455 1361 1495 vero
1386 1440 1471 1513 parte
1499 1432 1654 1493 existimat
1767 1487 1769 1514 Ι

407 1528 534 1589 officium
566 1530 716 1602 caritatis,
745 1550 783 1589 ex
811 1550 867 1607 quo
890 1550 1023 1608 puerum,
1053 1533 1149 1608 quoad
1176 1533 1281 1611 possit,
1310 1534 1429 1593 salvare
1457 1533 1572 1603 debeat,
1601 1552 1652 1591 na·
1767 1531 1769 1606 j

406 1626 503 1685 turale
534 1631 564 1687 et
594 1628 721 1687 maxime
752 1646 872 1703 urgens,
901 1628 932 1687 in
961 1628 1091 1689 statione
1117 1650 1189 1691 vero
1217 1631 1372 1706 assignata
1392 1648 1565 1708 permanere
1584 1630 1651 1703 lege
1767 1631 1769 1676 ἰ

406 1725 536 1801 positiva
557 1732 747 1804 praeceptum
769 1746 851 1799 esse;
874 1746 969 1803 neque
983 1728 1014 1787 in
1028 1728 1236 1805 praesentibus
1251 1728 1398 1788 adiunctis
1413 1727 1528 1805 aliquod
1543 1729 1650 1785 bonum
1767 1749 1768 1754 ¹

406 1825 566 1902 publicum,
588 1827 639 1887 sed
661 1827 690 1886 id
712 1830 827 1885 tantum
848 1826 879 1885 in
901 1827 1103 1903 quaestionem
1123 1827 1234 1899 vocari,
1255 1833 1353 1886 atrum
1374 1826 1486 1887 licitum
1506 1825 1556 1883 rel
1574 1826 1652 1885 forte

406 1923 495 1983 etiam
524 1924 674 1983 laudabile
702 1925 743 1983 sit
769 1924 921 2002 proprium
949 1924 1088 2002 capitalis
1115 1944 1229 2002 poenae
1249 1924 1411 2002 periculum
1432 1924 1532 1983 subire
1552 1923 1591 1981 ad
1612 1924 1651 1982 al·

405 2022 499 2082 terius
521 2022 648 2081 hominis
669 2022 761 2081 vitem
782 2022 968 2081 servandam.
988 2021 1117 2093 --Quid
1139 2023 1175 2083 de
1196 2024 1290 2084 variis
1310 2024 1378 2084 istis
1398 2023 1564 2084 rationibus
1583 2043 1650 2082 cen·

405 2120 537 2190 sendum,
560 2124 590 2179 et
611 2120 680 2195 quid
701 2119 786 2178 miles
807 2138 896 2194 agere
918 2120 1019 2179 debuit
1039 2121 1089 2180 rel
1108 2121 1190 2182 licite
1211 2122 1328 2199 potuit?

495 2216 615 2277 Iuvenis
646 2216 763 2293 quidam
793 2216 927 2293 integrae
957 2218 1115 2294 probitatis
1149 2219 1240 2297 impia
1273 2218 1492 2279 machinatione
1525 2218 1651 2277 alicuine

406 2313 514 2375 aemuli
541 2314 619 2373 falso
648 2312 819 2389 gravissumi
847 2314 978 2375 criminis
1007 2322 1166 2376 accusatus
1186 2336 1241 2394 per
1261 2316 1440 2377 sententiam
1460 2314 1567 2375 iudicis
1586 2334 1651 2393 per·

406 2414 495 2488 petuo
524 2411 637 2470 carceri
665 2410 818 2471 addicitur.
862 2412 970 2471 Oblata
999 2412 1104 2472 deinde
1131 2414 1256 2473 fortuita
1284 2413 1439 2473 occasione
1466 2417 1530 2472 tuto
1559 2433 1576 2472 e
1604 2433 1650 2471 cu·

407 2508 504 2569 stadia
531 2508 651 2586 publica
680 2509 825 2581 elabendi,
854 2530 889 2569 ea
911 2515 1010 2570 tamen
1031 2510 1076 2570 uti
1096 2511 1200 2583 noluit,
1228 2512 1305 2589 quia,
1333 2510 1454 2570 tametsi
1474 2528 1548 2570 suae
1570 2510 1650 2569 iuno·

407 2607 523 2666 sentiae
552 2606 607 2667 sibi
634 2606 772 2667 conscius
800 2608 836 2667 de
864 2628 918 2669 suo
946 2610 1009 2669 iure
1032 2610 1162 2669 naturali
1182 2610 1402 2687 recuperandae
1422 2608 1572 2669 libertatis
1591 2628 1649 2667 non

407 2705 570 2777 dubitabat,
599 2704 668 2763 huic
695 2708 805 2776 tamen,
834 2710 937 2783 utpote
964 2707 1022 2766 iuri
1042 2707 1170 2784 privato,
1197 2708 1316 2767 interim
1336 2706 1510 2785 praevalere
1530 2704 1579 2764 ius
1598 2725 1651 2782 per

407 2802 585 2861 sententiam
613 2801 720 2861 iudicis
744 2802 860 2879 publice
882 2804 1028 2863 firmatum
1050 2805 1174 2865 censuit.
1215 2806 1325 2864 Verum
1345 2805 1376 2863 in
1398 2822 1519 2863 carcere
1538 2802 1650 2877 degens

405 2899 554 2959 cotidiano
582 2899 777 2977 pessimorum
805 2901 955 2960 hominum
983 2903 1132 2963 consortio
1153 2904 1184 2963 in
1206 2904 1269 2963 dies
1290 2901 1565 2981 praesentissimum
1591 2921 1649 2959 mo

405 2996 478 3057 ralis
507 2999 692 3075 corruptelae
719 2998 882 3075 perieulum
910 2998 967 3058 sibi
989 3002 1090 3061 enasci
1114 3001 1331 3062 animadvertit.
1372 3000 1563 3077 Quapropter
1582 3018 1650 3059 mox

404 3094 511 3155 iterum
533 3096 603 3155 datu
624 3094 761 3155 elabendi
782 3095 949 3168 occasione,
976 3116 1012 3156 ea
1033 3098 1098 3157 sine
1119 3098 1317 3158 haesitatione
1336 3097 1464 3157 libenter
1483 3096 1588 3169 utitur,
1615 3117 1650 3156 eo

404 3192 481 3269 quod
500 3192 547 3253 ius
568 3192 757 3252 inalienabile
778 3191 961 3268 integritatis
982 3194 1104 3254 moralis
1126 3195 1233 3255 ceteris
1261 3194 1397 3255 omnibus
1423 3194 1650 3271 praeferendam

403 3290 451 3351 sit.
493 3290 624 3365 Fugiens
645 3296 744 3350 autem
765 3296 930 3368 opportune
950 3292 1045 3351 utitur
1065 3293 1159 3370 ipsius
1179 3292 1282 3353 iniusti
1302 3292 1349 3353 sui
1369 3290 1556 3352 accusatoris
1577 3312 1652 3369 equo

403 3388 556 3449 celerrimo
579 3394 609 3449 et
630 3389 735 3449 summi
756 3389 853 3467 pretii,
876 3409 961 3466 quem
983 3391 1071 3450 amici
1093 3412 1184 3469 opera
1205 3391 1308 3451 eadem
1328 3395 1417 3450 nocte
1436 3390 1514 3449 clem
1527 3390 1572 3449 illi
1586 3392 1652 3451 sub

404 3486 568 3545 ducendum
590 3492 757 3546 curaverat.
799 3486 925 3564 Asylum
946 3486 1073 3564 denique
1094 3488 1222 3547 feliciter
1241 3494 1348 3549 nactus
1369 3488 1451 3548 illum
1476 3488 1592 3561 vendit,
1621 3497 1653 3548 ut

403 3584 522 3655 lrabeat,
552 3584 628 3643 unde
655 3584 748 3643 vitam
776 3590 933 3646 sustentet
957 3620 992 3628 -
1017 3586 1093 3656 Quid
1120 3586 1305 3647 sentiendum
1332 3586 1367 3645 de
1390 3586 1464 3646 iuris
1484 3584 1651 3645 rationibus

403 3686 432 3740 ct
453 3682 573 3758 regulis,
595 3684 747 3759 quasiste
769 3684 885 3743 iuvenis
907 3690 1029 3745 secutus
1050 3690 1117 3745 est?

492 3778 561 3838 Alia
585 3780 720 3857 exempla
747 3781 794 3841 his
822 3781 940 3854 similia,
969 3782 1168 3859 percurrendo
1190 3783 1275 3843 varia
1296 3802 1407 3859 genera
1428 3780 1596 3842 officiorum
1616 3804 1650 3841 ac

401 3876 517 3947 iuriam,
539 3876 627 3936 facile
649 3878 686 3937 ab
708 3897 882 3955 unoquoque
903 3880 1040 3939 exercitii
1060 3880 1158 3956 gratia
1180 3880 1344 3958 excogitari
1364 3884 1514 3958 poterunt.

437 4248 503 4293 b'ala.
532 4249 586 4300 Pag.
602 4248 647 4297 llt,
661 4248 676 4292 l.
691 4250 716 4290 la
731 4248 780 4291 loco
796 4248 868 4299 „ratio
882 4248 1013 4293 sufficiens·
1028 4274 1054 4281 -
1068 4254 1127 4304 repe.-
1139 4252 1200 4295 ratlo
1214 4253 1345 4307 respective
1359 4253 1438 4306 gravis
1452 4252 1619 4298 arcamarcaa

533 4318 595 4361 ldcm
612 4322 658 4373 lece
673 4332 694 4373 p.
710 4321 754 4369 l'll.
769 4320 784 4365 l.
797 4322 810 4363 8
824 4321 853 4365 ab
868 4321 934 4365 intra.

883 4922 949 5005 e·
979 4920 1079 5021 aa,

897 5058 1089 5339 ls‘llml
