<?xml version="1.0" encoding="UTF-8"?>
<!DOCTYPE html PUBLIC "-//W3C//DTD XHTML 1.0 Transitional//EN"
    "http://www.w3.org/TR/xhtml1/DTD/xhtml1-transitional.dtd">
<html xmlns="http://www.w3.org/1999/xhtml" xml:lang="en" lang="en">
 <head>
  <title>
</title>
<meta http-equiv="Content-Type" content="text/html;charset=utf-8" />
  <meta name='ocr-system' content='tesseract 3.04.00' />
  <meta name='ocr-capabilities' content='ocr_page ocr_carea ocr_par ocr_line ocrx_word'/>
</head>
<body>
  <div class='ocr_page' id='page_1' title='image "./institutionesiu00meyegoog_0247.png"; bbox 0 0 3909 5842; ppageno 0'>
   <div class='ocr_carea' id='block_1_1' title="bbox 518 702 1561 774">
    <p class='ocr_par' dir='ltr' id='par_1_1' title="bbox 518 702 1561 774">
     <span class='ocr_line' id='line_1_1' title="bbox 518 702 1561 774; baseline 0.001 -17"><span class='ocrx_word' id='word_1_1' title='bbox 518 704 558 757; x_wconf 90' lang='lat' dir='ltr'><strong>De</strong></span> <span class='ocrx_word' id='word_1_2' title='bbox 576 719 671 757; x_wconf 85' lang='lat' dir='ltr'><strong>norma</strong></span> <span class='ocrx_word' id='word_1_3' title='bbox 690 703 824 774; x_wconf 84' lang='lat' dir='ltr'><strong>completa</strong></span> <span class='ocrx_word' id='word_1_4' title='bbox 843 707 953 758; x_wconf 77' lang='lat' dir='ltr'><strong>actuum</strong></span> <span class='ocrx_word' id='word_1_5' title='bbox 973 703 1152 757; x_wconf 88' lang='lat' dir='ltr'><strong>humanorum</strong></span> <span class='ocrx_word' id='word_1_6' title='bbox 1171 719 1220 756; x_wconf 87' lang='lat' dir='ltr'><strong>seu</strong></span> <span class='ocrx_word' id='word_1_7' title='bbox 1239 702 1272 756; x_wconf 90' lang='lat' dir='ltr'><strong>de</strong></span> <span class='ocrx_word' id='word_1_8' title='bbox 1290 702 1360 771; x_wconf 86' lang='lat' dir='ltr'><strong>lage.</strong></span> <span class='ocrx_word' id='word_1_9' title='bbox 1499 707 1561 770; x_wconf 72' lang='grc'><strong>195</strong></span> 
     </span>
    </p>
   </div>
   <div class='ocr_carea' id='block_1_2' title="bbox 314 879 1569 3687">
    <p class='ocr_par' dir='ltr' id='par_1_2' title="bbox 314 879 1565 1347">
     <span class='ocr_line' id='line_1_2' title="bbox 314 879 1564 958; baseline -0.001 -18"><span class='ocrx_word' id='word_1_10' title='bbox 314 901 384 958; x_wconf 82' lang='lat' dir='ltr'><strong>pax,</strong></span> <span class='ocrx_word' id='word_1_11' title='bbox 407 881 497 940; x_wconf 87' lang='lat' dir='ltr'><strong>animi</strong></span> <span class='ocrx_word' id='word_1_12' title='bbox 519 879 710 958; x_wconf 80' lang='lat' dir='ltr'><strong>corporisque</strong></span> <span class='ocrx_word' id='word_1_13' title='bbox 731 881 890 956; x_wconf 72' lang='lat' dir='ltr'><strong>integritas</strong></span> <span class='ocrx_word' id='word_1_14' title='bbox 911 886 942 940; x_wconf 88' lang='lat' dir='ltr'><strong>et</strong></span> <span class='ocrx_word' id='word_1_15' title='bbox 962 881 1113 955; x_wconf 84' lang='lat' dir='ltr'><strong>valetudo,</strong></span> <span class='ocrx_word' id='word_1_16' title='bbox 1133 880 1224 940; x_wconf 91' lang='lat' dir='ltr'><strong>animi</strong></span> <span class='ocrx_word' id='word_1_17' title='bbox 1245 881 1402 951; x_wconf 86' lang='lat' dir='ltr'><strong>serenitas,</strong></span> <span class='ocrx_word' id='word_1_18' title='bbox 1423 881 1488 940; x_wconf 80' lang='lat' dir='ltr'><strong>uita</strong></span> <span class='ocrx_word' id='word_1_19' title='bbox 1502 881 1564 940; x_wconf 92' lang='lat' dir='ltr'><strong>diu-</strong></span> 
     </span>
     <span class='ocr_line' id='line_1_3' title="bbox 317 979 1565 1056; baseline -0.002 -16"><span class='ocrx_word' id='word_1_20' title='bbox 317 980 432 1040; x_wconf 87' lang='lat' dir='ltr'><strong>turnior</strong></span> <span class='ocrx_word' id='word_1_21' title='bbox 460 986 532 1051; x_wconf 87' lang='lat' dir='ltr'><strong>etc.;</strong></span> <span class='ocrx_word' id='word_1_22' title='bbox 562 980 593 1052; x_wconf 89' lang='lat' dir='ltr'><strong>b)</strong></span> <span class='ocrx_word' id='word_1_23' title='bbox 615 999 674 1056; x_wconf 84' lang='lat' dir='ltr'><strong>pro</strong></span> <span class='ocrx_word' id='word_1_24' title='bbox 701 982 854 1040; x_wconf 69' lang='lat' dir='ltr'><strong>demeritm</strong></span> <span class='ocrx_word' id='word_1_25' title='bbox 880 979 1021 1040; x_wconf 90' lang='lat' dir='ltr'><strong>iudicium</strong></span> <span class='ocrx_word' id='word_1_26' title='bbox 1047 979 1173 1049; x_wconf 86' lang='lat' dir='ltr'><strong>rationis</strong></span> <span class='ocrx_word' id='word_1_27' title='bbox 1201 979 1411 1056; x_wconf 85' lang='lat' dir='ltr'><strong>exprobrantis</strong></span> <span class='ocrx_word' id='word_1_28' title='bbox 1439 985 1470 1038; x_wconf 91' lang='lat' dir='ltr'><strong>et</strong></span> <span class='ocrx_word' id='word_1_29' title='bbox 1498 998 1565 1038; x_wconf 88' lang='lat' dir='ltr'><strong>con·</strong></span> 
     </span>
     <span class='ocr_line' id='line_1_4' title="bbox 316 1076 1564 1153; baseline -0.001 -17"><span class='ocrx_word' id='word_1_30' title='bbox 316 1077 498 1148; x_wconf 84' lang='lat' dir='ltr'><strong>damnantis,</strong></span> <span class='ocrx_word' id='word_1_31' title='bbox 527 1096 581 1136; x_wconf 87' lang='lat' dir='ltr'><strong>seu</strong></span> <span class='ocrx_word' id='word_1_32' title='bbox 603 1077 803 1137; x_wconf 88' lang='lat' dir='ltr'><strong>conscientiae</strong></span> <span class='ocrx_word' id='word_1_33' title='bbox 824 1097 991 1148; x_wconf 87' lang='lat' dir='ltr'><strong>remorsus,</strong></span> <span class='ocrx_word' id='word_1_34' title='bbox 1012 1078 1106 1136; x_wconf 81' lang='lat' dir='ltr'><strong>morbi</strong></span> <span class='ocrx_word' id='word_1_35' title='bbox 1128 1077 1262 1153; x_wconf 88' lang='lat' dir='ltr'><strong>eorporis</strong></span> <span class='ocrx_word' id='word_1_36' title='bbox 1283 1082 1314 1136; x_wconf 89' lang='lat' dir='ltr'><strong>et</strong></span> <span class='ocrx_word' id='word_1_37' title='bbox 1335 1076 1441 1147; x_wconf 89' lang='lat' dir='ltr'><strong>animi,</strong></span> <span class='ocrx_word' id='word_1_38' title='bbox 1462 1077 1564 1152; x_wconf 91' lang='lat' dir='ltr'><strong>iugum</strong></span> 
     </span>
     <span class='ocr_line' id='line_1_5' title="bbox 316 1173 1565 1251; baseline 0 -19"><span class='ocrx_word' id='word_1_39' title='bbox 316 1173 575 1251; x_wconf 77' lang='lat' dir='ltr'><strong>concupiscentiae</strong></span> <span class='ocrx_word' id='word_1_40' title='bbox 597 1174 718 1250; x_wconf 88' lang='lat' dir='ltr'><strong>eiusque</strong></span> <span class='ocrx_word' id='word_1_41' title='bbox 738 1173 896 1251; x_wconf 84' lang='lat' dir='ltr'><strong>multiplex</strong></span> <span class='ocrx_word' id='word_1_42' title='bbox 917 1174 1099 1245; x_wconf 82' lang='lat' dir='ltr'><strong>amaritudo,</strong></span> <span class='ocrx_word' id='word_1_43' title='bbox 1124 1173 1188 1233; x_wconf 88' lang='lat' dir='ltr'><strong>vita</strong></span> <span class='ocrx_word' id='word_1_44' title='bbox 1210 1173 1289 1233; x_wconf 90' lang='lat' dir='ltr'><strong>omni</strong></span> <span class='ocrx_word' id='word_1_45' title='bbox 1309 1193 1381 1234; x_wconf 86' lang='lat' dir='ltr'><strong>vero</strong></span> <span class='ocrx_word' id='word_1_46' title='bbox 1402 1173 1513 1234; x_wconf 87' lang='lat' dir='ltr'><strong>solacio</strong></span> <span class='ocrx_word' id='word_1_47' title='bbox 1535 1179 1565 1232; x_wconf 88' lang='lat' dir='ltr'><strong>et</strong></span> 
     </span>
     <span class='ocr_line' id='line_1_6' title="bbox 315 1270 1350 1347; baseline 0.001 -17"><span class='ocrx_word' id='word_1_48' title='bbox 315 1270 423 1345; x_wconf 88' lang='lat' dir='ltr'><strong>gaudio</strong></span> <span class='ocrx_word' id='word_1_49' title='bbox 445 1270 599 1344; x_wconf 86' lang='lat' dir='ltr'><strong>destituta,</strong></span> <span class='ocrx_word' id='word_1_50' title='bbox 621 1276 811 1347; x_wconf 86' lang='lat' dir='ltr'><strong>praematura</strong></span> <span class='ocrx_word' id='word_1_51' title='bbox 832 1290 911 1330; x_wconf 91' lang='lat' dir='ltr'><strong>mors</strong></span> <span class='ocrx_word' id='word_1_52' title='bbox 933 1278 986 1330; x_wconf 88' lang='lat' dir='ltr'><strong>aut</strong></span> <span class='ocrx_word' id='word_1_53' title='bbox 1005 1270 1111 1330; x_wconf 82' lang='lat' dir='ltr'><strong>infelix</strong></span> <span class='ocrx_word' id='word_1_54' title='bbox 1132 1276 1272 1330; x_wconf 90' lang='lat' dir='ltr'><strong>senectus</strong></span> <span class='ocrx_word' id='word_1_55' title='bbox 1294 1277 1350 1332; x_wconf 85' lang='lat' dir='ltr'><strong>etc.</strong></span> 
     </span>
    </p>

    <p class='ocr_par' dir='ltr' id='par_1_3' title="bbox 315 1367 1567 2694">
     <span class='ocr_line' id='line_1_7' title="bbox 397 1367 1565 1444; baseline 0.002 -19"><span class='ocrx_word' id='word_1_56' title='bbox 397 1371 423 1427; x_wconf 81' lang='lat'><strong>2.</strong></span> <span class='ocrx_word' id='word_1_57' title='bbox 447 1367 552 1426; x_wconf 71' lang='lat' dir='ltr'><strong>Oratim</strong></span> <span class='ocrx_word' id='word_1_58' title='bbox 572 1369 672 1428; x_wconf 81' lang='lat' dir='ltr'><strong>sociali</strong></span> <span class='ocrx_word' id='word_1_59' title='bbox 692 1387 745 1444; x_wconf 90' lang='lat' dir='ltr'><strong>pro</strong></span> <span class='ocrx_word' id='word_1_60' title='bbox 766 1368 871 1426; x_wconf 88' lang='lat' dir='ltr'><strong>merito</strong></span> <span class='ocrx_word' id='word_1_61' title='bbox 893 1373 923 1426; x_wconf 87' lang='lat' dir='ltr'><strong>et</strong></span> <span class='ocrx_word' id='word_1_62' title='bbox 945 1368 1089 1427; x_wconf 90' lang='lat' dir='ltr'><strong>demerito</strong></span> <span class='ocrx_word' id='word_1_63' title='bbox 1109 1369 1287 1428; x_wconf 83' lang='lat' dir='ltr'><strong>naturaliter</strong></span> <span class='ocrx_word' id='word_1_64' title='bbox 1304 1368 1485 1428; x_wconf 86' lang='lat' dir='ltr'><strong>conveniunt</strong></span> <span class='ocrx_word' id='word_1_65' title='bbox 1498 1371 1565 1427; x_wconf 83' lang='lat' dir='ltr'><strong>binc</strong></span> 
     </span>
     <span class='ocr_line' id='line_1_8' title="bbox 316 1464 1564 1542; baseline 0.001 -19"><span class='ocrx_word' id='word_1_66' title='bbox 316 1465 432 1541; x_wconf 90' lang='lat' dir='ltr'><strong>quidem</strong></span> <span class='ocrx_word' id='word_1_67' title='bbox 446 1465 625 1536; x_wconf 83' lang='lat' dir='ltr'><strong>aestimatio,</strong></span> <span class='ocrx_word' id='word_1_68' title='bbox 648 1466 723 1538; x_wconf 90' lang='lat' dir='ltr'><strong>laus,</strong></span> <span class='ocrx_word' id='word_1_69' title='bbox 738 1465 842 1538; x_wconf 91' lang='lat' dir='ltr'><strong>honor,</strong></span> <span class='ocrx_word' id='word_1_70' title='bbox 857 1465 1039 1534; x_wconf 86' lang='lat' dir='ltr'><strong>bonafama,</strong></span> <span class='ocrx_word' id='word_1_71' title='bbox 1054 1464 1160 1540; x_wconf 87' lang='lat' dir='ltr'><strong>gloria,</strong></span> <span class='ocrx_word' id='word_1_72' title='bbox 1174 1466 1301 1542; x_wconf 89' lang='lat' dir='ltr'><strong>pacifica</strong></span> <span class='ocrx_word' id='word_1_73' title='bbox 1315 1466 1396 1524; x_wconf 83' lang='lat' dir='ltr'><strong>vitae</strong></span> <span class='ocrx_word' id='word_1_74' title='bbox 1410 1467 1564 1524; x_wconf 90' lang='lat' dir='ltr'><strong>bonorum·</strong></span> 
     </span>
     <span class='ocr_line' id='line_1_9' title="bbox 317 1561 1565 1639; baseline 0 -17"><span class='ocrx_word' id='word_1_75' title='bbox 317 1583 373 1638; x_wconf 90' lang='lat' dir='ltr'><strong>que</strong></span> <span class='ocrx_word' id='word_1_76' title='bbox 394 1562 511 1634; x_wconf 80' lang='lat' dir='ltr'><strong>fruiti03</strong></span> <span class='ocrx_word' id='word_1_77' title='bbox 532 1564 613 1622; x_wconf 83' lang='lat' dir='ltr'><strong>illinc</strong></span> <span class='ocrx_word' id='word_1_78' title='bbox 633 1582 705 1622; x_wconf 87' lang='lat' dir='ltr'><strong>vero</strong></span> <span class='ocrx_word' id='word_1_79' title='bbox 727 1566 924 1638; x_wconf 88' lang='lat' dir='ltr'><strong>contemptus,</strong></span> <span class='ocrx_word' id='word_1_80' title='bbox 946 1561 1135 1639; x_wconf 89' lang='lat' dir='ltr'><strong>vituperium,</strong></span> <span class='ocrx_word' id='word_1_81' title='bbox 1158 1562 1301 1632; x_wconf 90' lang='lat' dir='ltr'><strong>dedecus,</strong></span> <span class='ocrx_word' id='word_1_82' title='bbox 1323 1562 1450 1622; x_wconf 89' lang='lat' dir='ltr'><strong>nominis</strong></span> <span class='ocrx_word' id='word_1_83' title='bbox 1471 1563 1565 1634; x_wconf 90' lang='lat' dir='ltr'><strong>labes,</strong></span> 
     </span>
     <span class='ocr_line' id='line_1_10' title="bbox 316 1656 1566 1734; baseline -0.001 -16"><span class='ocrx_word' id='word_1_84' title='bbox 316 1659 448 1732; x_wconf 88' lang='lat' dir='ltr'><strong>infamia,</strong></span> <span class='ocrx_word' id='word_1_85' title='bbox 471 1659 592 1720; x_wconf 89' lang='lat' dir='ltr'><strong>socialis</strong></span> <span class='ocrx_word' id='word_1_86' title='bbox 614 1659 809 1718; x_wconf 80' lang='lat' dir='ltr'><strong>exsistentiae</strong></span> <span class='ocrx_word' id='word_1_87' title='bbox 824 1659 979 1734; x_wconf 88' lang='lat' dir='ltr'><strong>multiplex</strong></span> <span class='ocrx_word' id='word_1_88' title='bbox 994 1659 1133 1718; x_wconf 87' lang='lat' dir='ltr'><strong>turbatio.</strong></span> <span class='ocrx_word' id='word_1_89' title='bbox 1165 1656 1277 1728; x_wconf 81' lang='lat' dir='ltr'><strong>Quibus</strong></span> <span class='ocrx_word' id='word_1_90' title='bbox 1298 1660 1444 1718; x_wconf 90' lang='lat' dir='ltr'><strong>accedunt</strong></span> <span class='ocrx_word' id='word_1_91' title='bbox 1465 1663 1566 1717; x_wconf 88' lang='lat' dir='ltr'><strong>cetera</strong></span> 
     </span>
     <span class='ocr_line' id='line_1_11' title="bbox 315 1755 1563 1832; baseline -0.002 -16"><span class='ocrx_word' id='word_1_92' title='bbox 315 1757 469 1816; x_wconf 90' lang='lat' dir='ltr'><strong>innumera</strong></span> <span class='ocrx_word' id='word_1_93' title='bbox 484 1759 626 1816; x_wconf 88' lang='lat' dir='ltr'><strong>bonorum</strong></span> <span class='ocrx_word' id='word_1_94' title='bbox 642 1755 828 1814; x_wconf 89' lang='lat' dir='ltr'><strong>etmalorum</strong></span> <span class='ocrx_word' id='word_1_95' title='bbox 843 1774 962 1831; x_wconf 86' lang='lat' dir='ltr'><strong>genera,</strong></span> <span class='ocrx_word' id='word_1_96' title='bbox 985 1775 1060 1832; x_wconf 87' lang='lat' dir='ltr'><strong>ques</strong></span> <span class='ocrx_word' id='word_1_97' title='bbox 1075 1775 1113 1814; x_wconf 84' lang='lat' dir='ltr'><strong>ex</strong></span> <span class='ocrx_word' id='word_1_98' title='bbox 1129 1756 1338 1816; x_wconf 89' lang='lat' dir='ltr'><strong>observatione</strong></span> <span class='ocrx_word' id='word_1_99' title='bbox 1360 1761 1411 1815; x_wconf 89' lang='lat' dir='ltr'><strong>aut</strong></span> <span class='ocrx_word' id='word_1_100' title='bbox 1431 1756 1563 1815; x_wconf 89' lang='lat' dir='ltr'><strong>laesione</strong></span> 
     </span>
     <span class='ocr_line' id='line_1_12' title="bbox 316 1853 1565 1932; baseline -0.002 -18"><span class='ocrx_word' id='word_1_101' title='bbox 316 1855 428 1915; x_wconf 88' lang='lat' dir='ltr'><strong>ordinis</strong></span> <span class='ocrx_word' id='word_1_102' title='bbox 450 1854 570 1914; x_wconf 88' lang='lat' dir='ltr'><strong>socialis</strong></span> <span class='ocrx_word' id='word_1_103' title='bbox 591 1874 646 1932; x_wconf 92' lang='lat' dir='ltr'><strong>pro</strong></span> <span class='ocrx_word' id='word_1_104' title='bbox 666 1853 733 1930; x_wconf 86' lang='lat' dir='ltr'><strong>ipsa</strong></span> <span class='ocrx_word' id='word_1_105' title='bbox 761 1853 971 1913; x_wconf 81' lang='lat' dir='ltr'><strong>communitate</strong></span> <span class='ocrx_word' id='word_1_106' title='bbox 1000 1853 1070 1912; x_wconf 88' lang='lat' dir='ltr'><strong>oriri</strong></span> <span class='ocrx_word' id='word_1_107' title='bbox 1092 1858 1181 1929; x_wconf 87' lang='lat' dir='ltr'><strong>atque</strong></span> <span class='ocrx_word' id='word_1_108' title='bbox 1201 1853 1270 1913; x_wconf 90' lang='lat' dir='ltr'><strong>inde</strong></span> <span class='ocrx_word' id='word_1_109' title='bbox 1291 1855 1329 1913; x_wconf 90' lang='lat' dir='ltr'><strong>ed</strong></span> <span class='ocrx_word' id='word_1_110' title='bbox 1351 1855 1414 1914; x_wconf 86' lang='lat' dir='ltr'><strong>eius</strong></span> <span class='ocrx_word' id='word_1_111' title='bbox 1434 1855 1565 1913; x_wconf 90' lang='lat' dir='ltr'><strong>membra</strong></span> 
     </span>
     <span class='ocr_line' id='line_1_13' title="bbox 316 1952 1565 2030; baseline 0 -18"><span class='ocrx_word' id='word_1_112' title='bbox 316 1953 481 2012; x_wconf 89' lang='lat' dir='ltr'><strong>redundare</strong></span> <span class='ocrx_word' id='word_1_113' title='bbox 502 1955 609 2022; x_wconf 84' lang='lat' dir='ltr'><strong>solent,</strong></span> <span class='ocrx_word' id='word_1_114' title='bbox 631 1958 712 2029; x_wconf 84' lang='lat' dir='ltr'><strong>puta,</strong></span> <span class='ocrx_word' id='word_1_115' title='bbox 733 1953 800 2012; x_wconf 77' lang='lat' dir='ltr'><strong>binc</strong></span> <span class='ocrx_word' id='word_1_116' title='bbox 819 1972 880 2029; x_wconf 85' lang='lat' dir='ltr'><strong>pax</strong></span> <span class='ocrx_word' id='word_1_117' title='bbox 901 1952 1066 2012; x_wconf 87' lang='lat' dir='ltr'><strong>domestice</strong></span> <span class='ocrx_word' id='word_1_118' title='bbox 1087 1957 1117 2011; x_wconf 91' lang='lat' dir='ltr'><strong>et</strong></span> <span class='ocrx_word' id='word_1_119' title='bbox 1137 1953 1256 2030; x_wconf 87' lang='lat' dir='ltr'><strong>publica</strong></span> <span class='ocrx_word' id='word_1_120' title='bbox 1270 1973 1337 2013; x_wconf 91' lang='lat' dir='ltr'><strong>cum</strong></span> <span class='ocrx_word' id='word_1_121' title='bbox 1352 1953 1487 2013; x_wconf 88' lang='lat' dir='ltr'><strong>omnibus</strong></span> <span class='ocrx_word' id='word_1_122' title='bbox 1502 1953 1565 2012; x_wconf 90' lang='lat' dir='ltr'><strong>suis</strong></span> 
     </span>
     <span class='ocr_line' id='line_1_14' title="bbox 317 2049 1567 2128; baseline -0.001 -18"><span class='ocrx_word' id='word_1_123' title='bbox 317 2051 463 2110; x_wconf 85' lang='lat' dir='ltr'><strong>fructibus</strong></span> <span class='ocrx_word' id='word_1_124' title='bbox 490 2052 628 2128; x_wconf 85' lang='lat' dir='ltr'><strong>privatae</strong></span> <span class='ocrx_word' id='word_1_125' title='bbox 656 2071 692 2110; x_wconf 89' lang='lat' dir='ltr'><strong>ac</strong></span> <span class='ocrx_word' id='word_1_126' title='bbox 719 2049 856 2128; x_wconf 89' lang='lat' dir='ltr'><strong>publicae</strong></span> <span class='ocrx_word' id='word_1_127' title='bbox 877 2051 1105 2128; x_wconf 84' lang='lat' dir='ltr'><strong>prosperitatis,</strong></span> <span class='ocrx_word' id='word_1_128' title='bbox 1132 2053 1214 2111; x_wconf 78' lang='lat' dir='ltr'><strong>illinc</strong></span> <span class='ocrx_word' id='word_1_129' title='bbox 1239 2051 1323 2128; x_wconf 91' lang='lat' dir='ltr'><strong>pacis</strong></span> <span class='ocrx_word' id='word_1_130' title='bbox 1344 2056 1375 2111; x_wconf 90' lang='lat' dir='ltr'><strong>et</strong></span> <span class='ocrx_word' id='word_1_131' title='bbox 1395 2050 1567 2111; x_wconf 82' lang='lat' dir='ltr'><strong>securitatis</strong></span> 
     </span>
     <span class='ocr_line' id='line_1_15' title="bbox 317 2146 1566 2218; baseline 0 -11"><span class='ocrx_word' id='word_1_132' title='bbox 317 2147 458 2218; x_wconf 89' lang='lat' dir='ltr'><strong>turbatio,</strong></span> <span class='ocrx_word' id='word_1_133' title='bbox 481 2147 696 2218; x_wconf 89' lang='lat' dir='ltr'><strong>contentiones,</strong></span> <span class='ocrx_word' id='word_1_134' title='bbox 718 2147 796 2216; x_wconf 87' lang='lat' dir='ltr'><strong>odia,</strong></span> <span class='ocrx_word' id='word_1_135' title='bbox 818 2146 936 2218; x_wconf 89' lang='lat' dir='ltr'><strong>caedes,</strong></span> <span class='ocrx_word' id='word_1_136' title='bbox 957 2147 1112 2216; x_wconf 87' lang='lat' dir='ltr'><strong>tumultus,</strong></span> <span class='ocrx_word' id='word_1_137' title='bbox 1133 2147 1222 2218; x_wconf 87' lang='lat' dir='ltr'><strong>bella,</strong></span> <span class='ocrx_word' id='word_1_138' title='bbox 1242 2148 1320 2206; x_wconf 91' lang='lat' dir='ltr'><strong>unde</strong></span> <span class='ocrx_word' id='word_1_139' title='bbox 1334 2149 1421 2207; x_wconf 88' lang='lat' dir='ltr'><strong>simul</strong></span> <span class='ocrx_word' id='word_1_140' title='bbox 1435 2148 1566 2207; x_wconf 78' lang='lat' dir='ltr'><strong>innume</strong></span> 
     </span>
     <span class='ocr_line' id='line_1_16' title="bbox 316 2244 1565 2322; baseline 0 -18"><span class='ocrx_word' id='word_1_141' title='bbox 316 2266 416 2305; x_wconf 89' lang='lat' dir='ltr'><strong>rorum</strong></span> <span class='ocrx_word' id='word_1_142' title='bbox 437 2249 580 2306; x_wconf 91' lang='lat' dir='ltr'><strong>bonorum</strong></span> <span class='ocrx_word' id='word_1_143' title='bbox 601 2245 756 2304; x_wconf 88' lang='lat' dir='ltr'><strong>socialium</strong></span> <span class='ocrx_word' id='word_1_144' title='bbox 770 2246 869 2304; x_wconf 84' lang='lat' dir='ltr'><strong>fontes</strong></span> <span class='ocrx_word' id='word_1_145' title='bbox 885 2246 1079 2304; x_wconf 88' lang='lat' dir='ltr'><strong>obstruuntur</strong></span> <span class='ocrx_word' id='word_1_146' title='bbox 1092 2249 1154 2303; x_wconf 85' lang='lat' dir='ltr'><strong>tam</strong></span> <span class='ocrx_word' id='word_1_147' title='bbox 1168 2245 1366 2304; x_wconf 88' lang='lat' dir='ltr'><strong>materialium</strong></span> <span class='ocrx_word' id='word_1_148' title='bbox 1381 2265 1467 2322; x_wconf 91' lang='lat' dir='ltr'><strong>quam</strong></span> <span class='ocrx_word' id='word_1_149' title='bbox 1482 2244 1565 2322; x_wconf 90' lang='lat' dir='ltr'><strong>epiri·</strong></span> 
     </span>
     <span class='ocr_line' id='line_1_17' title="bbox 317 2342 1565 2419; baseline 0 -19"><span class='ocrx_word' id='word_1_150' title='bbox 317 2343 457 2413; x_wconf 89' lang='lat' dir='ltr'><strong>tualium,</strong></span> <span class='ocrx_word' id='word_1_151' title='bbox 487 2343 530 2401; x_wconf 88' lang='lat' dir='ltr'><strong>uti</strong></span> <span class='ocrx_word' id='word_1_152' title='bbox 551 2363 578 2402; x_wconf 86' lang='lat' dir='ltr'><strong>v.</strong></span> <span class='ocrx_word' id='word_1_153' title='bbox 600 2361 627 2418; x_wconf 90' lang='lat' dir='ltr'><strong>g.</strong></span> <span class='ocrx_word' id='word_1_154' title='bbox 650 2342 783 2402; x_wconf 88' lang='lat' dir='ltr'><strong>culturae</strong></span> <span class='ocrx_word' id='word_1_155' title='bbox 812 2342 975 2401; x_wconf 89' lang='lat' dir='ltr'><strong>animorum</strong></span> <span class='ocrx_word' id='word_1_156' title='bbox 1003 2361 1057 2419; x_wconf 93' lang='lat' dir='ltr'><strong>per</strong></span> <span class='ocrx_word' id='word_1_157' title='bbox 1085 2342 1244 2413; x_wconf 86' lang='lat' dir='ltr'><strong>scientias,</strong></span> <span class='ocrx_word' id='word_1_158' title='bbox 1272 2343 1390 2402; x_wconf 84' lang='lat' dir='ltr'><strong>litteras</strong></span> <span class='ocrx_word' id='word_1_159' title='bbox 1417 2347 1447 2402; x_wconf 90' lang='lat' dir='ltr'><strong>et</strong></span> <span class='ocrx_word' id='word_1_160' title='bbox 1475 2346 1565 2401; x_wconf 76' lang='lat' dir='ltr'><strong>artes</strong></span> 
     </span>
     <span class='ocr_line' id='line_1_18' title="bbox 318 2439 1566 2517; baseline -0.001 -19"><span class='ocrx_word' id='word_1_161' title='bbox 318 2441 416 2516; x_wconf 87' lang='lat' dir='ltr'><strong>Atque</strong></span> <span class='ocrx_word' id='word_1_162' title='bbox 438 2441 512 2499; x_wconf 87' lang='lat' dir='ltr'><strong>haec</strong></span> <span class='ocrx_word' id='word_1_163' title='bbox 533 2440 650 2516; x_wconf 92' lang='lat' dir='ltr'><strong>quidem</strong></span> <span class='ocrx_word' id='word_1_164' title='bbox 671 2459 752 2498; x_wconf 90' lang='lat' dir='ltr'><strong>mere</strong></span> <span class='ocrx_word' id='word_1_165' title='bbox 773 2440 951 2500; x_wconf 87' lang='lat' dir='ltr'><strong>naturaliter</strong></span> <span class='ocrx_word' id='word_1_166' title='bbox 972 2441 1129 2511; x_wconf 85' lang='lat' dir='ltr'><strong>eveniunt;</strong></span> <span class='ocrx_word' id='word_1_167' title='bbox 1155 2439 1258 2499; x_wconf 85' lang='lat' dir='ltr'><strong>omitto</strong></span> <span class='ocrx_word' id='word_1_168' title='bbox 1281 2439 1358 2498; x_wconf 91' lang='lat' dir='ltr'><strong>enim</strong></span> <span class='ocrx_word' id='word_1_169' title='bbox 1379 2458 1491 2517; x_wconf 89' lang='lat' dir='ltr'><strong>poenas</strong></span> <span class='ocrx_word' id='word_1_170' title='bbox 1512 2457 1566 2515; x_wconf 90' lang='lat' dir='ltr'><strong>pro</strong></span> 
     </span>
     <span class='ocr_line' id='line_1_19' title="bbox 319 2535 1567 2615; baseline -0.002 -20"><span class='ocrx_word' id='word_1_171' title='bbox 319 2537 490 2596; x_wconf 86' lang='lat' dir='ltr'><strong>criminibus</strong></span> <span class='ocrx_word' id='word_1_172' title='bbox 519 2537 678 2596; x_wconf 85' lang='lat' dir='ltr'><strong>socialibus</strong></span> <span class='ocrx_word' id='word_1_173' title='bbox 706 2538 828 2614; x_wconf 90' lang='lat' dir='ltr'><strong>insuper</strong></span> <span class='ocrx_word' id='word_1_174' title='bbox 855 2539 921 2614; x_wconf 90' lang='lat' dir='ltr'><strong>lege</strong></span> <span class='ocrx_word' id='word_1_175' title='bbox 949 2537 1081 2615; x_wconf 86' lang='lat' dir='ltr'><strong>positiva</strong></span> <span class='ocrx_word' id='word_1_176' title='bbox 1108 2557 1162 2614; x_wconf 90' lang='lat' dir='ltr'><strong>per</strong></span> <span class='ocrx_word' id='word_1_177' title='bbox 1189 2537 1399 2597; x_wconf 86' lang='lat' dir='ltr'><strong>auctoritatem</strong></span> <span class='ocrx_word' id='word_1_178' title='bbox 1426 2535 1567 2596; x_wconf 86' lang='lat' dir='ltr'><strong>socialem</strong></span> 
     </span>
     <span class='ocr_line' id='line_1_20' title="bbox 319 2634 565 2694; baseline 0 0"><span class='ocrx_word' id='word_1_179' title='bbox 319 2634 565 2694; x_wconf 88' lang='lat' dir='ltr'><strong>determinandas.</strong></span> 
     </span>
    </p>

    <p class='ocr_par' dir='ltr' id='par_1_4' title="bbox 317 2732 1569 3687">
     <span class='ocr_line' id='line_1_21' title="bbox 409 2732 1567 2809; baseline -0.003 -17"><span class='ocrx_word' id='word_1_180' title='bbox 409 2735 435 2792; x_wconf 89' lang='lat'><strong>3.</strong></span> <span class='ocrx_word' id='word_1_181' title='bbox 465 2733 570 2792; x_wconf 81' lang='lat' dir='ltr'><strong>Ordini</strong></span> <span class='ocrx_word' id='word_1_182' title='bbox 598 2735 712 2792; x_wconf 80' lang='lat' dir='ltr'><strong>demam</strong></span> <span class='ocrx_word' id='word_1_183' title='bbox 740 2735 898 2792; x_wconf 67' lang='lat' dir='ltr'><strong>uniuersali</strong></span> <span class='ocrx_word' id='word_1_184' title='bbox 925 2753 979 2809; x_wconf 92' lang='lat' dir='ltr'><strong>pro</strong></span> <span class='ocrx_word' id='word_1_185' title='bbox 1007 2732 1113 2792; x_wconf 89' lang='lat' dir='ltr'><strong>merito</strong></span> <span class='ocrx_word' id='word_1_186' title='bbox 1141 2733 1363 2809; x_wconf 80' lang='lat' dir='ltr'><strong>perseverantis</strong></span> <span class='ocrx_word' id='word_1_187' title='bbox 1390 2733 1422 2791; x_wconf 92' lang='lat' dir='ltr'><strong>in</strong></span> <span class='ocrx_word' id='word_1_188' title='bbox 1450 2752 1485 2791; x_wconf 92' lang='lat' dir='ltr'><strong>eo</strong></span> <span class='ocrx_word' id='word_1_189' title='bbox 1507 2749 1567 2789; x_wconf 89' lang='lat' dir='ltr'><strong>aer·</strong></span> 
     </span>
     <span class='ocr_line' id='line_1_22' title="bbox 319 2829 1567 2906; baseline 0.001 -18"><span class='ocrx_word' id='word_1_190' title='bbox 319 2831 417 2888; x_wconf 85' lang='lat' dir='ltr'><strong>vando</strong></span> <span class='ocrx_word' id='word_1_191' title='bbox 439 2829 592 2888; x_wconf 88' lang='lat' dir='ltr'><strong>fidelitatis</strong></span> <span class='ocrx_word' id='word_1_192' title='bbox 614 2833 762 2904; x_wconf 87' lang='lat' dir='ltr'><strong>tamquam</strong></span> <span class='ocrx_word' id='word_1_193' title='bbox 778 2833 945 2905; x_wconf 78' lang='lat' dir='ltr'><strong>praemium</strong></span> <span class='ocrx_word' id='word_1_194' title='bbox 968 2831 1128 2906; x_wconf 90' lang='lat' dir='ltr'><strong>respondet</strong></span> <span class='ocrx_word' id='word_1_195' title='bbox 1148 2836 1288 2891; x_wconf 68' lang='lat' dir='ltr'><strong>racematio</strong></span> <span class='ocrx_word' id='word_1_196' title='bbox 1309 2832 1495 2890; x_wconf 64' lang='lat' dir='ltr'><strong>caritudine</strong></span> <span class='ocrx_word' id='word_1_197' title='bbox 1516 2849 1567 2889; x_wconf 81' lang='lat' dir='ltr'><strong>nc·</strong></span> 
     </span>
     <span class='ocr_line' id='line_1_23' title="bbox 318 2927 1567 3004; baseline 0.002 -17"><span class='ocrx_word' id='word_1_198' title='bbox 318 2930 435 3004; x_wconf 78' lang='lat' dir='ltr'><strong>taralis,</strong></span> <span class='ocrx_word' id='word_1_199' title='bbox 456 2933 603 3003; x_wconf 88' lang='lat' dir='ltr'><strong>tamquam</strong></span> <span class='ocrx_word' id='word_1_200' title='bbox 621 2947 715 3004; x_wconf 73' lang='lat' dir='ltr'><strong>poem</strong></span> <span class='ocrx_word' id='word_1_201' title='bbox 736 2934 834 2986; x_wconf 88' lang='lat' dir='ltr'><strong>autem</strong></span> <span class='ocrx_word' id='word_1_202' title='bbox 855 2947 909 3003; x_wconf 90' lang='lat' dir='ltr'><strong>pro</strong></span> <span class='ocrx_word' id='word_1_203' title='bbox 931 2927 1017 3002; x_wconf 84' lang='lat' dir='ltr'><strong>gravi</strong></span> <span class='ocrx_word' id='word_1_204' title='bbox 1038 2947 1094 2986; x_wconf 88' lang='lat' dir='ltr'><strong>nee</strong></span> <span class='ocrx_word' id='word_1_205' title='bbox 1114 2932 1253 3004; x_wconf 88' lang='lat' dir='ltr'><strong>reparato</strong></span> <span class='ocrx_word' id='word_1_206' title='bbox 1274 2928 1416 2988; x_wconf 88' lang='lat' dir='ltr'><strong>demerito</strong></span> <span class='ocrx_word' id='word_1_207' title='bbox 1437 2929 1567 2990; x_wconf 86' lang='lat' dir='ltr'><strong>eiusdem</strong></span> 
     </span>
     <span class='ocr_line' id='line_1_24' title="bbox 319 3024 1567 3100; baseline 0.002 -16"><span class='ocrx_word' id='word_1_208' title='bbox 319 3026 506 3084; x_wconf 79' lang='lat' dir='ltr'><strong>beatitudinis</strong></span> <span class='ocrx_word' id='word_1_209' title='bbox 520 3027 649 3100; x_wconf 74' lang='lat' dir='ltr'><strong>privatio</strong></span> <span class='ocrx_word' id='word_1_210' title='bbox 670 3041 723 3081; x_wconf 87' lang='lat' dir='ltr'><strong>eeu</strong></span> <span class='ocrx_word' id='word_1_211' title='bbox 744 3041 888 3082; x_wconf 90' lang='lat' dir='ltr'><strong>summum</strong></span> <span class='ocrx_word' id='word_1_212' title='bbox 910 3025 1020 3082; x_wconf 89' lang='lat' dir='ltr'><strong>malum</strong></span> <span class='ocrx_word' id='word_1_213' title='bbox 1034 3024 1179 3083; x_wconf 88' lang='lat' dir='ltr'><strong>naturale.</strong></span> <span class='ocrx_word' id='word_1_214' title='bbox 1208 3024 1248 3083; x_wconf 86' lang='lat' dir='ltr'><strong>Et</strong></span> <span class='ocrx_word' id='word_1_215' title='bbox 1261 3024 1405 3100; x_wconf 90' lang='lat' dir='ltr'><strong>siqnidem</strong></span> <span class='ocrx_word' id='word_1_216' title='bbox 1419 3031 1481 3085; x_wconf 91' lang='lat' dir='ltr'><strong>tum</strong></span> <span class='ocrx_word' id='word_1_217' title='bbox 1496 3028 1567 3086; x_wconf 90' lang='lat' dir='ltr'><strong>ordo</strong></span> 
     </span>
     <span class='ocr_line' id='line_1_25' title="bbox 320 3121 1567 3198; baseline 0.005 -18"><span class='ocrx_word' id='word_1_218' title='bbox 320 3122 509 3180; x_wconf 77' lang='lat' dir='ltr'><strong>iudioiducdc&#39;a</strong></span> <span class='ocrx_word' id='word_1_219' title='bbox 536 3125 598 3178; x_wconf 88' lang='lat' dir='ltr'><strong>tum</strong></span> <span class='ocrx_word' id='word_1_220' title='bbox 626 3121 740 3180; x_wconf 82' lang='lat' dir='ltr'><strong>socialia</strong></span> <span class='ocrx_word' id='word_1_221' title='bbox 768 3125 918 3196; x_wconf 87' lang='lat' dir='ltr'><strong>tamquam</strong></span> <span class='ocrx_word' id='word_1_222' title='bbox 944 3129 1043 3198; x_wconf 80' lang='lat' dir='ltr'><strong>partes</strong></span> <span class='ocrx_word' id='word_1_223' title='bbox 1071 3121 1287 3181; x_wconf 67' lang='lat' dir='ltr'><strong>consutuentes</strong></span> <span class='ocrx_word' id='word_1_224' title='bbox 1314 3123 1347 3180; x_wconf 91' lang='lat' dir='ltr'><strong>in</strong></span> <span class='ocrx_word' id='word_1_225' title='bbox 1374 3123 1476 3182; x_wconf 89' lang='lat' dir='ltr'><strong>ordine</strong></span> <span class='ocrx_word' id='word_1_226' title='bbox 1503 3131 1567 3187; x_wconf 80' lang='lat' dir='ltr'><strong>uni·</strong></span> 
     </span>
     <span class='ocr_line' id='line_1_26' title="bbox 320 3217 1567 3295; baseline 0.003 -17"><span class='ocrx_word' id='word_1_227' title='bbox 320 3221 423 3280; x_wconf 68' lang='lat' dir='ltr'><strong>cerami</strong></span> <span class='ocrx_word' id='word_1_228' title='bbox 445 3217 649 3289; x_wconf 87' lang='lat' dir='ltr'><strong>continentur,</strong></span> <span class='ocrx_word' id='word_1_229' title='bbox 672 3237 766 3294; x_wconf 89' lang='lat' dir='ltr'><strong>neque</strong></span> <span class='ocrx_word' id='word_1_230' title='bbox 788 3238 860 3295; x_wconf 87' lang='lat' dir='ltr'><strong>erga</strong></span> <span class='ocrx_word' id='word_1_231' title='bbox 882 3219 1057 3279; x_wconf 88' lang='lat' dir='ltr'><strong>alterutrum</strong></span> <span class='ocrx_word' id='word_1_232' title='bbox 1078 3219 1194 3278; x_wconf 89' lang='lat' dir='ltr'><strong>illorum</strong></span> <span class='ocrx_word' id='word_1_233' title='bbox 1215 3220 1351 3280; x_wconf 89' lang='lat' dir='ltr'><strong>meritum</strong></span> <span class='ocrx_word' id='word_1_234' title='bbox 1373 3226 1425 3280; x_wconf 88' lang='lat' dir='ltr'><strong>aut</strong></span> <span class='ocrx_word' id='word_1_235' title='bbox 1445 3221 1567 3282; x_wconf 91' lang='lat' dir='ltr'><strong>demeri-</strong></span> 
     </span>
     <span class='ocr_line' id='line_1_27' title="bbox 317 3314 1566 3391; baseline 0.002 -16"><span class='ocrx_word' id='word_1_236' title='bbox 317 3322 381 3375; x_wconf 91' lang='lat' dir='ltr'><strong>tum</strong></span> <span class='ocrx_word' id='word_1_237' title='bbox 409 3314 522 3390; x_wconf 91' lang='lat' dir='ltr'><strong>acquiri</strong></span> <span class='ocrx_word' id='word_1_238' title='bbox 550 3319 665 3390; x_wconf 88' lang='lat' dir='ltr'><strong>potest,</strong></span> <span class='ocrx_word' id='word_1_239' title='bbox 694 3315 770 3390; x_wconf 90' lang='lat' dir='ltr'><strong>quod</strong></span> <span class='ocrx_word' id='word_1_240' title='bbox 799 3335 857 3373; x_wconf 90' lang='lat' dir='ltr'><strong>non</strong></span> <span class='ocrx_word' id='word_1_241' title='bbox 879 3319 1002 3375; x_wconf 78' lang='lat' dir='ltr'><strong>mediate</strong></span> <span class='ocrx_word' id='word_1_242' title='bbox 1021 3315 1053 3373; x_wconf 92' lang='lat' dir='ltr'><strong>in</strong></span> <span class='ocrx_word' id='word_1_243' title='bbox 1074 3316 1153 3374; x_wconf 90' lang='lat' dir='ltr'><strong>hunc</strong></span> <span class='ocrx_word' id='word_1_244' title='bbox 1174 3335 1289 3391; x_wconf 90' lang='lat' dir='ltr'><strong>quoque</strong></span> <span class='ocrx_word' id='word_1_245' title='bbox 1310 3317 1471 3390; x_wconf 83' lang='lat' dir='ltr'><strong>redundat,</strong></span> <span class='ocrx_word' id='word_1_246' title='bbox 1500 3338 1566 3378; x_wconf 90' lang='lat' dir='ltr'><strong>con·</strong></span> 
     </span>
     <span class='ocr_line' id='line_1_28' title="bbox 318 3411 1569 3490; baseline 0.003 -18"><span class='ocrx_word' id='word_1_247' title='bbox 318 3411 461 3489; x_wconf 89' lang='lat' dir='ltr'><strong>seqnitur,</strong></span> <span class='ocrx_word' id='word_1_248' title='bbox 476 3412 621 3489; x_wconf 85' lang='lat' dir='ltr'><strong>rationem</strong></span> <span class='ocrx_word' id='word_1_249' title='bbox 635 3413 759 3488; x_wconf 85' lang='lat' dir='ltr'><strong>praemii</strong></span> <span class='ocrx_word' id='word_1_250' title='bbox 774 3418 804 3470; x_wconf 92' lang='lat' dir='ltr'><strong>et</strong></span> <span class='ocrx_word' id='word_1_251' title='bbox 817 3432 931 3490; x_wconf 88' lang='lat' dir='ltr'><strong>poenae</strong></span> <span class='ocrx_word' id='word_1_252' title='bbox 946 3413 1006 3472; x_wconf 87' lang='lat' dir='ltr'><strong>illia</strong></span> <span class='ocrx_word' id='word_1_253' title='bbox 1020 3414 1051 3472; x_wconf 87' lang='lat' dir='ltr'><strong>in</strong></span> <span class='ocrx_word' id='word_1_254' title='bbox 1065 3413 1165 3489; x_wconf 90' lang='lat' dir='ltr'><strong>specie</strong></span> <span class='ocrx_word' id='word_1_255' title='bbox 1180 3418 1211 3472; x_wconf 91' lang='grc'><strong>61</strong></span> <span class='ocrx_word' id='word_1_256' title='bbox 1219 3414 1394 3489; x_wconf 86' lang='lat' dir='ltr'><strong>singillatim</strong></span> <span class='ocrx_word' id='word_1_257' title='bbox 1404 3435 1569 3476; x_wconf 86' lang='lat' dir='ltr'><strong>accommo-</strong></span> 
     </span>
     <span class='ocr_line' id='line_1_29' title="bbox 319 3510 1567 3587; baseline 0.002 -18"><span class='ocrx_word' id='word_1_258' title='bbox 319 3511 418 3569; x_wconf 88' lang='lat' dir='ltr'><strong>datam</strong></span> <span class='ocrx_word' id='word_1_259' title='bbox 442 3531 498 3586; x_wconf 83' lang='lat' dir='ltr'><strong>per</strong></span> <span class='ocrx_word' id='word_1_260' title='bbox 526 3529 556 3568; x_wconf 87' lang='lat' dir='ltr'><strong>ac</strong></span> <span class='ocrx_word' id='word_1_261' title='bbox 582 3510 712 3569; x_wconf 91' lang='lat' dir='ltr'><strong>nondum</strong></span> <span class='ocrx_word' id='word_1_262' title='bbox 741 3529 808 3570; x_wconf 83' lang='lat' dir='ltr'><strong>esse</strong></span> <span class='ocrx_word' id='word_1_263' title='bbox 836 3511 1028 3587; x_wconf 89' lang='lat' dir='ltr'><strong>completam,</strong></span> <span class='ocrx_word' id='word_1_264' title='bbox 1057 3511 1108 3570; x_wconf 89' lang='lat' dir='ltr'><strong>sed</strong></span> <span class='ocrx_word' id='word_1_265' title='bbox 1137 3530 1222 3570; x_wconf 90' lang='lat' dir='ltr'><strong>suum</strong></span> <span class='ocrx_word' id='word_1_266' title='bbox 1244 3512 1488 3587; x_wconf 88' lang='lat' dir='ltr'><strong>complementum</strong></span> <span class='ocrx_word' id='word_1_267' title='bbox 1510 3513 1567 3574; x_wconf 91' lang='lat' dir='ltr'><strong>sibi</strong></span> 
     </span>
     <span class='ocr_line' id='line_1_30' title="bbox 318 3607 1497 3687; baseline 0.004 -20"><span class='ocrx_word' id='word_1_268' title='bbox 318 3611 503 3667; x_wconf 85' lang='lat' dir='ltr'><strong>reservatum</strong></span> <span class='ocrx_word' id='word_1_269' title='bbox 526 3607 635 3666; x_wconf 89' lang='lat' dir='ltr'><strong>habere</strong></span> <span class='ocrx_word' id='word_1_270' title='bbox 656 3607 686 3666; x_wconf 93' lang='lat' dir='ltr'><strong>in</strong></span> <span class='ocrx_word' id='word_1_271' title='bbox 709 3608 913 3678; x_wconf 89' lang='lat' dir='ltr'><strong>retributione,</strong></span> <span class='ocrx_word' id='word_1_272' title='bbox 935 3628 1012 3685; x_wconf 90' lang='lat' dir='ltr'><strong>quae</strong></span> <span class='ocrx_word' id='word_1_273' title='bbox 1032 3609 1128 3668; x_wconf 91' lang='lat' dir='ltr'><strong>ordini</strong></span> <span class='ocrx_word' id='word_1_274' title='bbox 1149 3611 1308 3668; x_wconf 77' lang='lat' dir='ltr'><strong>universali</strong></span> <span class='ocrx_word' id='word_1_275' title='bbox 1328 3611 1497 3687; x_wconf 91' lang='lat' dir='ltr'><strong>respondet.</strong></span> 
     </span>
    </p>
   </div>
   <div class='ocr_carea' id='block_1_3' title="bbox 718 3834 1166 3936">
    <p class='ocr_par' dir='ltr' id='par_1_5' title="bbox 718 3834 1166 3936">
     <span class='ocr_line' id='line_1_31' title="bbox 718 3834 1166 3936; baseline -0.002 -2"><span class='ocrx_word' id='word_1_276' title='bbox 718 3834 896 3935; x_wconf 89' lang='lat' dir='ltr'><strong>Liber</strong></span> <span class='ocrx_word' id='word_1_277' title='bbox 934 3836 1166 3936; x_wconf 78' lang='lat' dir='ltr'><strong>tertius</strong></span> 
     </span>
    </p>
   </div>
   <div class='ocr_carea' id='block_1_4' title="bbox 387 4015 1492 4114">
    <p class='ocr_par' dir='ltr' id='par_1_6' title="bbox 387 4015 1492 4114">
     <span class='ocr_line' id='line_1_32' title="bbox 387 4015 1492 4114; baseline 0.003 -27"><span class='ocrx_word' id='word_1_278' title='bbox 387 4017 442 4088; x_wconf 85' lang='lat' dir='ltr'><strong>De</strong></span> <span class='ocrx_word' id='word_1_279' title='bbox 469 4039 595 4088; x_wconf 78' lang='lat' dir='ltr'><strong>norma</strong></span> <span class='ocrx_word' id='word_1_280' title='bbox 624 4015 792 4110; x_wconf 69' lang='lat' dir='ltr'><strong>conplete</strong></span> <span class='ocrx_word' id='word_1_281' title='bbox 820 4021 959 4086; x_wconf 73' lang='lat' dir='ltr'><strong>actuum</strong></span> <span class='ocrx_word' id='word_1_282' title='bbox 987 4015 1220 4087; x_wconf 70' lang='lat' dir='ltr'><strong>dromonorum</strong></span> <span class='ocrx_word' id='word_1_283' title='bbox 1248 4039 1310 4088; x_wconf 81' lang='lat' dir='ltr'><strong>aea</strong></span> <span class='ocrx_word' id='word_1_284' title='bbox 1337 4016 1380 4088; x_wconf 83' lang='lat' dir='ltr'><strong>dc</strong></span> <span class='ocrx_word' id='word_1_285' title='bbox 1407 4017 1492 4114; x_wconf 76' lang='lat' dir='ltr'><strong>depe..</strong></span> 
     </span>
    </p>
   </div>
   <div class='ocr_carea' id='block_1_5' title="bbox 812 4219 1069 4310">
    <p class='ocr_par' dir='ltr' id='par_1_7' title="bbox 812 4219 1069 4310">
     <span class='ocr_line' id='line_1_33' title="bbox 812 4219 1069 4310; baseline 0 -20"><span class='ocrx_word' id='word_1_286' title='bbox 812 4219 1069 4310; x_wconf 79' lang='lat' dir='ltr'><strong>Prologus</strong></span> 
     </span>
    </p>
   </div>
   <div class='ocr_carea' id='block_1_6' title="bbox 317 4381 1566 4997">
    <p class='ocr_par' dir='ltr' id='par_1_8' title="bbox 317 4381 1566 4997">
     <span class='ocr_line' id='line_1_34' title="bbox 318 4381 1564 4453; baseline 0.002 -7"><span class='ocrx_word' id='word_1_287' title='bbox 318 4381 384 4453; x_wconf 87' lang='lat'><strong>218.</strong></span> <span class='ocrx_word' id='word_1_288' title='bbox 476 4381 599 4448; x_wconf 88' lang='lat' dir='ltr'><strong>Norme</strong></span> <span class='ocrx_word' id='word_1_289' title='bbox 616 4389 747 4448; x_wconf 85' lang='lat' dir='ltr'><strong>actuum</strong></span> <span class='ocrx_word' id='word_1_290' title='bbox 764 4381 977 4448; x_wconf 90' lang='lat' dir='ltr'><strong>humanorum</strong></span> <span class='ocrx_word' id='word_1_291' title='bbox 994 4387 1032 4449; x_wconf 92' lang='lat' dir='ltr'><strong>ut</strong></span> <span class='ocrx_word' id='word_1_292' title='bbox 1046 4383 1218 4448; x_wconf 88' lang='lat' dir='ltr'><strong>moralium</strong></span> <span class='ocrx_word' id='word_1_293' title='bbox 1235 4403 1293 4447; x_wconf 88' lang='lat' dir='ltr'><strong>eeu</strong></span> <span class='ocrx_word' id='word_1_294' title='bbox 1305 4403 1420 4448; x_wconf 88' lang='lat' dir='ltr'><strong>norma</strong></span> <span class='ocrx_word' id='word_1_295' title='bbox 1432 4383 1564 4448; x_wconf 88' lang='lat' dir='ltr'><strong>morali·</strong></span> 
     </span>
     <span class='ocr_line' id='line_1_35' title="bbox 317 4487 1564 4572; baseline 0.002 -19"><span class='ocrx_word' id='word_1_296' title='bbox 317 4489 399 4554; x_wconf 84' lang='lat' dir='ltr'><strong>tatis</strong></span> <span class='ocrx_word' id='word_1_297' title='bbox 423 4487 595 4566; x_wconf 88' lang='lat' dir='ltr'><strong>obiectiva,</strong></span> <span class='ocrx_word' id='word_1_298' title='bbox 621 4488 661 4553; x_wconf 90' lang='lat' dir='ltr'><strong>de</strong></span> <span class='ocrx_word' id='word_1_299' title='bbox 685 4509 748 4570; x_wconf 90' lang='lat' dir='ltr'><strong>que</strong></span> <span class='ocrx_word' id='word_1_300' title='bbox 771 4509 871 4572; x_wconf 89' lang='lat' dir='ltr'><strong>supra</strong></span> <span class='ocrx_word' id='word_1_301' title='bbox 895 4487 1115 4566; x_wconf 89' lang='lat' dir='ltr'><strong>disseruimus,</strong></span> <span class='ocrx_word' id='word_1_302' title='bbox 1140 4509 1214 4553; x_wconf 89' lang='lat' dir='ltr'><strong>eum</strong></span> <span class='ocrx_word' id='word_1_303' title='bbox 1238 4509 1277 4552; x_wconf 86' lang='lat' dir='ltr'><strong>ea</strong></span> <span class='ocrx_word' id='word_1_304' title='bbox 1293 4492 1423 4554; x_wconf 89' lang='lat' dir='ltr'><strong>actuum</strong></span> <span class='ocrx_word' id='word_1_305' title='bbox 1440 4510 1564 4569; x_wconf 89' lang='lat' dir='ltr'><strong>norma,</strong></span> 
     </span>
     <span class='ocr_line' id='line_1_36' title="bbox 318 4593 1566 4679; baseline 0 -19"><span class='ocrx_word' id='word_1_306' title='bbox 318 4595 359 4660; x_wconf 89' lang='lat' dir='ltr'><strong>de</strong></span> <span class='ocrx_word' id='word_1_307' title='bbox 389 4617 454 4677; x_wconf 89' lang='lat' dir='ltr'><strong>qua</strong></span> <span class='ocrx_word' id='word_1_308' title='bbox 481 4594 577 4660; x_wconf 92' lang='lat' dir='ltr'><strong>modo</strong></span> <span class='ocrx_word' id='word_1_309' title='bbox 602 4595 708 4659; x_wconf 86' lang='lat' dir='ltr'><strong>dicere</strong></span> <span class='ocrx_word' id='word_1_310' title='bbox 732 4593 942 4672; x_wconf 85' lang='lat' dir='ltr'><strong>instituimus,</strong></span> <span class='ocrx_word' id='word_1_311' title='bbox 975 4593 1203 4660; x_wconf 86' lang='lat' dir='ltr'><strong>confundenda</strong></span> <span class='ocrx_word' id='word_1_312' title='bbox 1226 4615 1291 4659; x_wconf 91' lang='lat' dir='ltr'><strong>non</strong></span> <span class='ocrx_word' id='word_1_313' title='bbox 1314 4599 1375 4660; x_wconf 86' lang='lat' dir='ltr'><strong>est.</strong></span> <span class='ocrx_word' id='word_1_314' title='bbox 1422 4595 1485 4660; x_wconf 91' lang='lat' dir='ltr'><strong>Illa</strong></span> <span class='ocrx_word' id='word_1_315' title='bbox 1506 4617 1566 4679; x_wconf 90' lang='lat' dir='ltr'><strong>per</strong></span> 
     </span>
     <span class='ocr_line' id='line_1_37' title="bbox 318 4700 1566 4786; baseline 0.002 -20"><span class='ocrx_word' id='word_1_316' title='bbox 318 4723 354 4766; x_wconf 83' lang='lat' dir='ltr'><strong>se</strong></span> <span class='ocrx_word' id='word_1_317' title='bbox 379 4707 413 4768; x_wconf 98' lang='grc'><strong>61</strong></span> <span class='ocrx_word' id='word_1_318' title='bbox 436 4702 559 4766; x_wconf 88' lang='lat' dir='ltr'><strong>directe</strong></span> <span class='ocrx_word' id='word_1_319' title='bbox 583 4702 751 4766; x_wconf 79' lang='lat' dir='ltr'><strong>theoretica</strong></span> <span class='ocrx_word' id='word_1_320' title='bbox 774 4705 903 4766; x_wconf 88' lang='lat' dir='ltr'><strong>tantum</strong></span> <span class='ocrx_word' id='word_1_321' title='bbox 928 4705 990 4777; x_wconf 87' lang='lat' dir='ltr'><strong>est,</strong></span> <span class='ocrx_word' id='word_1_322' title='bbox 1015 4701 1096 4765; x_wconf 87' lang='lat' dir='ltr'><strong>haee</strong></span> <span class='ocrx_word' id='word_1_323' title='bbox 1120 4705 1230 4766; x_wconf 88' lang='lat' dir='ltr'><strong>autem</strong></span> <span class='ocrx_word' id='word_1_324' title='bbox 1255 4700 1377 4767; x_wconf 87' lang='lat' dir='ltr'><strong>directe</strong></span> <span class='ocrx_word' id='word_1_325' title='bbox 1401 4708 1435 4768; x_wconf 93' lang='lat' dir='ltr'><strong>et</strong></span> <span class='ocrx_word' id='word_1_326' title='bbox 1451 4723 1510 4786; x_wconf 91' lang='lat' dir='ltr'><strong>per</strong></span> <span class='ocrx_word' id='word_1_327' title='bbox 1529 4724 1566 4768; x_wconf 92' lang='lat' dir='ltr'><strong>se</strong></span> 
     </span>
     <span class='ocr_line' id='line_1_38' title="bbox 317 4807 1566 4894; baseline 0.002 -22"><span class='ocrx_word' id='word_1_328' title='bbox 317 4812 438 4894; x_wconf 76' lang='lat' dir='ltr'><strong>prexia</strong></span> <span class='ocrx_word' id='word_1_329' title='bbox 470 4807 612 4892; x_wconf 88' lang='lat' dir='ltr'><strong>respicit.</strong></span> <span class='ocrx_word' id='word_1_330' title='bbox 660 4808 721 4873; x_wconf 89' lang='lat' dir='ltr'><strong>Ille</strong></span> <span class='ocrx_word' id='word_1_331' title='bbox 751 4811 903 4874; x_wconf 70' lang='lat' dir='ltr'><strong>laodiciam</strong></span> <span class='ocrx_word' id='word_1_332' title='bbox 937 4812 1072 4874; x_wconf 83' lang='lat' dir='ltr'><strong>rationis</strong></span> <span class='ocrx_word' id='word_1_333' title='bbox 1102 4808 1214 4892; x_wconf 89' lang='lat' dir='ltr'><strong>dirigit</strong></span> <span class='ocrx_word' id='word_1_334' title='bbox 1237 4808 1270 4872; x_wconf 91' lang='lat' dir='ltr'><strong>in</strong></span> <span class='ocrx_word' id='word_1_335' title='bbox 1295 4808 1508 4874; x_wconf 88' lang='lat' dir='ltr'><strong>discernenda</strong></span> <span class='ocrx_word' id='word_1_336' title='bbox 1531 4814 1566 4876; x_wconf 92' lang='lat' dir='ltr'><strong>et</strong></span> 
     </span>
     <span class='ocr_line' id='line_1_39' title="bbox 318 4913 1565 4997; baseline -0.002 -17"><span class='ocrx_word' id='word_1_337' title='bbox 318 4913 524 4980; x_wconf 86' lang='lat' dir='ltr'><strong>diiudicanda</strong></span> <span class='ocrx_word' id='word_1_338' title='bbox 548 4914 663 4980; x_wconf 88' lang='lat' dir='ltr'><strong>morali</strong></span> <span class='ocrx_word' id='word_1_339' title='bbox 688 4913 851 4982; x_wconf 88' lang='lat' dir='ltr'><strong>actionum</strong></span> <span class='ocrx_word' id='word_1_340' title='bbox 876 4916 1047 4997; x_wconf 81' lang='lat' dir='ltr'><strong>qualitate,</strong></span> <span class='ocrx_word' id='word_1_341' title='bbox 1073 4936 1138 4997; x_wconf 90' lang='lat' dir='ltr'><strong>qua</strong></span> <span class='ocrx_word' id='word_1_342' title='bbox 1160 4915 1265 4980; x_wconf 91' lang='lat' dir='ltr'><strong>bonae</strong></span> <span class='ocrx_word' id='word_1_343' title='bbox 1289 4915 1342 4980; x_wconf 91' lang='lat' dir='ltr'><strong>vel</strong></span> <span class='ocrx_word' id='word_1_344' title='bbox 1365 4915 1472 4981; x_wconf 85' lang='lat' dir='ltr'><strong>melae</strong></span> <span class='ocrx_word' id='word_1_345' title='bbox 1488 4935 1565 4980; x_wconf 85' lang='lat' dir='ltr'><strong>cen-</strong></span> 
     </span>
    </p>
   </div>
   <div class='ocr_carea' id='block_1_7' title="bbox 317 5021 1565 5178">
    <p class='ocr_par' dir='ltr' id='par_1_9' title="bbox 317 5021 1565 5178">
     <span class='ocr_line' id='line_1_40' title="bbox 317 5021 1565 5105; baseline 0 -19"><span class='ocrx_word' id='word_1_346' title='bbox 317 5021 384 5086; x_wconf 88' lang='lat' dir='ltr'><strong>seri</strong></span> <span class='ocrx_word' id='word_1_347' title='bbox 414 5026 447 5086; x_wconf 92' lang='lat' dir='ltr'><strong>et</strong></span> <span class='ocrx_word' id='word_1_348' title='bbox 478 5021 540 5086; x_wconf 90' lang='lat' dir='ltr'><strong>dici</strong></span> <span class='ocrx_word' id='word_1_349' title='bbox 571 5021 729 5098; x_wconf 88' lang='lat' dir='ltr'><strong>debeant;</strong></span> <span class='ocrx_word' id='word_1_350' title='bbox 760 5021 842 5086; x_wconf 90' lang='lat' dir='ltr'><strong>haec</strong></span> <span class='ocrx_word' id='word_1_351' title='bbox 872 5027 984 5088; x_wconf 89' lang='lat' dir='ltr'><strong>autem</strong></span> <span class='ocrx_word' id='word_1_352' title='bbox 1015 5023 1264 5105; x_wconf 89' lang='lat' dir='ltr'><strong>praesupposito</strong></span> <span class='ocrx_word' id='word_1_353' title='bbox 1296 5021 1352 5086; x_wconf 92' lang='lat' dir='ltr'><strong>illo</strong></span> <span class='ocrx_word' id='word_1_354' title='bbox 1382 5021 1500 5087; x_wconf 90' lang='lat' dir='ltr'><strong>iudicio</strong></span> <span class='ocrx_word' id='word_1_355' title='bbox 1531 5025 1565 5086; x_wconf 90' lang='grc'><strong>61</strong></span> 
     </span>
     <span class='ocr_line' id='line_1_41' title="bbox 1305 5125 1357 5178; baseline 0.019 -1"><span class='ocrx_word' id='word_1_356' title='bbox 1305 5125 1357 5178; x_wconf 80' lang='grc'><strong>13*</strong></span> 
     </span>
    </p>
   </div>
   <div class='ocr_carea' id='block_1_8' title="bbox 0 0 1966 5842">
    <p class='ocr_par' dir='ltr' id='par_1_10' title="bbox 0 0 1966 5842">
     <span class='ocr_line' id='line_1_42' title="bbox 0 0 1966 5842; baseline 0 0"><span class='ocrx_word' id='word_1_357' title='bbox 0 0 1966 5842; x_wconf 95' lang='lat' dir='ltr'><strong> </strong></span> 
     </span>
    </p>
   </div>
  </div>
 </body>
</html>
