3909 5842
394 652 436 716 54
626 649 716 706 Sectio
735 652 755 706 l.
793 651 873 707 Liber
892 654 912 708 l.
950 654 1040 725 Caput
1058 656 1092 710 Il.
1130 655 1270 710 Atticulae
1289 657 1313 710 3.
1351 656 1411 723 52.

481 825 609 910 Nempe
638 827 728 893 illam
759 827 902 894 finaliter
930 829 1105 896 intendens
1134 831 1306 899 rationalis
1330 833 1483 898 voluntas
1512 852 1580 898 non
1611 832 1645 897 in

393 932 478 997 bono
508 933 617 1015 aliquo
647 933 838 1017 particulari
871 940 930 1002 aut
960 939 1115 1004 exclusive
1143 960 1213 1023 auo,
1246 939 1304 1004 sed
1335 938 1369 1004 in
1400 939 1485 1005 bono
1515 959 1577 1022 por
1608 958 1646 1004 se

396 1040 569 1106 zrniucraati
599 1059 657 1104 scu
687 1039 719 1105 in
751 1061 804 1120 eo,
835 1043 921 1125 quod
952 1043 1072 1109 bonum
1101 1048 1154 1110 est
1183 1045 1421 1129 quodammodo
1444 1048 1547 1130 ipatus
1570 1045 1645 1128 Dei,

394 1145 562 1228 quiescere
585 1145 722 1212 dicenda
738 1149 799 1214 est.
836 1147 1039 1231 Quamquam
1055 1149 1141 1215 enim
1158 1151 1326 1218 beatitudo
1342 1153 1480 1217 bominis
1494 1150 1647 1235 proxime

393 1251 527 1336 respicit
550 1252 689 1318 hominis
712 1255 847 1334 bonum,
878 1257 970 1322 cuius
994 1257 1198 1341 appetitione
1219 1258 1272 1324 bic
1296 1262 1389 1324 etse
1411 1258 1518 1342 ipsum
1542 1260 1646 1333 amat,

394 1357 508 1424 eadem
531 1363 642 1426 tamen
665 1360 745 1426 illud
768 1381 873 1444 neque
896 1362 992 1428 unice
1014 1384 1121 1446 neque
1143 1364 1368 1448 principaliter
1390 1387 1454 1450 qua
1477 1367 1541 1430 talc
1556 1385 1648 1429 com·

393 1465 575 1548 prehendit,
600 1465 659 1532 ssd
680 1469 851 1550 tamquam
873 1467 906 1532 in
929 1469 1015 1534 bono
1038 1490 1098 1552 per
1120 1491 1156 1535 se
1179 1469 1368 1548 universali,
1393 1470 1427 1536 in
1442 1470 1505 1536 Dei
1519 1469 1649 1536 sedicet

394 1569 642 1652 glorificatione,
676 1573 769 1655 quasi
793 1595 852 1658 per
875 1575 1007 1640 modum
1031 1575 1126 1641 unius
1149 1580 1338 1643 contentum
1369 1581 1404 1643 et
1431 1576 1505 1643 huic
1533 1595 1649 1642 essen·

394 1677 525 1749 tialiter
549 1680 806 1747 subordinatum.
852 1681 963 1764 Atque
986 1681 1048 1748 hac
1071 1682 1200 1749 ratione
1222 1703 1283 1768 per
1305 1681 1583 1766 sapientissimam
1608 1701 1650 1746 ac

393 1783 660 1867 benignissimam
677 1787 739 1852 Dei
761 1787 1001 1856 inst'tutionam
1021 1789 1189 1873 provisum
1214 1793 1275 1868 est,
1299 1793 1347 1868 ut,
1372 1787 1649 1871 quemadmodum

395 1889 556 1957 obiective
582 1913 647 1957 nno
671 1893 850 1977 eodemque
879 1899 956 1960 actu
987 1899 1022 1961 et
1044 1895 1140 1961 bomo
1165 1897 1282 1961 beetur
1305 1899 1340 1961 et
1363 1895 1454 1960 Deus
1480 1893 1648 1976 glorifica·

393 2001 458 2076 tur,
482 1996 531 2063 ita
553 2001 588 2064 et
609 1997 791 2065 subiective
814 1999 985 2067 tendentia
1012 2001 1175 2067 humanae
1197 1996 1360 2068 uoluntat'
1381 2051 1388 2079 ,
1413 1999 1591 2065 dnmmodo
1613 1997 1647 2062 in

393 2125 501 2168 ueram
530 2125 623 2170 suam
651 2103 887 2172 beatitudinem
917 2105 1061 2187 feratur,
1092 2129 1131 2174 eo
1160 2108 1232 2192 ipso
1262 2112 1354 2174 recto
1378 2105 1483 2172 ordini
1509 2105 1648 2170 deonto·

394 2208 501 2292 logico
527 2211 728 2290 consentiat,
760 2211 821 2278 Dei
844 2233 1007 2292 amorem,
1039 2234 1135 2297 quem
1163 2213 1484 2298 ,concupiscentiaefl
1513 2214 1646 2286 vocant,

395 2336 467 2380 cum
498 2338 610 2382 amore
644 2317 930 2396 ,benevolentiae“
964 2327 1055 2386 recte
1085 2319 1272 2388 concilians.
1300 2357 1345 2366 -
1377 2320 1485 2397 Quare
1511 2318 1548 2383 in
1570 2337 1648 2401 pro-

395 2422 561 2503 sequenda
590 2422 796 2489 beatitudine
819 2425 974 2491 voluntas
1005 2429 1141 2491 eatenus
1172 2430 1303 2492 tantum
1331 2425 1373 2490 ab
1401 2418 1515 2490 ordine
1542 2422 1649 2488 ratio·

394 2525 461 2590 nali
490 2526 666 2594 deflectere
693 2529 857 2595 censenda
887 2536 991 2610 essct,
1023 2536 1201 2632 quatenus,
1228 2534 1363 2618 positive
1390 2531 1572 2596 excludens
1595 2549 1649 2593 re·

397 2636 546 2716 spectum
576 2635 737 2701 obiective
769 2636 1048 2718 docntologicum,
1082 2641 1174 2703 unice
1196 2658 1288 2703 snam
1313 2639 1517 2703 subiecticcm
1541 2633 1650 2700 fclici-

395 2741 499 2803 tatem
523 2739 711 2806 intenderet
734 2744 903 2822 tamquam
926 2742 1024 2807 finem
1049 2746 1201 2810 exclusive
1224 2742 1584 2824 eudaemonologicnm.

695 2911 844 2986 dotanda
866 2913 908 2986 cd
929 2915 1103 2989 solvendas
1121 2915 1350 2987 'difficultates

398 3041 445 3112 70.
534 3045 559 3114 l.
586 3044 776 3111 Subiectiva
798 3046 1053 3130 perfectibitituc,
1085 3068 1150 3130 qua
1172 3051 1293 3113 natura
1315 3045 1460 3111 humana
1483 3044 1517 3108 vi
1540 3043 1652 3110 facul·

397 3151 506 3215 tatum
530 3151 804 3218 intellectualium
827 3152 946 3235 pollet,
978 3173 1186 3236 nequaquam
1208 3152 1288 3218 talis
1311 3155 1378 3230 est,
1411 3171 1497 3232 quae
1520 3153 1653 3215 certum

398 3255 538 3338 deniqne
561 3257 699 3324 limitem
722 3257 944 3342 perfectionis,
969 3260 1100 3340 qualem
1123 3263 1232 3326 status
1247 3257 1463 3325 beatitudinis
1481 3256 1651 3342 supponit,

398 3363 595 3429 naturaliter
629 3364 795 3430 excludat.
849 3363 982 3430 Natura
1015 3369 1130 3430 nostra
1162 3363 1398 3431 intellectualis
1432 3383 1541 3445 neque
1572 3365 1654 3427 actu

398 3487 503 3550 neque
533 3469 683 3552 potentia
712 3470 897 3546 illimitata,
928 3470 1064 3553 proinde
1094 3491 1154 3535 nec
1182 3471 1309 3536 infinito
1338 3469 1558 3554 perfectibilis
1589 3473 1654 3535 est.

398 3572 501 3640 Recte
532 3575 662 3657 quidem
693 3576 808 3642 eadem
838 3575 1048 3659 aliquatenus
1077 3578 1243 3661 indefinite
1271 3575 1490 3660 perfectibilis
1517 3574 1653 3652 dicitur,

398 3678 524 3746 scilicet
548 3701 586 3746 eo
610 3702 719 3760 sensu,
744 3681 830 3763 quod
854 3681 913 3746 illa
933 3704 992 3767 per
1014 3704 1056 3765 ce,
1079 3683 1100 3748 i.
1118 3703 1145 3750 a.
1162 3682 1197 3746 in
1212 3683 1381 3748 abstracto
1398 3685 1565 3767 spectata,
1592 3679 1656 3745 ali·

399 3805 495 3866 quem
520 3788 685 3870 definitum
708 3788 848 3870 gradum
871 3786 1083 3870 perfectionis
1104 3788 1137 3852 in
1153 3808 1212 3852 suo
1229 3793 1389 3871 conceptu
1405 3808 1471 3852 non
1487 3787 1655 3863 involvat,

399 3891 467 3969 sed,
492 3892 581 3958 intra
604 3894 763 3960 ambitum
786 3892 930 3959 eiusdem
953 3893 1122 3975 potentiae
1144 3893 1326 3976 specificae,
1351 3893 1405 3958 vel
1421 3891 1584 3957 maiorem
1601 3891 1657 3956 val

399 3997 559 4064 minorem
582 3999 705 4066 habere
727 3999 848 4082 possit,
873 4019 937 4064 non
962 4019 1056 4064 secus
1080 4019 1119 4064 ac
1142 3998 1247 4063 omnis
1270 3997 1357 4065 ratio
1380 3996 1537 4082 specifica
1561 3997 1658 4062 inde·

400 4104 492 4170 finite
507 4106 678 4171 variabilis
698 4108 749 4171 cst
764 4105 941 4169 secundum
958 4104 1247 4170 determinationes
1263 4103 1493 4169 individualos.
1526 4103 1659 4168 Verum

401 4229 444 4274 ex
466 4211 528 4276 hoc
553 4211 642 4277 eliud
665 4232 730 4276 non
753 4209 917 4293 sequitur,
943 4208 1006 4273 nisi
1029 4209 1115 4292 quod
1138 4208 1202 4274 iam
1226 4229 1328 4292 supra
1351 4209 1394 4274 ad
1417 4229 1556 4273 sensum
1581 4209 1660 4274 the·

401 4337 476 4382 scos
498 4321 730 4401 praenotatum
755 4319 816 4394 est,
840 4315 992 4380 nimirum
1007 4315 1146 4396 gradum
1161 4315 1322 4380 relativae
1338 4314 1564 4398 perfectioniS,
1592 4333 1662 4397 qua

402 4423 475 4506 quis
497 4421 696 4488 naturaliter
718 4442 777 4504 per
801 4419 1020 4502 cognitionem
1044 4424 1078 4486 at
1101 4439 1245 4484 amorem
1261 4421 1331 4484 Deo
1355 4420 1511 4502 coniungi
1529 4420 1659 4496 valcat,

402 4529 580 4595 secundum
603 4527 837 4594 individualem
861 4524 1115 4605 uniuscuiusque
1139 4524 1374 4606 capacitatem,
1407 4544 1493 4606 quac
1517 4525 1662 4608 potissi-

402 4657 491 4700 mum
521 4637 554 4699 in
585 4633 701 4698 morali
732 4631 945 4715 dispositione
973 4650 1012 4694 ac
1035 4629 1153 4695 merito
1176 4630 1344 4707 consistit,
1377 4631 1465 4696 iuste
1489 4651 1662 4696 commen-

403 4741 519 4806 surari.
551 4741 661 4821 Atque
684 4739 733 4805 ita
755 4739 802 4814 fit,
828 4740 875 4812 ut,
898 4734 1048 4816 quamvis
1065 4733 1121 4799 alii
1137 4733 1211 4799 aliis
1226 4735 1405 4818 perfectius
1421 4734 1553 4801 infinito
1571 4737 1663 4802 bono

404 4846 565 4924 fruantur,
591 4845 711 4928 singuli
734 4848 846 4909 tamen
870 4861 931 4924 pro
955 4860 1014 4904 suo
1037 4839 1142 4920 gradu
1166 4839 1361 4922 capacitatis
1380 4841 1523 4925 perfecte
1539 4841 1664 4908 fruan-

404 4959 458 5018 tur
481 4958 516 5018 ct
538 4952 611 5017 ideo
635 4950 816 5016 subiective
839 4948 986 5013 beentur.
