3909 5842
798 714 920 770 Reflexio
939 716 1043 771 critica.
1480 721 1545 784 447

300 895 365 959 iam
382 893 600 978 peremptorie
616 893 751 973 exclusi,
776 915 840 959 non
856 893 908 959 hic
932 894 1038 959 denuo
1061 893 1238 972 refutandi,
1262 894 1320 960 sed
1342 894 1406 961 toti
1429 917 1548 979 appre-

299 1000 412 1067 tiando
444 999 618 1084 systemati
649 999 682 1064 in
715 1003 920 1066 antecessum
949 1001 1119 1083 tamquam
1150 1000 1367 1066 certissimum
1390 1001 1548 1067 falsitatis

300 1106 466 1173 criterium
496 1106 699 1191 praefigendi
731 1110 817 1173 sunt.
865 1106 1078 1189 Quamquam,
1112 1105 1164 1171 his
1193 1106 1445 1191 praetermissis,
1474 1107 1547 1192 ipsa

299 1212 548 1297 philosophandi
572 1212 754 1291 methodus,
779 1233 843 1295 qua
866 1213 947 1278 illud
971 1213 1181 1292 construitur,
1205 1212 1239 1278 in
1261 1213 1333 1297 ipso
1356 1214 1467 1280 limine
1481 1236 1547 1280 non

299 1325 368 1385 tam
399 1322 437 1385 ut
459 1318 647 1398 intellectus
670 1318 847 1385 veritatem
870 1318 956 1384 serio
979 1318 1169 1402 indagantis
1193 1323 1357 1397 conatum,
1389 1341 1486 1403 quam
1509 1326 1548 1388 ut

299 1425 482 1509 speciosum
514 1424 677 1507 quoddam
711 1424 956 1507 imaginationis
990 1425 1185 1491 somniantis
1219 1427 1411 1510 figmentum
1445 1448 1547 1512 penes

299 1552 428 1597 omnem
458 1552 573 1598 sanam
603 1530 841 1621 philosophiam
872 1552 908 1597 so
930 1531 1107 1598 manifeste
1130 1532 1312 1600 denuntiat.
1359 1532 1438 1611 Quis
1460 1534 1546 1599 enim

299 1658 399 1704 sanae
422 1637 542 1703 mentis
564 1658 629 1703 non
653 1636 891 1721 desperandum
914 1657 988 1703 osse
1011 1638 1135 1704 sentiat
1158 1638 1198 1703 de
1221 1639 1380 1722 singulari
1394 1640 1460 1707 ista
1481 1640 1547 1718 ,lo-

298 1744 404 1827 gica“,
435 1748 610 1827 utcumque
638 1744 825 1822 ,absoluta“
858 1744 998 1823 dicatur,
1029 1744 1121 1811 cuius
1150 1744 1323 1811 universus
1356 1746 1547 1813 dialecticus

298 1871 472 1935 processus
496 1870 516 1915 a
538 1854 745 1917 monstruoso
775 1849 882 1931 logico
913 1849 1055 1915 absurdo
1086 1849 1256 1915 exordium
1279 1849 1390 1929 sumit,
1421 1872 1442 1917 a
1464 1873 1546 1935 puro

298 1954 425 2021 scilicet
447 1954 503 2020 illo
532 1954 729 2037 ,cogitare“,
753 1955 824 2021 sine
847 1956 994 2021 subiecto
1017 1955 1186 2038 cogitante
1209 1959 1244 2021 et
1261 1956 1332 2021 sine
1348 1957 1476 2025 obiecto
1492 1980 1546 2025 co·

298 2062 416 2145 gitato,
442 2061 591 2143 quodque
614 2065 789 2146 propteroa
812 2062 908 2128 simul
931 2084 1006 2128 eum
1028 2061 1129 2127 nihilo
1152 2061 1412 2129 identificaturl!

299 2174 369 2246 543.
459 2175 576 2259 Itaque
592 2177 711 2243 omisso
727 2177 814 2242 omni
829 2177 893 2243 alio
917 2176 1031 2243 critico
1055 2198 1196 2242 excursu
1211 2176 1305 2243 iuvat
1326 2178 1435 2262 potius
1459 2200 1546 2245 com·

299 2303 428 2348 munem
452 2304 491 2349 ac
507 2304 694 2368 supremum
711 2284 868 2350 eiusmodi
887 2306 1032 2350 errorum
1045 2284 1165 2367 fontem
1181 2284 1324 2367 signare,
1348 2285 1434 2350 unde
1450 2285 1547 2351 simul

299 2408 341 2454 ex
371 2389 511 2455 adverso
541 2388 688 2474 pretiosa
716 2390 940 2474 philosophiae
971 2390 1138 2456 hereditas
1167 2390 1202 2455 iu
1231 2390 1344 2455 schola
1367 2390 1547 2457 christiana

298 2493 421 2577 iugiter
442 2495 567 2562 tradita
590 2500 624 2561 ct
647 2496 822 2576 custodita,
848 2497 889 2562 ab
913 2496 986 2562 istis
1010 2500 1121 2562 autem
1144 2500 1269 2561 temero
1292 2496 1431 2576 abiecta,
1459 2518 1546 2563 nova

299 2600 370 2666 luce
402 2601 620 2685 resplendeat.
667 2602 771 2669 Recte
804 2603 934 2685 quidem
966 2606 1002 2668 et
1034 2601 1201 2684 schelling
1234 2607 1270 2669 et
1300 2603 1408 2685 Hegel
1439 2602 1546 2687 philo·

298 2707 446 2791 sophiam
469 2728 489 2773 a
512 2708 617 2773 sterili
647 2708 827 2775 subiectivo
857 2708 1027 2774 idealismo
1057 2709 1278 2774 revocandam
1308 2713 1343 2775 et
1366 2729 1440 2773 cum
1462 2709 1545 2774 reali

299 2814 409 2879 mundi
442 2814 668 2882 obiectivitate
700 2815 974 2881 reconciliandam
1007 2836 1081 2880 esse
1112 2819 1296 2893 senserunt,
1330 2818 1365 2880 et
1393 2815 1545 2881 adhunc

298 2921 394 2985 finem
428 2920 471 2986 ad
503 2920 634 3003 aliquod
665 2942 774 2987 rerum
806 2922 1001 3006 principium
1035 2922 1163 2989 essendi
1193 2922 1401 3001 obiectivum,
1433 2943 1544 3001 unum,

298 3027 493 3105 universale,
517 3028 703 3095 absolutum
726 3050 895 3095 recurrere
919 3029 1029 3095 conati
1051 3034 1139 3107 eunt,
1164 3029 1289 3095 ecuius
1304 3050 1431 3093 summo
1450 3030 1545 3112 quasi

297 3132 431 3216 fastigio
472 3134 660 3200 universum
695 3139 873 3219 conspectu
904 3136 1047 3202 lustrare
1077 3138 1231 3202 muudum
1263 3157 1303 3201 ac
1331 3136 1436 3202 veluti
1465 3157 1544 3218 syn-

297 3240 421 3307 thetica
444 3242 730 3325 comprehensione
747 3247 937 3309 construere
952 3243 1078 3310 liceret.
1109 3244 1233 3310 Verum
1249 3244 1371 3310 infelici
1387 3244 1545 3311 novitatis

297 3347 426 3430 pruritu
454 3347 488 3412 in
519 3369 557 3413 eo
587 3348 658 3433 ipso
689 3353 819 3428 conatu,
850 3370 910 3433 per
939 3370 974 3415 se
1003 3350 1091 3414 omni
1113 3349 1319 3434 philosophia
1342 3350 1544 3433 dignissimo,

298 3453 416 3518 misere
440 3457 602 3521 errarunt.
649 3454 680 3519 A
703 3454 865 3520 communi
887 3454 1028 3521 theismo
1051 3477 1117 3520 non
1139 3457 1244 3521 solum
1268 3456 1457 3535 christiano,
1486 3456 1544 3520 sed

297 3579 340 3623 ex
363 3562 458 3642 parte
469 3558 472 3567 ’
482 3558 581 3625 etiam
604 3560 720 3643 gentili
737 3560 928 3639 didicerant,
953 3560 1084 3627 unicum
1099 3561 1179 3627 illud
1195 3562 1417 3646 ontologicum
1432 3561 1545 3627 mnndi

297 3664 501 3749 principium,
532 3666 662 3732 unicum
690 3670 837 3733 centrum
862 3688 901 3733 ac
924 3689 1112 3753 supremum
1135 3668 1305 3752 fastigium
1329 3669 1544 3753 encyclopae-

298 3771 370 3836 diae
393 3772 637 3857 philosophicae
660 3772 694 3838 in
718 3776 790 3840 ideo
814 3776 878 3841 Dei
900 3784 934 3840 ul
958 3776 1133 3841 conditoris
1156 3784 1185 3841 et
1198 3778 1331 3862 procidi
1347 3776 1545 3841 ordinatoris

297 3880 529 3963 universorum,
561 3883 595 3945 et
624 3880 776 3947 similiter
805 3881 955 3946 ultimum
986 3881 1182 3947 obiectivum
1212 3881 1336 3948 fontem
1367 3886 1402 3948 et
1428 3881 1544 3945 immu-

296 3984 432 4051 tabilem
463 4005 610 4051 normam
640 3986 746 4052 omnis
776 3986 974 4054 moralitatis
998 3992 1034 4053 ct
1055 3986 1135 4052 iuris
1158 3986 1192 4051 in
1216 3988 1361 4052 eiusdem
1385 3987 1447 4051 Dei
1470 4008 1544 4069 per·

297 4091 420 4157 sonalis
452 4100 604 4173 ,aeterno
632 4091 716 4179 lope“
749 4092 848 4159 eitum
877 4114 959 4161 esse.
1008 4094 1071 4159 Sed
1102 4093 1268 4177 displicuit
1297 4094 1379 4159 haec
1409 4093 1545 4175 antiqua

296 4218 362 4263 non
384 4197 491 4262 minus
515 4198 611 4263 obvia
634 4219 732 4280 quarn
756 4198 945 4264 harmonica
968 4199 1094 4264 veritas
1116 4234 1161 4243 -
1184 4199 1270 4265 forte
1294 4200 1379 4281 quod
1403 4200 1545 4265 humana

298 4302 406 4368 omnia
429 4324 493 4367 non
516 4306 664 4387 hominia,
688 4304 747 4369 sed
763 4306 826 4370 Dei
837 4308 1066 4391 praecipientis
1089 4308 1149 4391 lapi
1173 4328 1211 4371 cc
1232 4306 1353 4371 iudicio
1370 4305 1542 4370 subiceret.

297 4408 377 4473 Eius
409 4409 511 4492 igitur
541 4412 613 4476 loco
637 4410 769 4493 aliquod
800 4434 918 4477 acmen
947 4411 1119 4477 inventum
1150 4432 1214 4477 nou
1244 4417 1314 4478 tam
1343 4431 1424 4476 vera
1447 4430 1543 4492 quam

296 4516 492 4599 imaginaria
524 4516 749 4584 obiectivitate
780 4518 976 4601 praeditum,
1011 4521 1173 4601 quatenus
1206 4523 1317 4586 autem
1348 4518 1449 4596 reale,
1481 4516 1544 4600 ipsi

296 4622 416 4689 mundo
438 4624 701 4690 substantialiter
716 4624 954 4706 homogeneum
971 4628 1006 4690 et
1020 4624 1054 4689 in
1069 4624 1200 4691 homine
1216 4626 1258 4690 ad
1274 4624 1544 4709 personalitatem

297 4730 347 4795 sui
372 4729 535 4796 consciam
559 4730 652 4812 quasi
670 4729 842 4812 evigilans,
867 4730 1028 4813 simulque
1051 4752 1117 4813 qua
1142 4734 1308 4814 ,voluntas
1330 4728 1542 4795 uniuersalia“

297 4840 331 4902 et
359 4836 529 4920 ,spiritus“
559 4834 716 4919 (divinus)
739 4836 772 4900 in
803 4845 888 4901 stola
911 4838 1035 4921 publico
1060 4840 1095 4902 et
1121 4840 1237 4903 mundi
1259 4839 1394 4903 historia
1416 4835 1545 4919 perfec·

296 4942 422 5010 tissime
443 4942 578 5008 realiter
599 4964 766 5027 praesens,
802 4942 913 5026 Atque
934 4944 983 5009 ita
1005 4943 1145 5026 quidem,
1173 4942 1350 5022 ,feliciter“
1375 4943 1543 5009 eliminata

296 5054 331 5117 et
354 5049 429 5114 idea
452 5050 627 5117 creationis
651 5054 684 5116 et
708 5051 781 5133 lege
797 5050 857 5116 Dei
882 5050 1035 5131 viventis,
1063 5050 1255 5135 principium
1283 5050 1541 5129 ,autonomiae“,
