3909 5842
441 679 506 743 304
661 673 751 728 Sectio
769 673 791 727 Ι.
828 672 909 727 Liber
927 672 973 726 IV.
1012 671 1100 744 Caput
1119 673 1152 726 ΙΙ.
1191 672 1330 727 Articulus
1348 673 1374 727 2.
1411 672 1475 740 52.

441 853 646 918 voluntatem
668 851 752 917 bene
767 851 953 918 ordinatam
969 851 1057 917 circa
1072 851 1180 928 finem,
1205 849 1395 935 participiat
1410 848 1579 916 rationem
1596 868 1696 914 verae

440 960 576 1027 virtutis
599 958 763 1024 moralis1.
802 958 905 1024 Immo
929 963 982 1025 est
1005 957 1165 1040 quaedam
1189 957 1349 1024 virtutum
1373 957 1500 1039 regina,
1525 955 1570 1022 ad
1596 976 1694 1038 quam

442 1066 587 1151 pertinet
614 1065 648 1130 in
670 1065 805 1147 reliquis
835 1065 984 1131 omnibus
1015 1063 1159 1129 debitum
1182 1062 1357 1148 praefinire
1379 1063 1511 1129 modum
1536 1083 1578 1128 ac
1604 1083 1695 1126 men-

441 1193 569 1250 suram,
600 1175 638 1237 ut
672 1170 723 1248 ,in
752 1171 859 1236 medio
889 1190 1021 1254 semper
1051 1169 1267 1244 consistant“‚
1298 1189 1404 1251 neque
1434 1189 1494 1252 per
1524 1167 1694 1234 defectum

441 1299 547 1363 neque
570 1297 629 1361 per
651 1297 822 1342 excessum
846 1275 888 1342 ad
912 1275 1063 1360 opposita
1087 1275 1169 1340 vitia
1192 1274 1366 1342 declinent.

531 1384 611 1448 Eius
634 1391 724 1448 ades
745 1386 815 1448 tres
838 1381 1013 1466 praecipue
1028 1385 1259 1448 numerantur:
1285 1382 1467 1462 Consiliori,
1491 1381 1647 1446 iudicare
1662 1385 1694 1445 et

439 1493 625 1576 praecipere
646 1489 687 1553 de
710 1487 771 1566 his,
795 1509 879 1570 quae
903 1489 1027 1554 ducunt
1055 1487 1097 1552 ad
1121 1486 1265 1553 debitum
1288 1489 1396 1555 finem.
1435 1488 1521 1553 Hinc
1546 1489 1592 1553 ad
1616 1510 1694 1572 pru-

443 1595 586 1662 dentiam
610 1599 779 1677 tamquam
802 1599 916 1679 partes
939 1594 1179 1661 constituentes
1195 1593 1227 1660 S.
1245 1594 1388 1660 Thomas
1403 1599 1554 1660 revocat:
1579 1595 1697 1660 Eubu-

441 1705 536 1784 tiom,
567 1721 651 1783 quae
673 1700 832 1784 importat
855 1699 1036 1765 bonitatem
1060 1698 1203 1774 consilii;
1234 1701 1389 1782 Syncaia,
1421 1719 1505 1781 quae
1528 1699 1695 1782 importat

442 1807 597 1873 iudicium
619 1811 745 1874 rectum
776 1807 865 1872 circa
887 1805 1102 1890 particularia
1125 1806 1320 1890 operabilia,
1354 1810 1388 1873 et
1411 1808 1573 1890 Gnomcn,
1608 1827 1696 1888 quae

442 1914 601 1998 importat
625 1913 787 1995 quandam
810 1911 1097 1996 perspicacitatem
1120 1910 1261 1978 iudicii2.
1292 1949 1337 1958 -
1367 1911 1446 1978 Eius
1470 1911 1574 1993 igitur
1599 1912 1697 1994 quasi

441 2022 611 2108 praesidio
626 2024 704 2086 sunt
718 2018 912 2104 praecipua:
936 2017 1104 2096 memoria,
1128 2016 1365 2100 intellegentia,
1390 2017 1613 2101 providentia,
1639 2019 1698 2082 do·

444 2127 561 2204 cilitss,
585 2125 832 2209 circumspectio
856 2130 891 2192 et
913 2124 1055 2190 cautior.

531 2235 618 2298 Vitia
644 2233 838 2317 prudentiae
866 2233 1008 2316 opposita
1035 2233 1063 2296 1.
1086 2251 1145 2314 per
1168 2229 1321 2312 defectum
1345 2231 1438 2294 sunt:
1467 2229 1698 2312 neglegentia,

443 2338 683 2425 praecipitatio,
707 2338 902 2422 pervicacia,
926 2335 1213 2414 inconsiderantia,
1237 2334 1474 2408 inconstantia:
1500 2339 1531 2402 2.
1552 2359 1619 2422 per
1644 2361 1699 2403 erc-

444 2469 582 2513 ceeaum:
604 2466 653 2523 ea,
678 2467 762 2528 quae
785 2443 960 2528 prudentia
984 2441 1092 2509 carnis
1108 2443 1208 2526 vulgo
1232 2441 1361 2519 dicitur,
1386 2441 1487 2506 nimia
1502 2441 1699 2508 sollicitudo

446 2556 481 2618 et
503 2552 666 2629 anxietas,
691 2551 816 2618 astutia
839 2555 873 2617 et
896 2550 1021 2616 dolus4.

445 2689 509 2760 341.
599 2691 641 2758 Π.
666 2693 796 2758 aruino
820 2694 857 2756 ut
879 2690 986 2756 virtus
1009 2689 1218 2774 particularis
1242 2694 1276 2756 et
1298 2689 1414 2755 stricte
1437 2692 1577 2774 accepta
1594 2693 1700 2776 vulgo

445 2797 616 2863 definitur:
636 2800 814 2883 ,Perpetua
831 2806 859 2863 ct
874 2806 1022 2863 constane
1037 2799 1181 2862 voluntas
1193 2799 1245 2862 ius
1261 2819 1354 2862 suum
1369 2799 1480 2882 cuique
1492 2798 1694 2866 eaduardi?

446 2902 563 2985 Itaque
586 2903 776 2968 immediate
799 2904 1005 2968 voluntatem
1028 2901 1132 2968 afficit
1154 2901 1187 2966 in
1211 2922 1314 2984 caque
1337 2901 1469 2968 residet.
1507 2901 1558 2968 Ut
1581 2909 1699 2970 autern

445 3009 505 3073 sub
530 3009 616 3073 omni
640 3012 801 3092 respectu,
826 3028 922 3091 quem
945 3008 1031 3074 ratio
1055 3011 1148 3074 recta
1172 3007 1285 3089 exigit,
1309 3007 1360 3072 ius
1383 3028 1477 3072 suum
1498 3008 1621 3090 cuique
1637 3013 1701 3076 tri·

445 3115 582 3193 buatur,
613 3136 746 3180 necesse
770 3119 838 3189 est,
869 3119 907 3180 ut
928 3114 1024 3179 homo
1049 3113 1273 3179 consideretur
1295 3134 1358 3178 non
1383 3113 1488 3177 solum
1512 3117 1699 3183 secundum

445 3221 624 3287 relationes
649 3221 788 3287 sociales
804 3220 847 3286 ad
862 3220 945 3285 alios
960 3220 1109 3285 homines
1124 3219 1317 3301 singillatim
1333 3222 1491 3301 sumptos,
1515 3220 1574 3285 sed
1593 3223 1700 3289 etiam

445 3332 482 3394 ut
504 3329 686 3393 membrum
709 3327 880 3393 societatis
902 3331 1071 3410 tamquam
1094 3324 1274 3392 totalitatis
1297 3324 1463 3390 cuiusdam
1488 3325 1522 3390 in
1546 3349 1582 3392 se
1601 3334 1640 3395 et
1655 3332 1701 3396 ad

449 3447 531 3454 ---—·

536 3497 544 3527 ¹
563 3497 591 3548 S.
608 3495 700 3548 litem.
720 3495 744 3557 1,
763 3494 788 3558 2,
807 3511 834 3562 q.
853 3493 896 3557 58,
915 3510 939 3546 a.
959 3492 976 3546 3
995 3492 1074 3545 adl:
1098 3491 1260 3558 ,Prudentis
1278 3490 1426 3545 secundum
1446 3492 1596 3546 essentiam
1617 3512 1699 3548 suam

445 3589 488 3638 est
515 3582 710 3637 intellectualis
737 3584 841 3646 virtus;
874 3582 922 3635 aed
950 3581 1099 3635 secundum
1126 3579 1269 3632 materiam
1298 3579 1425 3633 convenit
1452 3597 1514 3634 cum
1542 3581 1701 3638 virtutibus

445 3672 600 3737 moralibus,
619 3676 665 3725 eet
683 3671 753 3724 enim
773 3674 848 3724 recta
866 3671 936 3724 ratio
955 3668 1114 3736 agibilium,
1133 3672 1162 3722 et
1180 3667 1328 3722 secundum
1347 3667 1398 3722 hoo
1416 3668 1566 3723 virtutibus
1585 3673 1701 3726 morali·

444 3761 495 3815 bus
514 3760 747 3814 connumeratur.'
787 3759 836 3813 cui
856 3758 1005 3822 censentit,
1032 3757 1102 3826 quod
1122 3757 1158 3810 ib.
1178 3775 1203 3826 q.
1223 3757 1272 3821 57,
1299 3757 1359 3810 a.5
1385 3757 1418 3810 de
1443 3757 1502 3810 eius
1525 3762 1701 3816 necessitate

445 3848 558 3902 dicitur:
588 3847 750 3913 ,Prudentia
776 3849 819 3900 est
837 3846 926 3900 virtus
945 3835 1072 3899 maxime'
1089 3845 1244 3900 necessaria
1263 3845 1298 3898 ad
1318 3847 1402 3899 vitam
1424 3845 1580 3901 humanam.
1623 3849 1701 3904 Bene

444 3937 515 3992 enim
534 3937 629 3990 vivere
647 3937 773 3991 consistit
796 3937 824 3989 in
843 3937 911 3990 bene
930 3935 1045 4004 operari.
1083 3935 1125 3988 Ad
1143 3933 1195 3989 hoc
1213 3942 1312 3998 autem,
1332 3934 1402 4004 quod
1422 3934 1523 4005 aliquis
1540 3936 1614 3991 bane
1634 3958 1700 4010 ope

444 4029 527 4091 retur,
545 4043 600 4079 non
617 4025 705 4078 solum
724 4025 881 4094 requiritur,
900 4024 964 4093 quid
983 4023 1076 4089 faciat,
1095 4023 1143 4076 sed
1163 4023 1246 4078 etiam
1265 4024 1397 4092 quomodo
1416 4023 1516 4086 faciat,
1534 4029 1568 4079 nt
1585 4027 1700 4082 seilicet

444 4114 592 4168 secundum
620 4113 779 4168 electionem
807 4117 910 4167 rectam
936 4116 1078 4182 operetur,
1106 4130 1158 4166 non
1185 4112 1272 4166 solum
1298 4131 1333 4166 cx
1357 4113 1462 4183 impetu
1487 4118 1536 4168 aut
1556 4117 1699 4185 passione.

445 4203 512 4257 (lum
532 4207 623 4256 autern
642 4201 739 4256 electio
758 4202 795 4255 sit
813 4219 913 4268 eorum,
933 4218 1003 4270 quae
1022 4201 1139 4254 suntad
1158 4201 1248 4264 finem,
1267 4201 1403 4256 rectitudo
1422 4201 1567 4258 electionis
1585 4205 1644 4260 dno
1657 4225 1699 4260 re

445 4291 540 4360 quirit,
566 4290 672 4344 scilieet
691 4289 811 4343 debitum
830 4289 928 4352 finem,
947 4292 976 4342 et
993 4289 1035 4352 id,
1055 4289 1125 4358 quod
1146 4290 1338 4344 convenienter
1357 4291 1497 4346 ordinatur
1516 4292 1550 4346 ad
1570 4293 1698 4349 debitum

444 4380 533 4434 finem.
570 4380 612 4433 Ad
639 4379 760 4433 debitum
783 4382 874 4432 autem
899 4378 981 4432 finem
1006 4377 1086 4432 homo
1106 4378 1297 4433 convenienter
1315 4379 1467 4448 disponitur
1484 4397 1534 4450 per
1552 4383 1699 4440 virtutem.

444 4486 514 4537 quae
536 4468 644 4538 perficit
669 4471 775 4537 partam
793 4467 899 4520 animae
918 4467 1113 4536 appetitivam,
1140 4468 1217 4521 cuius
1236 4467 1372 4522 obiectum
1391 4472 1435 4522 est
1453 4469 1553 4524 bonum
1573 4475 1602 4525 et
1622 4474 1696 4526 finis

445 4557 487 4610 nd
506 4556 532 4609 id
551 4561 651 4619 autern,
670 4555 742 4625 quod
761 4556 954 4610 convenienter
971 4555 999 4608 in
1012 4555 1092 4610 finem
1106 4556 1227 4610 debitum
1240 4557 1387 4623 ordinatur,
1407 4563 1515 4628 oportet
1527 4562 1598 4628 quod
1613 4561 1697 4616 homo

444 4645 547 4698 directe
565 4645 724 4713 disponatur
742 4661 790 4714 per
808 4643 931 4698 habitum
950 4644 1078 4706 rationis,
1104 4645 1168 4714 quia
1187 4644 1323 4700 consiliari
1344 4649 1372 4700 et
1390 4646 1505 4715 eligere,
1531 4665 1602 4716 qnae
1629 4660 1695 4704 sunt

445 4749 545 4794 eorum,
564 4749 633 4800 quae
651 4736 717 4785 sunt
735 4732 768 4785 ad
788 4733 877 4793 finem,
896 4736 961 4785 sunt
979 4736 1058 4786 actus
1077 4733 1198 4786 rationis.
1224 4732 1260 4787 Et
1278 4733 1338 4786 ideo
1351 4751 1463 4788 necesse
1475 4739 1526 4798 est,
1545 4737 1574 4789 in
1587 4737 1694 4790 ratione

444 4837 505 4874 ease
523 4819 640 4888 aliquam
661 4821 792 4874 virtutem
809 4820 1031 4886 intellectualem,
1050 4839 1099 4891 per
1118 4839 1198 4890 quam
1218 4821 1374 4890 perficiatur
1392 4822 1462 4876 ratio
1480 4823 1514 4876 ad
1534 4823 1599 4888 hoc,
1620 4825 1691 4893 quod

445 4909 637 4962 convenienter
655 4925 685 4963 se
697 4909 798 4963 habeat
810 4909 844 4962 ad
858 4926 897 4974 ea,
917 4925 987 4977 quas
1000 4913 1065 4964 sunt
1078 4909 1111 4964 ad
1126 4909 1221 4976 finem;
1242 4914 1270 4964 et
1281 4911 1349 4964 haec
1363 4910 1450 4964 virtus
1463 4914 1507 4964 est
1519 4913 1688 4980 prudentia*

534 4995 605 5048 ’Ct
624 4997 648 5055 2,
668 4997 692 5055 2,
712 5014 737 5064 q.
757 4999 799 5050 51.
908 4998 975 5052 ⁸1b.
995 5015 1020 5066 q.
1040 4999 1083 5052 49.
1192 4999 1258 5052 ⁴lb.
1280 5017 1306 5067 q.
1326 4999 1360 5052 53
1379 4999 1414 5054 54
1432 5000 1475 5054 55.
