3909 5842
420 664 484 729 456
630 659 718 715 Sestio
736 660 772 713 Π.
809 659 890 715 Liber
909 660 942 716 11.
981 659 1069 731 Caput
1086 660 1135 715 III.
1172 658 1312 714 Articulus
1332 660 1355 713 1.
1392 659 1454 726 51.

508 838 615 916 Quare
638 838 711 922 ipsa
733 838 782 904 rei
803 838 954 922 gravitas
970 837 1086 922 exigit,
1111 843 1149 905 ut
1163 838 1246 905 haec
1260 836 1389 903 theoria
1405 858 1424 903 e
1439 836 1511 903 suis
1526 836 1677 902 fontibus
1761 905 1762 912 ,

419 944 608 1029 diligentius
632 944 864 1012 consideretur.

467 1094 472 1105 κ
507 1050 610 1118 Varia
634 1050 704 1117 eius
720 1052 826 1118 veluti
842 1050 1065 1136 praeambula,
1090 1054 1127 1117 ut
1143 1050 1295 1128 diximus,
1319 1049 1386 1115 iam
1404 1049 1466 1114 sub
1481 1052 1583 1113 finem
1598 1070 1676 1115 sae·

419 1158 482 1224 culi
514 1156 629 1223 decimi
660 1158 770 1223 octavi
802 1178 841 1224 ac
864 1158 1018 1241 deinceps
1040 1157 1147 1223 instar
1169 1156 1339 1221 cuiusdam
1360 1154 1596 1221 moderaminis
1619 1156 1676 1219 vel

418 1264 553 1330 remedii
576 1264 736 1330 adversus
759 1264 968 1332 arbitrariam
993 1284 1033 1330 ac
1048 1284 1137 1330 mere
1157 1261 1434 1348 ,aprioristicam“
1453 1260 1535 1327 iuris
1550 1260 1674 1345 publici

418 1368 694 1436 constructionem
706 1370 926 1454 prodierunt1.
951 1370 1036 1436 Prae
1048 1368 1166 1435 ceteris
1178 1373 1289 1434 tamen
1307 1366 1671 1445 ,scholaehistorioae·

417 1476 574 1543 fundator
596 1477 714 1544 merito
737 1476 953 1544 nominandus
977 1480 1030 1543 est

418 1614 487 1687 552.
579 1618 615 1683 F.
631 1618 664 1683 0.
680 1618 719 1683 de
731 1619 893 1703 Sociqny²
905 1616 1168 1700 (1779—1861),
1182 1616 1273 1682 cuius
1285 1618 1419 1701 propria
1430 1617 1673 1683 restaurandae

417 1722 575 1791 scientiae
604 1722 684 1789 iuris
713 1722 875 1808 principia
904 1722 1099 1807 praesertim
1129 1722 1162 1788 iu
1187 1724 1257 1789 eius
1280 1722 1362 1788 libro
1391 1722 1514 1799 ,Berui
1534 1744 1671 1789 unser-er

417 1828 489 1896 Zeit
518 1851 577 1896 zur
601 1830 886 1913 Gesetzgebung“,
914 1831 1009 1909 1815,
1041 1834 1076 1895 et
1104 1830 1138 1895 iu
1162 1830 1285 1896 maiore
1309 1850 1408 1914 opere
1435 1828 1590 1911 ,System
1613 1830 1671 1897 dee

416 1934 573 2019 heutigen
603 1936 788 2003 rbmischen
818 1936 980 2013 Rechts“,
1014 1938 1117 2015 1840,
1149 1936 1302 2020 exposita
1330 1940 1417 2002 sunt.
1464 1934 1669 2019 Quamquam

416 2040 642 2127 philosophiae
674 2042 746 2126 ipse
777 2064 893 2127 parum
925 2041 1093 2121 addictus,
1127 2041 1391 2125 Schellingianae
1420 2046 1536 2108 tamen
1564 2042 1670 2125 philo·

416 2146 551 2230 sophiae
574 2150 733 2215 induxum
757 2148 913 2227 subierat,
938 2148 993 2213 ubi
1016 2147 1156 2232 primum
1178 2148 1275 2213 novis
1297 2147 1522 2214 fundamentis
1541 2170 1668 2215 omnem

416 2250 585 2320 iuridicam
617 2255 821 2339 disciplinam
851 2258 1081 2321 reconstruere
1111 2259 1146 2322 et
1174 2274 1372 2336 regenerare
1402 2275 1587 2337 aggressus
1610 2262 1667 2322 est.

415 2360 454 2426 Id
482 2360 589 2445 ipsum
619 2366 730 2428 autem
761 2363 823 2428 duo
854 2362 924 2428 iere
954 2366 1121 2428 momenta
1150 2362 1343 2429 suadebant.
1389 2361 1517 2445 Quippe
1548 2362 1666 2428 dudum

415 2466 543 2533 iuridici
566 2468 660 2535 multi
684 2490 744 2533 neo
767 2468 929 2536 immerito
954 2468 1177 2551 querebantur
1198 2466 1320 2552 partim
1344 2469 1384 2533 de
1406 2468 1495 2535 inani
1520 2473 1557 2536 et
1574 2470 1667 2536 foede

416 2572 579 2655 indigesto
602 2573 682 2639 iuris
705 2573 907 2641 formalismo
927 2574 1069 2657 undique
1085 2573 1261 2655 compilato
1278 2577 1313 2639 et
1327 2572 1518 2639 mechanica
1534 2575 1665 2647 tradito.

416 2678 540 2761 absque
569 2678 686 2745 lucidis
716 2686 751 2747 et
781 2680 1007 2746 communibus
1028 2678 1208 2764 principiis,
1242 2678 1359 2763 quibus
1382 2678 1415 2744 in
1438 2683 1664 2747 tartarorum

416 2786 501 2851 silva
532 2786 755 2853 iurisconsulti
787 2792 865 2871 apte
895 2786 1133 2869 dirigerentur,
1165 2785 1287 2870 partim
1317 2785 1358 2851 de
1387 2786 1608 2853 rationalismi
1635 2794 1665 2853 et
1766 2801 1767 2836 ³

415 2890 582 2957 criticismi
605 2892 842 2976 progressibus,
868 2892 985 2977 quibus
1008 2892 1117 2959 omnia
1140 2892 1220 2958 iuris
1242 2892 1397 2959 instituta
1419 2892 1547 2959 indies
1563 2896 1663 2976 magis

415 2996 577 3063 fluctuare
608 3001 643 3065 st
665 2998 851 3082 perturbari
875 3018 1011 3064 necesse
1033 2998 1088 3065 sit.
1135 2997 1221 3062 Huic
1245 2998 1366 3082 duplici
1389 2999 1476 3065 malo
1500 3004 1541 3065 ut
1564 3021 1663 3065 reme·

416 3102 503 3169 dium
528 3106 671 3183 afferret,
696 3105 737 3172 de
754 3104 900 3189 Saviguy
923 3104 1052 3171 sincero
1076 3104 1184 3171 animo
1208 3125 1337 3171 omnem
1360 3126 1453 3170 suam
1476 3126 1614 3190 operam
1631 3112 1662 3170 et

414 3210 517 3277 vitam
540 3210 708 3295 impendit.
748 3210 793 3279 Et
815 3232 894 3278 vero
918 3212 960 3278 ad
983 3210 1215 3277 vivificandum
1240 3216 1423 3278 emortuum
1445 3210 1527 3277 iuris
1543 3212 1661 3278 forma·

413 3316 542 3381 lismum
567 3322 645 3383 aute
669 3316 778 3383 omnia
799 3318 833 3382 in
857 3320 1009 3404 cuiusque
1028 3302 1145 3403 populi¹
1163 3320 1328 3404 spiritam,
1355 3316 1525 3384 viventem
1549 3324 1585 3386 et
1607 3340 1660 3384 er·

413 3442 562 3508 pressum
585 3422 619 3488 iu
641 3424 775 3509 propria
797 3424 867 3489 eius
890 3424 1029 3490 historia
1051 3428 1086 3489 et
1106 3424 1246 3502 cultura,
1269 3422 1489 3507 indagandum
1507 3430 1608 3508 atque
1621 3446 1660 3490 ex

414 3550 452 3594 eo
484 3550 563 3595 vera
593 3532 627 3595 et
651 3528 805 3611 organice
827 3529 961 3613 propria
985 3529 1141 3612 cuiusque
1162 3529 1319 3597 instituta
1340 3529 1477 3597 iuridics
1500 3552 1659 3597 commen·

414 3635 558 3702 suranda
581 3656 654 3701 esse
678 3636 797 3703 docuit.
837 3638 867 3701 A
891 3636 1088 3719 Schellingio
1106 3636 1192 3701 euim
1208 3635 1368 3703 didicerat
1382 3635 1429 3718 (id
1445 3638 1533 3719 quod
1549 3636 1659 3702 deinde

413 3740 520 3823 Hegel
532 3742 631 3807 latius
642 3741 790 3826 evolvit),
804 3740 884 3808 iuris
894 3764 1026 3808 normas
1036 3764 1100 3808 non
1110 3764 1169 3827 per
1178 3743 1377 3810 subiectivas
1386 3743 1520 3809 humaui
1529 3744 1658 3828 spiritus

413 3847 505 3913 ideas
521 3847 741 3927 determinari,
759 3848 817 3914 sed
833 3848 1059 3933 perspiritum
1075 3850 1187 3914 muudi
1203 3849 1262 3931 (W
1262 3849 1411 3933 eltgeist)
1427 3853 1463 3916 et
1477 3848 1511 3915 iu
1526 3850 1658 3933 siugulis

412 3954 541 4039 populis
558 3953 687 4037 quidem
703 3952 924 4039 perspiritum
938 3954 1048 4039 populi
1061 3952 1293 4039 (Volksgeist),
1310 3955 1343 4021 iu
1354 3956 1493 4023 historia
1505 3962 1657 4041 perpetuo

504 4202 512 4235 ¹
531 4202 592 4256 Huc
611 4200 784 4270 aliquatenus
797 4200 842 4253 vel
862 4198 952 4270 ipsum
969 4216 1037 4268 opus
1050 4200 1235 4268 Montesqaiea
1257 4198 1367 4269 ,Reprit
1386 4198 1434 4253 des
1446 4198 1524 4263 lois‘,
1542 4198 1655 4252 maxime

412 4307 477 4343 vero
497 4290 599 4343 Ruricii
620 4288 800 4355 ,Refleotions
826 4306 860 4341 on
878 4287 926 4341 the
945 4286 1098 4341 revolution
1116 4286 1145 4340 in
1163 4286 1297 4352 Frauce‘,
1318 4288 1403 4352 1790,
1428 4286 1570 4341 referenda
1585 4294 1654 4339 suut

413 4378 533 4433 Similem
553 4378 627 4432 riam
646 4378 675 4431 iu
688 4376 834 4431 Germanis
856 4378 936 4443 Hono
955 4376 1010 4428 iam
1031 4374 1099 4429 1789
1119 4374 1205 4430 variis
1224 4374 1475 4430 elucubrationibus
1493 4375 1654 4443 signaverat,

412 4468 572 4537 praesertim
592 4467 619 4520 iu
638 4482 733 4536 opere:
752 4464 895 4519 Lehrbuch
914 4464 963 4518 das
981 4462 1165 4518 Naturrechts
1183 4463 1225 4517 sla
1244 4464 1319 4517 einer
1331 4462 1506 4534 Philosophia
1523 4464 1570 4517 des
1586 4464 1654 4533 posi·

411 4555 487 4609 tiveu
506 4554 617 4616 Rechts,
636 4553 737 4609 Berlin.

502 4643 512 4675 ¹
531 4642 581 4696 Vir
598 4643 671 4697 iuter
689 4642 757 4697 iuris
776 4642 901 4697 doctores
919 4641 947 4694 iu
968 4640 1115 4695 Germania
1134 4638 1319 4707 clarissimus,
1338 4658 1422 4709 quam
1441 4640 1508 4696 iuris
1525 4640 1652 4695 theoriam

412 4730 438 4783 in
458 4730 649 4800 Morburgeusi
674 4732 791 4801 primum
811 4730 957 4795 cathedra,
983 4730 1046 4783 dein
1065 4747 1119 4799 qua
1137 4729 1242 4799 primus
1261 4728 1446 4784 Beroliueusis
1464 4728 1652 4785 Universitatis

411 4836 507 4874 recens
525 4820 668 4874 institutae
687 4822 776 4874 rector
794 4838 843 4890 per
861 4820 896 4875 32
916 4836 1001 4873 anuos
1020 4820 1161 4889 professus
1186 4818 1277 4872 iuerat
1302 4818 1467 4889 scriptisque
1491 4819 1565 4875 libris
1580 4832 1652 4871 sum·

411 4924 471 4962 mae
490 4908 662 4962 auctoritatis
681 4908 883 4973 illustraverat,
909 4908 1024 4963 candem
1050 4908 1165 4976 deniqne
1190 4924 1245 4976 qua
1268 4907 1362 4976 regius
1390 4908 1515 4964 minister
1537 4906 1651 4979 practice

412 4997 568 5067 applicandi
581 4996 749 5051 occasionem
763 5001 861 5051 nactus
874 5002 924 5052 est.
951 4996 993 5051 Οἱ.
1007 5000 1036 5050 et
1051 4996 1138 5063 ,Hist
1151 4996 1228 5067 polit
1238 4996 1295 5049 si·
1307 4998 1386 5061 1880,
1398 4996 1523 5053 LXXXV
1534 4996 1649 5061 atteqq.
