<?xml version="1.0" encoding="UTF-8"?>
<!DOCTYPE html PUBLIC "-//W3C//DTD XHTML 1.0 Transitional//EN"
    "http://www.w3.org/TR/xhtml1/DTD/xhtml1-transitional.dtd">
<html xmlns="http://www.w3.org/1999/xhtml" xml:lang="en" lang="en">
 <head>
  <title>
</title>
<meta http-equiv="Content-Type" content="text/html;charset=utf-8" />
  <meta name='ocr-system' content='tesseract 3.04.00' />
  <meta name='ocr-capabilities' content='ocr_page ocr_carea ocr_par ocr_line ocrx_word'/>
</head>
<body>
  <div class='ocr_page' id='page_1' title='image "./institutionesiu00meyegoog_0166.png"; bbox 0 0 3909 5842; ppageno 0'>
   <div class='ocr_carea' id='block_1_1' title="bbox 432 665 1442 738">
    <p class='ocr_par' dir='ltr' id='par_1_1' title="bbox 432 665 1442 738">
     <span class='ocr_line' id='line_1_1' title="bbox 432 665 1442 738; baseline -0.002 -14"><span class='ocrx_word' id='word_1_1' title='bbox 432 671 495 735; x_wconf 84' lang='grc'><strong>114</strong></span> <span class='ocrx_word' id='word_1_2' title='bbox 656 666 746 721; x_wconf 88' lang='lat' dir='ltr'><strong>Sectio</strong></span> <span class='ocrx_word' id='word_1_3' title='bbox 764 666 785 721; x_wconf 90' lang='lat' dir='ltr'><strong>I.</strong></span> <span class='ocrx_word' id='word_1_4' title='bbox 821 665 902 721; x_wconf 86' lang='lat' dir='ltr'><strong>Liber</strong></span> <span class='ocrx_word' id='word_1_5' title='bbox 921 668 954 721; x_wconf 93' lang='grc'><strong>11.</strong></span> <span class='ocrx_word' id='word_1_6' title='bbox 993 666 1082 738; x_wconf 78' lang='lat' dir='ltr'><strong>Caput</strong></span> <span class='ocrx_word' id='word_1_7' title='bbox 1099 668 1121 723; x_wconf 85' lang='lat'><strong>1.</strong></span> <span class='ocrx_word' id='word_1_8' title='bbox 1158 667 1298 723; x_wconf 84' lang='lat' dir='ltr'><strong>Articulus</strong></span> <span class='ocrx_word' id='word_1_9' title='bbox 1319 669 1342 722; x_wconf 94' lang='lat' dir='ltr'><strong>l.</strong></span> <span class='ocrx_word' id='word_1_10' title='bbox 1380 668 1442 735; x_wconf 63' lang='grc' dir='ltr'><strong>Η,</strong></span> 
     </span>
    </p>
   </div>
   <div class='ocr_carea' id='block_1_2' title="bbox 426 840 1678 2313">
    <p class='ocr_par' dir='ltr' id='par_1_2' title="bbox 426 840 1674 1459">
     <span class='ocr_line' id='line_1_2' title="bbox 426 840 1674 928; baseline -0.001 -15"><span class='ocrx_word' id='word_1_11' title='bbox 426 840 495 913; x_wconf 78' lang='lat' dir='ltr'><strong>lat.</strong></span> <span class='ocrx_word' id='word_1_12' title='bbox 586 842 691 908; x_wconf 90' lang='lat' dir='ltr'><strong>Multo</strong></span> <span class='ocrx_word' id='word_1_13' title='bbox 721 846 832 908; x_wconf 90' lang='lat' dir='ltr'><strong>autem</strong></span> <span class='ocrx_word' id='word_1_14' title='bbox 856 842 1004 926; x_wconf 79' lang='lat' dir='ltr'><strong>apertius</strong></span> <span class='ocrx_word' id='word_1_15' title='bbox 1027 848 1127 926; x_wconf 89' lang='lat' dir='ltr'><strong>atque</strong></span> <span class='ocrx_word' id='word_1_16' title='bbox 1149 843 1283 909; x_wconf 90' lang='lat' dir='ltr'><strong>liberius</strong></span> <span class='ocrx_word' id='word_1_17' title='bbox 1306 844 1349 911; x_wconf 88' lang='lat' dir='ltr'><strong>ad</strong></span> <span class='ocrx_word' id='word_1_18' title='bbox 1372 844 1454 910; x_wconf 89' lang='lat' dir='ltr'><strong>haec</strong></span> <span class='ocrx_word' id='word_1_19' title='bbox 1477 848 1513 911; x_wconf 90' lang='lat' dir='ltr'><strong>et</strong></span> <span class='ocrx_word' id='word_1_20' title='bbox 1536 846 1674 928; x_wconf 77' lang='lat' dir='ltr'><strong>analoga</strong></span> 
     </span>
     <span class='ocr_line' id='line_1_3' title="bbox 428 948 1674 1036; baseline 0.002 -21"><span class='ocrx_word' id='word_1_21' title='bbox 428 949 549 1031; x_wconf 82' lang='lat' dir='ltr'><strong>effugia</strong></span> <span class='ocrx_word' id='word_1_22' title='bbox 571 954 755 1028; x_wconf 87' lang='lat' dir='ltr'><strong>recurrunt,</strong></span> <span class='ocrx_word' id='word_1_23' title='bbox 780 948 836 1031; x_wconf 92' lang='lat' dir='ltr'><strong>qui</strong></span> <span class='ocrx_word' id='word_1_24' title='bbox 858 950 1042 1015; x_wconf 75' lang='lat' dir='ltr'><strong>recentiore</strong></span> <span class='ocrx_word' id='word_1_25' title='bbox 1065 954 1178 1017; x_wconf 87' lang='lat' dir='ltr'><strong>aetate</strong></span> <span class='ocrx_word' id='word_1_26' title='bbox 1201 951 1254 1015; x_wconf 90' lang='lat' dir='ltr'><strong>vel</strong></span> <span class='ocrx_word' id='word_1_27' title='bbox 1272 950 1433 1017; x_wconf 88' lang='lat' dir='ltr'><strong>atheismo</strong></span> <span class='ocrx_word' id='word_1_28' title='bbox 1449 955 1484 1017; x_wconf 92' lang='lat' dir='ltr'><strong>et</strong></span> <span class='ocrx_word' id='word_1_29' title='bbox 1505 950 1674 1036; x_wconf 89' lang='lat' dir='ltr'><strong>,indepen-</strong></span> 
     </span>
     <span class='ocr_line' id='line_1_4' title="bbox 428 1055 1673 1142; baseline 0.002 -21"><span class='ocrx_word' id='word_1_30' title='bbox 428 1055 536 1121; x_wconf 80' lang='lat' dir='ltr'><strong>denti“</strong></span> <span class='ocrx_word' id='word_1_31' title='bbox 570 1076 669 1139; x_wconf 88' lang='lat' dir='ltr'><strong>quam</strong></span> <span class='ocrx_word' id='word_1_32' title='bbox 700 1060 823 1122; x_wconf 89' lang='lat' dir='ltr'><strong>vocant</strong></span> <span class='ocrx_word' id='word_1_33' title='bbox 850 1057 1033 1125; x_wconf 90' lang='lat' dir='ltr'><strong>moralitati</strong></span> <span class='ocrx_word' id='word_1_34' title='bbox 1063 1057 1313 1141; x_wconf 89' lang='lat' dir='ltr'><strong>patrocinantur</strong></span> <span class='ocrx_word' id='word_1_35' title='bbox 1343 1061 1444 1141; x_wconf 88' lang='lat' dir='ltr'><strong>atque</strong></span> <span class='ocrx_word' id='word_1_36' title='bbox 1474 1078 1495 1123; x_wconf 89' lang='lat' dir='ltr'><strong>a</strong></span> <span class='ocrx_word' id='word_1_37' title='bbox 1531 1060 1673 1142; x_wconf 88' lang='lat' dir='ltr'><strong>,praeiu-</strong></span> 
     </span>
     <span class='ocr_line' id='line_1_5' title="bbox 428 1162 1672 1249; baseline 0.001 -21"><span class='ocrx_word' id='word_1_38' title='bbox 428 1162 539 1228; x_wconf 84' lang='lat' dir='ltr'><strong>diciis“</strong></span> <span class='ocrx_word' id='word_1_39' title='bbox 566 1162 762 1246; x_wconf 89' lang='lat' dir='ltr'><strong>praesertim</strong></span> <span class='ocrx_word' id='word_1_40' title='bbox 785 1162 949 1245; x_wconf 80' lang='lat' dir='ltr'><strong>religiosis</strong></span> <span class='ocrx_word' id='word_1_41' title='bbox 972 1162 1113 1229; x_wconf 89' lang='lat' dir='ltr'><strong>liberare</strong></span> <span class='ocrx_word' id='word_1_42' title='bbox 1136 1183 1241 1246; x_wconf 81' lang='lat' dir='ltr'><strong>genus</strong></span> <span class='ocrx_word' id='word_1_43' title='bbox 1263 1164 1439 1229; x_wconf 86' lang='lat' dir='ltr'><strong>humanum</strong></span> <span class='ocrx_word' id='word_1_44' title='bbox 1464 1165 1672 1249; x_wconf 83' lang='lat' dir='ltr'><strong>suscipiunt1,</strong></span> 
     </span>
     <span class='ocr_line' id='line_1_6' title="bbox 428 1268 1674 1355; baseline 0.003 -22"><span class='ocrx_word' id='word_1_45' title='bbox 428 1268 482 1334; x_wconf 90' lang='lat' dir='ltr'><strong>vel</strong></span> <span class='ocrx_word' id='word_1_46' title='bbox 513 1289 642 1334; x_wconf 90' lang='lat' dir='ltr'><strong>omnem</strong></span> <span class='ocrx_word' id='word_1_47' title='bbox 673 1268 859 1347; x_wconf 85' lang='lat' dir='ltr'><strong>scientiam,</strong></span> <span class='ocrx_word' id='word_1_48' title='bbox 893 1269 992 1335; x_wconf 91' lang='lat' dir='ltr'><strong>etiam</strong></span> <span class='ocrx_word' id='word_1_49' title='bbox 1027 1269 1183 1347; x_wconf 76' lang='lat' dir='ltr'><strong>ethicam,</strong></span> <span class='ocrx_word' id='word_1_50' title='bbox 1217 1270 1288 1335; x_wconf 90' lang='lat' dir='ltr'><strong>sola</strong></span> <span class='ocrx_word' id='word_1_51' title='bbox 1319 1270 1474 1337; x_wconf 89' lang='lat' dir='ltr'><strong>methodo</strong></span> <span class='ocrx_word' id='word_1_52' title='bbox 1508 1270 1674 1355; x_wconf 70' lang='lat' dir='ltr'><strong>empirice</strong></span> 
     </span>
     <span class='ocr_line' id='line_1_7' title="bbox 428 1373 1544 1459; baseline 0.004 -21"><span class='ocrx_word' id='word_1_53' title='bbox 428 1373 586 1441; x_wconf 87' lang='lat' dir='ltr'><strong>historica</strong></span> <span class='ocrx_word' id='word_1_54' title='bbox 608 1395 651 1441; x_wconf 82' lang='lat' dir='ltr'><strong>ex</strong></span> <span class='ocrx_word' id='word_1_55' title='bbox 675 1374 843 1459; x_wconf 86' lang='lat' dir='ltr'><strong>principiis</strong></span> <span class='ocrx_word' id='word_1_56' title='bbox 865 1376 937 1442; x_wconf 87' lang='lat' dir='ltr'><strong>fere</strong></span> <span class='ocrx_word' id='word_1_57' title='bbox 960 1376 1107 1441; x_wconf 88' lang='lat' dir='ltr'><strong>Darwini</strong></span> <span class='ocrx_word' id='word_1_58' title='bbox 1131 1382 1359 1443; x_wconf 88' lang='lat' dir='ltr'><strong>reconstruere</strong></span> <span class='ocrx_word' id='word_1_59' title='bbox 1381 1376 1544 1444; x_wconf 89' lang='lat' dir='ltr'><strong>nituntur.</strong></span> 
     </span>
    </p>

    <p class='ocr_par' dir='ltr' id='par_1_3' title="bbox 475 1480 1002 1566">
     <span class='ocr_line' id='line_1_8' title="bbox 475 1480 1002 1566; baseline 0.002 -19"><span class='ocrx_word' id='word_1_60' title='bbox 475 1514 477 1517; x_wconf 95' lang='lat'>·</span> <span class='ocrx_word' id='word_1_61' title='bbox 516 1480 555 1547; x_wconf 93' lang='lat' dir='ltr'><strong>In</strong></span> <span class='ocrx_word' id='word_1_62' title='bbox 578 1482 686 1566; x_wconf 88' lang='lat' dir='ltr'><strong>specie</strong></span> <span class='ocrx_word' id='word_1_63' title='bbox 709 1482 773 1548; x_wconf 91' lang='lat' dir='ltr'><strong>huc</strong></span> <span class='ocrx_word' id='word_1_64' title='bbox 795 1481 1002 1549; x_wconf 89' lang='lat' dir='ltr'><strong>referuntur:</strong></span> 
     </span>
    </p>

    <p class='ocr_par' dir='ltr' id='par_1_4' title="bbox 430 1588 1678 1993">
     <span class='ocr_line' id='line_1_9' title="bbox 518 1588 1676 1673; baseline 0.003 -20"><span class='ocrx_word' id='word_1_65' title='bbox 518 1588 551 1669; x_wconf 87' lang='lat' dir='ltr'><strong>a)</strong></span> <span class='ocrx_word' id='word_1_66' title='bbox 580 1589 715 1654; x_wconf 77' lang='lat' dir='ltr'><strong>Thouria</strong></span> <span class='ocrx_word' id='word_1_67' title='bbox 737 1590 801 1655; x_wconf 80' lang='lat' dir='ltr'><strong>Ed.</strong></span> <span class='ocrx_word' id='word_1_68' title='bbox 826 1611 853 1655; x_wconf 86' lang='lat' dir='ltr'><strong>c.</strong></span> <span class='ocrx_word' id='word_1_69' title='bbox 878 1589 1083 1673; x_wconf 81' lang='lat' dir='ltr'><strong>Hartmonn,</strong></span> <span class='ocrx_word' id='word_1_70' title='bbox 1116 1589 1170 1672; x_wconf 93' lang='lat' dir='ltr'><strong>qui</strong></span> <span class='ocrx_word' id='word_1_71' title='bbox 1202 1590 1314 1655; x_wconf 82' lang='lat' dir='ltr'><strong>bonam</strong></span> <span class='ocrx_word' id='word_1_72' title='bbox 1345 1593 1380 1656; x_wconf 88' lang='lat' dir='ltr'><strong>et</strong></span> <span class='ocrx_word' id='word_1_73' title='bbox 1407 1594 1530 1656; x_wconf 80' lang='lat' dir='ltr'><strong>malam</strong></span> <span class='ocrx_word' id='word_1_74' title='bbox 1556 1592 1676 1657; x_wconf 90' lang='lat' dir='ltr'><strong>morale</strong></span> 
     </span>
     <span class='ocr_line' id='line_1_10' title="bbox 431 1694 1678 1779; baseline 0.002 -19"><span class='ocrx_word' id='word_1_75' title='bbox 431 1716 497 1760; x_wconf 94' lang='lat' dir='ltr'><strong>non</strong></span> <span class='ocrx_word' id='word_1_76' title='bbox 508 1694 729 1779; x_wconf 81' lang='lat' dir='ltr'><strong>proprietates</strong></span> <span class='ocrx_word' id='word_1_77' title='bbox 741 1694 870 1761; x_wconf 91' lang='lat' dir='ltr'><strong>entibus</strong></span> <span class='ocrx_word' id='word_1_78' title='bbox 883 1696 936 1761; x_wconf 89' lang='lat' dir='ltr'><strong>vel</strong></span> <span class='ocrx_word' id='word_1_79' title='bbox 950 1716 1062 1761; x_wconf 91' lang='lat' dir='ltr'><strong>eorum</strong></span> <span class='ocrx_word' id='word_1_80' title='bbox 1077 1696 1261 1762; x_wconf 89' lang='lat' dir='ltr'><strong>actionibus</strong></span> <span class='ocrx_word' id='word_1_81' title='bbox 1272 1696 1434 1763; x_wconf 88' lang='lat' dir='ltr'><strong>obiective</strong></span> <span class='ocrx_word' id='word_1_82' title='bbox 1446 1696 1678 1763; x_wconf 83' lang='lat' dir='ltr'><strong>convenientes</strong></span> 
     </span>
     <span class='ocr_line' id='line_1_11' title="bbox 430 1802 1677 1886; baseline 0.001 -19"><span class='ocrx_word' id='word_1_83' title='bbox 430 1823 503 1867; x_wconf 91' lang='lat' dir='ltr'><strong>esse</strong></span> <span class='ocrx_word' id='word_1_84' title='bbox 527 1802 632 1880; x_wconf 90' lang='lat' dir='ltr'><strong>docet,</strong></span> <span class='ocrx_word' id='word_1_85' title='bbox 656 1802 715 1867; x_wconf 90' lang='lat' dir='ltr'><strong>sed</strong></span> <span class='ocrx_word' id='word_1_86' title='bbox 738 1805 867 1867; x_wconf 89' lang='lat' dir='ltr'><strong>tantum</strong></span> <span class='ocrx_word' id='word_1_87' title='bbox 884 1802 1009 1868; x_wconf 77' lang='lat' dir='ltr'><strong>iudicio</strong></span> <span class='ocrx_word' id='word_1_88' title='bbox 1026 1802 1066 1868; x_wconf 94' lang='lat' dir='ltr'><strong>de</strong></span> <span class='ocrx_word' id='word_1_89' title='bbox 1082 1802 1124 1867; x_wconf 93' lang='lat' dir='ltr'><strong>iis</strong></span> <span class='ocrx_word' id='word_1_90' title='bbox 1140 1802 1304 1880; x_wconf 84' lang='lat' dir='ltr'><strong>exhibere,</strong></span> <span class='ocrx_word' id='word_1_91' title='bbox 1329 1823 1413 1885; x_wconf 88' lang='lat' dir='ltr'><strong>quae</strong></span> <span class='ocrx_word' id='word_1_92' title='bbox 1430 1824 1451 1869; x_wconf 91' lang='lat' dir='ltr'><strong>a</strong></span> <span class='ocrx_word' id='word_1_93' title='bbox 1466 1804 1561 1869; x_wconf 87' lang='lat' dir='ltr'><strong>vario</strong></span> <span class='ocrx_word' id='word_1_94' title='bbox 1577 1804 1677 1886; x_wconf 83' lang='lat' dir='ltr'><strong>gradu</strong></span> 
     </span>
     <span class='ocr_line' id='line_1_12' title="bbox 431 1908 1347 1993; baseline 0.003 -19"><span class='ocrx_word' id='word_1_95' title='bbox 431 1908 627 1974; x_wconf 83' lang='lat' dir='ltr'><strong>evolationis</strong></span> <span class='ocrx_word' id='word_1_96' title='bbox 651 1908 872 1973; x_wconf 89' lang='lat' dir='ltr'><strong>conscientiae</strong></span> <span class='ocrx_word' id='word_1_97' title='bbox 894 1908 1149 1991; x_wconf 89' lang='lat' dir='ltr'><strong>uniuscuiusque</strong></span> <span class='ocrx_word' id='word_1_98' title='bbox 1172 1910 1347 1993; x_wconf 74' lang='lat' dir='ltr'><strong>pendent2.</strong></span> 
     </span>
    </p>

    <p class='ocr_par' dir='ltr' id='par_1_5' title="bbox 431 2013 1677 2313">
     <span class='ocr_line' id='line_1_13' title="bbox 519 2013 1676 2103; baseline 0.003 -23"><span class='ocrx_word' id='word_1_99' title='bbox 519 2013 554 2097; x_wconf 91' lang='lat' dir='ltr'><strong>b)</strong></span> <span class='ocrx_word' id='word_1_100' title='bbox 571 2014 690 2080; x_wconf 86' lang='lat' dir='ltr'><strong>Schola</strong></span> <span class='ocrx_word' id='word_1_101' title='bbox 704 2014 1063 2099; x_wconf 89' lang='lat' dir='ltr'><strong>pseudophilosophica‚</strong></span> <span class='ocrx_word' id='word_1_102' title='bbox 1089 2036 1172 2099; x_wconf 90' lang='lat' dir='ltr'><strong>quas</strong></span> <span class='ocrx_word' id='word_1_103' title='bbox 1191 2014 1415 2103; x_wconf 79' lang='lat' dir='ltr'><strong>„positivismi“</strong></span> <span class='ocrx_word' id='word_1_104' title='bbox 1434 2017 1565 2082; x_wconf 91' lang='lat' dir='ltr'><strong>nomine</strong></span> <span class='ocrx_word' id='word_1_105' title='bbox 1582 2018 1676 2100; x_wconf 86' lang='lat' dir='ltr'><strong>vulgo</strong></span> 
     </span>
     <span class='ocr_line' id='line_1_14' title="bbox 431 2120 1677 2206; baseline 0 -19"><span class='ocrx_word' id='word_1_106' title='bbox 431 2121 628 2206; x_wconf 88' lang='lat' dir='ltr'><strong>appellatur,</strong></span> <span class='ocrx_word' id='word_1_107' title='bbox 662 2124 696 2187; x_wconf 90' lang='lat' dir='ltr'><strong>et</strong></span> <span class='ocrx_word' id='word_1_108' title='bbox 727 2120 818 2186; x_wconf 90' lang='lat' dir='ltr'><strong>cuius</strong></span> <span class='ocrx_word' id='word_1_109' title='bbox 848 2120 880 2185; x_wconf 94' lang='lat' dir='ltr'><strong>in</strong></span> <span class='ocrx_word' id='word_1_110' title='bbox 906 2120 1015 2187; x_wconf 72' lang='lat' dir='ltr'><strong>(tallia</strong></span> <span class='ocrx_word' id='word_1_111' title='bbox 1044 2121 1185 2204; x_wconf 92' lang='lat' dir='ltr'><strong>primum</strong></span> <span class='ocrx_word' id='word_1_112' title='bbox 1207 2121 1363 2187; x_wconf 87' lang='lat' dir='ltr'><strong>fundator</strong></span> <span class='ocrx_word' id='word_1_113' title='bbox 1387 2124 1421 2187; x_wconf 92' lang='lat' dir='ltr'><strong>et</strong></span> <span class='ocrx_word' id='word_1_114' title='bbox 1444 2122 1677 2206; x_wconf 85' lang='lat' dir='ltr'><strong>antesignanus</strong></span> 
     </span>
     <span class='ocr_line' id='line_1_15' title="bbox 432 2226 1677 2313; baseline 0.001 -20"><span class='ocrx_word' id='word_1_115' title='bbox 432 2228 562 2294; x_wconf 83' lang='lat' dir='ltr'><strong>exstitit</strong></span> <span class='ocrx_word' id='word_1_116' title='bbox 584 2230 728 2313; x_wconf 76' lang='lat' dir='ltr'><strong>Aepuete</strong></span> <span class='ocrx_word' id='word_1_117' title='bbox 752 2228 856 2293; x_wconf 85' lang='lat' dir='ltr'><strong>Ccmte</strong></span> <span class='ocrx_word' id='word_1_118' title='bbox 878 2226 1162 2309; x_wconf 81' lang='lat'>(1798—1857)³.</span> <span class='ocrx_word' id='word_1_119' title='bbox 1210 2226 1315 2292; x_wconf 91' lang='lat' dir='ltr'><strong>Huius</strong></span> <span class='ocrx_word' id='word_1_120' title='bbox 1344 2228 1528 2294; x_wconf 88' lang='lat' dir='ltr'><strong>doctrinam</strong></span> <span class='ocrx_word' id='word_1_121' title='bbox 1551 2229 1624 2294; x_wconf 89' lang='lat' dir='ltr'><strong>dein</strong></span> <span class='ocrx_word' id='word_1_122' title='bbox 1646 2229 1677 2293; x_wconf 90' lang='lat' dir='ltr'><strong>in</strong></span> 
     </span>
    </p>
   </div>
   <div class='ocr_carea' id='block_1_3' title="bbox 431 2435 1676 5075">
    <p class='ocr_par' dir='ltr' id='par_1_6' title="bbox 431 2435 1676 3837">
     <span class='ocr_line' id='line_1_16' title="bbox 526 2435 1675 2505; baseline 0 -14"><span class='ocrx_word' id='word_1_123' title='bbox 526 2440 533 2471; x_wconf 85' lang='lat'><strong>¹</strong></span> <span class='ocrx_word' id='word_1_124' title='bbox 553 2436 702 2492; x_wconf 79' lang='lat' dir='ltr'><strong>Occasione</strong></span> <span class='ocrx_word' id='word_1_125' title='bbox 721 2440 872 2490; x_wconf 86' lang='lat' dir='ltr'><strong>conventus</strong></span> <span class='ocrx_word' id='word_1_126' title='bbox 891 2436 1078 2490; x_wconf 90' lang='lat' dir='ltr'><strong>libertinorum</strong></span> <span class='ocrx_word' id='word_1_127' title='bbox 1101 2436 1253 2504; x_wconf 79' lang='lat' dir='ltr'><strong>(,Congres</strong></span> <span class='ocrx_word' id='word_1_128' title='bbox 1272 2436 1319 2489; x_wconf 92' lang='lat' dir='ltr'><strong>des</strong></span> <span class='ocrx_word' id='word_1_129' title='bbox 1338 2435 1422 2489; x_wconf 87' lang='lat' dir='ltr'><strong>libres</strong></span> <span class='ocrx_word' id='word_1_130' title='bbox 1441 2438 1610 2505; x_wconf 84' lang='lat' dir='ltr'><strong>penssurs‘),</strong></span> <span class='ocrx_word' id='word_1_131' title='bbox 1630 2438 1675 2491; x_wconf 85' lang='lat' dir='ltr'><strong>Pa·</strong></span> 
     </span>
     <span class='ocr_line' id='line_1_17' title="bbox 432 2524 1676 2596; baseline -0.002 -15"><span class='ocrx_word' id='word_1_132' title='bbox 432 2527 505 2582; x_wconf 92' lang='lat' dir='ltr'><strong>risiis</strong></span> <span class='ocrx_word' id='word_1_133' title='bbox 524 2544 617 2581; x_wconf 90' lang='lat' dir='ltr'><strong>mense</strong></span> <span class='ocrx_word' id='word_1_134' title='bbox 634 2524 786 2596; x_wconf 86' lang='lat' dir='ltr'><strong>Septembri</strong></span> <span class='ocrx_word' id='word_1_135' title='bbox 802 2524 869 2579; x_wconf 74' lang='lat'>1881</span> <span class='ocrx_word' id='word_1_136' title='bbox 890 2525 1034 2589; x_wconf 88' lang='lat' dir='ltr'><strong>celebrati,</strong></span> <span class='ocrx_word' id='word_1_137' title='bbox 1055 2524 1165 2593; x_wconf 90' lang='lat' dir='ltr'><strong>quidam</strong></span> <span class='ocrx_word' id='word_1_138' title='bbox 1183 2524 1264 2579; x_wconf 90' lang='lat' dir='ltr'><strong>huius</strong></span> <span class='ocrx_word' id='word_1_139' title='bbox 1282 2524 1392 2579; x_wconf 88' lang='lat' dir='ltr'><strong>scholae</strong></span> <span class='ocrx_word' id='word_1_140' title='bbox 1410 2524 1529 2594; x_wconf 84' lang='lat' dir='ltr'><strong>scriptor</strong></span> <span class='ocrx_word' id='word_1_141' title='bbox 1546 2526 1676 2595; x_wconf 79' lang='lat' dir='ltr'><strong>peculiare</strong></span> 
     </span>
     <span class='ocr_line' id='line_1_18' title="bbox 432 2612 1675 2685; baseline 0 -17"><span class='ocrx_word' id='word_1_142' title='bbox 432 2632 519 2668; x_wconf 87' lang='lat' dir='ltr'><strong>novae</strong></span> <span class='ocrx_word' id='word_1_143' title='bbox 532 2614 684 2685; x_wconf 89' lang='lat' dir='ltr'><strong>sapientiae</strong></span> <span class='ocrx_word' id='word_1_144' title='bbox 697 2614 887 2668; x_wconf 86' lang='lat' dir='ltr'><strong>documentum</strong></span> <span class='ocrx_word' id='word_1_145' title='bbox 902 2613 995 2677; x_wconf 90' lang='lat' dir='ltr'><strong>edidit,</strong></span> <span class='ocrx_word' id='word_1_146' title='bbox 1015 2631 1068 2683; x_wconf 91' lang='lat' dir='ltr'><strong>quo</strong></span> <span class='ocrx_word' id='word_1_147' title='bbox 1081 2612 1128 2667; x_wconf 89' lang='lat' dir='ltr'><strong>illa</strong></span> <span class='ocrx_word' id='word_1_148' title='bbox 1144 2612 1340 2682; x_wconf 84' lang='lat' dir='ltr'><strong>,praeiudicia‘</strong></span> <span class='ocrx_word' id='word_1_149' title='bbox 1358 2614 1563 2683; x_wconf 82' lang='lat' dir='ltr'><strong>dispergantur:</strong></span> <span class='ocrx_word' id='word_1_150' title='bbox 1582 2614 1675 2668; x_wconf 80' lang='lat' dir='ltr'><strong>Veram</strong></span> 
     </span>
     <span class='ocr_line' id='line_1_19' title="bbox 431 2702 1676 2771; baseline -0.001 -15"><span class='ocrx_word' id='word_1_151' title='bbox 431 2703 560 2756; x_wconf 91' lang='lat' dir='ltr'><strong>nimirum</strong></span> <span class='ocrx_word' id='word_1_152' title='bbox 584 2705 715 2770; x_wconf 75' lang='lat' dir='ltr'><strong>eripiam</strong></span> <span class='ocrx_word' id='word_1_153' title='bbox 739 2704 880 2756; x_wconf 73' lang='lat' dir='ltr'><strong>doctrinan</strong></span> <span class='ocrx_word' id='word_1_154' title='bbox 903 2710 927 2755; x_wconf 81' lang='lat' dir='ltr'><strong>et</strong></span> <span class='ocrx_word' id='word_1_155' title='bbox 953 2706 1131 2756; x_wconf 66' lang='lat' dir='ltr'><strong>coasmmta&#39;ae</strong></span> <span class='ocrx_word' id='word_1_156' title='bbox 1159 2704 1272 2755; x_wconf 77' lang='lat' dir='ltr'><strong>moralis</strong></span> <span class='ocrx_word' id='word_1_157' title='bbox 1300 2702 1394 2769; x_wconf 86' lang='lat' dir='ltr'><strong>(quam</strong></span> <span class='ocrx_word' id='word_1_158' title='bbox 1423 2703 1534 2771; x_wconf 88' lang='lat' dir='ltr'><strong>quidem</strong></span> <span class='ocrx_word' id='word_1_159' title='bbox 1558 2703 1676 2757; x_wconf 80' lang='lat' dir='ltr'><strong>societati</strong></span> 
     </span>
     <span class='ocr_line' id='line_1_20' title="bbox 432 2789 1676 2859; baseline -0.002 -12"><span class='ocrx_word' id='word_1_160' title='bbox 432 2793 613 2847; x_wconf 89' lang='lat' dir='ltr'><strong>necessariam</strong></span> <span class='ocrx_word' id='word_1_161' title='bbox 637 2808 698 2845; x_wconf 87' lang='lat' dir='ltr'><strong>essa</strong></span> <span class='ocrx_word' id='word_1_162' title='bbox 717 2790 853 2859; x_wconf 81' lang='lat' dir='ltr'><strong>agnoscit)</strong></span> <span class='ocrx_word' id='word_1_163' title='bbox 880 2792 919 2844; x_wconf 91' lang='lat' dir='ltr'><strong>ita</strong></span> <span class='ocrx_word' id='word_1_164' title='bbox 938 2790 997 2845; x_wconf 81' lang='lat' dir='ltr'><strong>fere</strong></span> <span class='ocrx_word' id='word_1_165' title='bbox 1015 2789 1151 2855; x_wconf 81' lang='lat' dir='ltr'><strong>illustrat,</strong></span> <span class='ocrx_word' id='word_1_166' title='bbox 1178 2790 1279 2845; x_wconf 86' lang='lat' dir='ltr'><strong>docens</strong></span> <span class='ocrx_word' id='word_1_167' title='bbox 1303 2791 1445 2845; x_wconf 90' lang='lat' dir='ltr'><strong>scientiam</strong></span> <span class='ocrx_word' id='word_1_168' title='bbox 1474 2790 1602 2847; x_wconf 86' lang='lat' dir='ltr'><strong>moralem</strong></span> <span class='ocrx_word' id='word_1_169' title='bbox 1618 2808 1676 2845; x_wconf 84' lang='lat' dir='ltr'><strong>esse</strong></span> 
     </span>
     <span class='ocr_line' id='line_1_21' title="bbox 436 2878 1676 2951; baseline -0.002 -16"><span class='ocrx_word' id='word_1_170' title='bbox 436 2898 518 2951; x_wconf 85' lang='lat' dir='ltr'><strong>,pure</strong></span> <span class='ocrx_word' id='word_1_171' title='bbox 536 2880 708 2946; x_wconf 82' lang='lat' dir='ltr'><strong>humanam“,</strong></span> <span class='ocrx_word' id='word_1_172' title='bbox 727 2882 744 2934; x_wconf 92' lang='lat' dir='ltr'><strong>i.</strong></span> <span class='ocrx_word' id='word_1_173' title='bbox 765 2899 788 2935; x_wconf 88' lang='lat' dir='ltr'><strong>e.</strong></span> <span class='ocrx_word' id='word_1_174' title='bbox 807 2881 900 2945; x_wconf 90' lang='lat' dir='ltr'><strong>talem,</strong></span> <span class='ocrx_word' id='word_1_175' title='bbox 919 2897 990 2949; x_wconf 86' lang='lat' dir='ltr'><strong>quae</strong></span> <span class='ocrx_word' id='word_1_176' title='bbox 1016 2898 1119 2949; x_wconf 87' lang='lat' dir='ltr'><strong>,neque</strong></span> <span class='ocrx_word' id='word_1_177' title='bbox 1138 2897 1154 2935; x_wconf 90' lang='lat' dir='ltr'><strong>a</strong></span> <span class='ocrx_word' id='word_1_178' title='bbox 1172 2878 1230 2934; x_wconf 93' lang='lat' dir='ltr'><strong>Deo</strong></span> <span class='ocrx_word' id='word_1_179' title='bbox 1249 2897 1328 2933; x_wconf 90' lang='lat' dir='ltr'><strong>suum</strong></span> <span class='ocrx_word' id='word_1_180' title='bbox 1347 2880 1509 2950; x_wconf 89' lang='lat' dir='ltr'><strong>principium</strong></span> <span class='ocrx_word' id='word_1_181' title='bbox 1528 2884 1617 2935; x_wconf 86' lang='lat' dir='ltr'><strong>sumat</strong></span> <span class='ocrx_word' id='word_1_182' title='bbox 1633 2899 1676 2933; x_wconf 86' lang='lat' dir='ltr'><strong>no-</strong></span> 
     </span>
     <span class='ocr_line' id='line_1_22' title="bbox 434 2968 1675 3039; baseline -0.001 -16"><span class='ocrx_word' id='word_1_183' title='bbox 434 2988 486 3039; x_wconf 87' lang='lat' dir='ltr'><strong>que</strong></span> <span class='ocrx_word' id='word_1_184' title='bbox 505 2969 567 3023; x_wconf 90' lang='lat' dir='ltr'><strong>inde</strong></span> <span class='ocrx_word' id='word_1_185' title='bbox 586 2969 753 3023; x_wconf 85' lang='lat' dir='ltr'><strong>sanctionem</strong></span> <span class='ocrx_word' id='word_1_186' title='bbox 772 2969 899 3023; x_wconf 72' lang='lat' dir='ltr'><strong>habeat‘.</strong></span> <span class='ocrx_word' id='word_1_187' title='bbox 925 2968 1057 3022; x_wconf 87' lang='lat' dir='ltr'><strong>Homines</strong></span> <span class='ocrx_word' id='word_1_188' title='bbox 1076 2968 1176 3039; x_wconf 88' lang='lat' dir='ltr'><strong>qnippe</strong></span> <span class='ocrx_word' id='word_1_189' title='bbox 1195 2970 1222 3021; x_wconf 92' lang='lat' dir='ltr'><strong>in</strong></span> <span class='ocrx_word' id='word_1_190' title='bbox 1242 2968 1372 3023; x_wconf 88' lang='lat' dir='ltr'><strong>societate</strong></span> <span class='ocrx_word' id='word_1_191' title='bbox 1390 2968 1518 3023; x_wconf 82' lang='lat' dir='ltr'><strong>virentes</strong></span> <span class='ocrx_word' id='word_1_192' title='bbox 1537 2969 1615 3037; x_wconf 82' lang='lat' dir='ltr'><strong>longa</strong></span> <span class='ocrx_word' id='word_1_193' title='bbox 1632 2987 1675 3022; x_wconf 79' lang='lat' dir='ltr'><strong>ex-</strong></span> 
     </span>
     <span class='ocr_line' id='line_1_23' title="bbox 433 3045 1674 3130; baseline -0.002 -19"><span class='ocrx_word' id='word_1_194' title='bbox 433 3045 567 3130; x_wconf 83' lang='lat' dir='ltr'><strong>perientia</strong></span> <span class='ocrx_word' id='word_1_195' title='bbox 589 3057 758 3112; x_wconf 85' lang='lat' dir='ltr'><strong>intellexisse</strong></span> <span class='ocrx_word' id='word_1_196' title='bbox 783 3057 942 3112; x_wconf 86' lang='lat' dir='ltr'><strong>societatem</strong></span> <span class='ocrx_word' id='word_1_197' title='bbox 968 3057 1072 3111; x_wconf 89' lang='lat' dir='ltr'><strong>nullam</strong></span> <span class='ocrx_word' id='word_1_198' title='bbox 1098 3058 1252 3128; x_wconf 87' lang='lat' dir='ltr'><strong>possibilem</strong></span> <span class='ocrx_word' id='word_1_199' title='bbox 1278 3058 1351 3123; x_wconf 82' lang='lat' dir='ltr'><strong>fore,</strong></span> <span class='ocrx_word' id='word_1_200' title='bbox 1376 3057 1429 3111; x_wconf 88' lang='lat' dir='ltr'><strong>nisi</strong></span> <span class='ocrx_word' id='word_1_201' title='bbox 1450 3058 1623 3111; x_wconf 85' lang='lat' dir='ltr'><strong>convenirent</strong></span> <span class='ocrx_word' id='word_1_202' title='bbox 1644 3057 1674 3110; x_wconf 89' lang='lat' dir='ltr'><strong>de</strong></span> 
     </span>
     <span class='ocr_line' id='line_1_24' title="bbox 434 3146 1672 3216; baseline -0.002 -16"><span class='ocrx_word' id='word_1_203' title='bbox 434 3146 596 3215; x_wconf 90' lang='lat' dir='ltr'><strong>quibusdam</strong></span> <span class='ocrx_word' id='word_1_204' title='bbox 613 3147 724 3214; x_wconf 78' lang='lat' dir='ltr'><strong>regulis,</strong></span> <span class='ocrx_word' id='word_1_205' title='bbox 745 3163 814 3215; x_wconf 87' lang='lat' dir='ltr'><strong>quas</strong></span> <span class='ocrx_word' id='word_1_206' title='bbox 836 3163 930 3200; x_wconf 84' lang='lat' dir='ltr'><strong>omnes</strong></span> <span class='ocrx_word' id='word_1_207' title='bbox 943 3162 1010 3213; x_wconf 84' lang='lat' dir='ltr'><strong>erga</strong></span> <span class='ocrx_word' id='word_1_208' title='bbox 1023 3146 1140 3199; x_wconf 82' lang='lat' dir='ltr'><strong>invicem</strong></span> <span class='ocrx_word' id='word_1_209' title='bbox 1160 3146 1345 3200; x_wconf 87' lang='lat' dir='ltr'><strong>observarent.</strong></span> <span class='ocrx_word' id='word_1_210' title='bbox 1373 3146 1463 3214; x_wconf 83' lang='lat' dir='ltr'><strong>Atque</strong></span> <span class='ocrx_word' id='word_1_211' title='bbox 1483 3146 1522 3200; x_wconf 89' lang='lat' dir='ltr'><strong>ita</strong></span> <span class='ocrx_word' id='word_1_212' title='bbox 1540 3146 1672 3216; x_wconf 86' lang='lat' dir='ltr'><strong>paulatim,</strong></span> 
     </span>
     <span class='ocr_line' id='line_1_25' title="bbox 435 3234 1673 3306; baseline -0.002 -17"><span class='ocrx_word' id='word_1_213' title='bbox 435 3243 496 3306; x_wconf 91' lang='lat' dir='ltr'><strong>post</strong></span> <span class='ocrx_word' id='word_1_214' title='bbox 516 3236 597 3303; x_wconf 85' lang='lat' dir='ltr'><strong>longa</strong></span> <span class='ocrx_word' id='word_1_215' title='bbox 615 3235 766 3290; x_wconf 84' lang='lat' dir='ltr'><strong>tentamina</strong></span> <span class='ocrx_word' id='word_1_216' title='bbox 787 3235 859 3306; x_wconf 74' lang='lat' dir='ltr'><strong>(jour</strong></span> <span class='ocrx_word' id='word_1_217' title='bbox 877 3238 893 3289; x_wconf 84' lang='lat' dir='ltr'><strong>&#39;a</strong></span> <span class='ocrx_word' id='word_1_218' title='bbox 909 3237 986 3305; x_wconf 89' lang='lat' dir='ltr'><strong>jour,</strong></span> <span class='ocrx_word' id='word_1_219' title='bbox 1012 3238 1091 3305; x_wconf 75' lang='lat' dir='ltr'><strong>apres</strong></span> <span class='ocrx_word' id='word_1_220' title='bbox 1111 3234 1143 3288; x_wconf 89' lang='lat' dir='ltr'><strong>de</strong></span> <span class='ocrx_word' id='word_1_221' title='bbox 1162 3235 1241 3303; x_wconf 80' lang='lat' dir='ltr'><strong>longs</strong></span> <span class='ocrx_word' id='word_1_222' title='bbox 1258 3235 1472 3299; x_wconf 83' lang='lat' dir='ltr'><strong>tttonnements)</strong></span> <span class='ocrx_word' id='word_1_223' title='bbox 1493 3235 1618 3289; x_wconf 86' lang='lat' dir='ltr'><strong>eiusmodi</strong></span> <span class='ocrx_word' id='word_1_224' title='bbox 1637 3252 1673 3287; x_wconf 82' lang='lat' dir='ltr'><strong>re</strong></span> 
     </span>
     <span class='ocr_line' id='line_1_26' title="bbox 434 3322 1670 3393; baseline -0.004 -15"><span class='ocrx_word' id='word_1_225' title='bbox 434 3326 514 3393; x_wconf 77' lang='lat' dir='ltr'><strong>gulae</strong></span> <span class='ocrx_word' id='word_1_226' title='bbox 539 3326 574 3378; x_wconf 89' lang='lat' dir='ltr'><strong>ad</strong></span> <span class='ocrx_word' id='word_1_227' title='bbox 597 3328 688 3378; x_wconf 88' lang='lat' dir='ltr'><strong>certas</strong></span> <span class='ocrx_word' id='word_1_228' title='bbox 712 3324 815 3377; x_wconf 85' lang='lat' dir='ltr'><strong>formas</strong></span> <span class='ocrx_word' id='word_1_229' title='bbox 840 3324 967 3377; x_wconf 90' lang='lat' dir='ltr'><strong>redactas</strong></span> <span class='ocrx_word' id='word_1_230' title='bbox 993 3338 1068 3387; x_wconf 90' lang='lat' dir='ltr'><strong>esse,</strong></span> <span class='ocrx_word' id='word_1_231' title='bbox 1096 3322 1291 3391; x_wconf 87' lang='lat' dir='ltr'><strong>praeeuntibus</strong></span> <span class='ocrx_word' id='word_1_232' title='bbox 1315 3322 1469 3377; x_wconf 90' lang='lat' dir='ltr'><strong>hominibus</strong></span> <span class='ocrx_word' id='word_1_233' title='bbox 1494 3323 1598 3391; x_wconf 82' lang='lat' dir='ltr'><strong>ingenio</strong></span> <span class='ocrx_word' id='word_1_234' title='bbox 1621 3322 1670 3393; x_wconf 90' lang='lat' dir='ltr'><strong>pol-</strong></span> 
     </span>
     <span class='ocr_line' id='line_1_27' title="bbox 434 3410 1671 3481; baseline -0.004 -14"><span class='ocrx_word' id='word_1_235' title='bbox 434 3414 561 3467; x_wconf 86' lang='lat' dir='ltr'><strong>lentibus.</strong></span> <span class='ocrx_word' id='word_1_236' title='bbox 598 3413 702 3467; x_wconf 90' lang='lat' dir='ltr'><strong>Deinde</strong></span> <span class='ocrx_word' id='word_1_237' title='bbox 727 3412 834 3467; x_wconf 88' lang='lat' dir='ltr'><strong>suhdit:</strong></span> <span class='ocrx_word' id='word_1_238' title='bbox 864 3412 931 3478; x_wconf 80' lang='lat' dir='ltr'><strong>,Ces</strong></span> <span class='ocrx_word' id='word_1_239' title='bbox 956 3412 1008 3465; x_wconf 88' lang='lat' dir='ltr'><strong>lois</strong></span> <span class='ocrx_word' id='word_1_240' title='bbox 1028 3414 1089 3475; x_wconf 90' lang='lat' dir='ltr'><strong>ont,</strong></span> <span class='ocrx_word' id='word_1_241' title='bbox 1116 3416 1196 3479; x_wconf 78' lang='lat' dir='ltr'><strong>grace</strong></span> <span class='ocrx_word' id='word_1_242' title='bbox 1216 3413 1232 3465; x_wconf 81' lang='lat' dir='ltr'><strong>t</strong></span> <span class='ocrx_word' id='word_1_243' title='bbox 1250 3428 1303 3465; x_wconf 90' lang='lat' dir='ltr'><strong>nne</strong></span> <span class='ocrx_word' id='word_1_244' title='bbox 1322 3411 1421 3479; x_wconf 85' lang='lat' dir='ltr'><strong>longua</strong></span> <span class='ocrx_word' id='word_1_245' title='bbox 1440 3410 1574 3471; x_wconf 76' lang='lat' dir='ltr'><strong>heredita.</strong></span> <span class='ocrx_word' id='word_1_246' title='bbox 1599 3413 1671 3481; x_wconf 73' lang='lat' dir='ltr'><strong>passe</strong></span> 
     </span>
     <span class='ocr_line' id='line_1_28' title="bbox 434 3497 1670 3570; baseline -0.004 -16"><span class='ocrx_word' id='word_1_247' title='bbox 434 3518 467 3554; x_wconf 92' lang='lat' dir='ltr'><strong>en</strong></span> <span class='ocrx_word' id='word_1_248' title='bbox 494 3500 610 3570; x_wconf 91' lang='lat' dir='ltr'><strong>quelque</strong></span> <span class='ocrx_word' id='word_1_249' title='bbox 636 3504 710 3555; x_wconf 89' lang='lat' dir='ltr'><strong>sorte</strong></span> <span class='ocrx_word' id='word_1_250' title='bbox 729 3500 797 3554; x_wconf 89' lang='lat' dir='ltr'><strong>dans</strong></span> <span class='ocrx_word' id='word_1_251' title='bbox 816 3500 842 3553; x_wconf 92' lang='lat' dir='ltr'><strong>le</strong></span> <span class='ocrx_word' id='word_1_252' title='bbox 861 3516 944 3566; x_wconf 79' lang='lat' dir='ltr'><strong>sang:</strong></span> <span class='ocrx_word' id='word_1_253' title='bbox 973 3501 1053 3568; x_wconf 75' lang='lat' dir='ltr'><strong>apres</strong></span> <span class='ocrx_word' id='word_1_254' title='bbox 1072 3497 1153 3551; x_wconf 74' lang='lat' dir='ltr'><strong>s&#39;etre</strong></span> <span class='ocrx_word' id='word_1_255' title='bbox 1173 3498 1306 3567; x_wconf 75' lang='lat' dir='ltr'><strong>impostos</strong></span> <span class='ocrx_word' id='word_1_256' title='bbox 1324 3501 1340 3551; x_wconf 82' lang='lat' dir='ltr'><strong>t</strong></span> <span class='ocrx_word' id='word_1_257' title='bbox 1359 3498 1386 3551; x_wconf 90' lang='lat' dir='ltr'><strong>la</strong></span> <span class='ocrx_word' id='word_1_258' title='bbox 1405 3500 1511 3565; x_wconf 88' lang='lat' dir='ltr'><strong>raison,</strong></span> <span class='ocrx_word' id='word_1_259' title='bbox 1536 3499 1599 3553; x_wconf 85' lang='lat' dir='ltr'><strong>elles</strong></span> <span class='ocrx_word' id='word_1_260' title='bbox 1614 3502 1670 3552; x_wconf 90' lang='lat' dir='ltr'><strong>sont</strong></span> 
     </span>
     <span class='ocr_line' id='line_1_29' title="bbox 435 3586 1670 3655; baseline -0.005 -12"><span class='ocrx_word' id='word_1_261' title='bbox 435 3589 573 3644; x_wconf 84' lang='lat' dir='ltr'><strong>devenues</strong></span> <span class='ocrx_word' id='word_1_262' title='bbox 587 3589 635 3643; x_wconf 89' lang='lat' dir='ltr'><strong>des</strong></span> <span class='ocrx_word' id='word_1_263' title='bbox 648 3589 816 3652; x_wconf 82' lang='lat' dir='ltr'><strong>sentimenta,</strong></span> <span class='ocrx_word' id='word_1_264' title='bbox 836 3588 884 3641; x_wconf 89' lang='lat' dir='ltr'><strong>des</strong></span> <span class='ocrx_word' id='word_1_265' title='bbox 897 3587 1039 3650; x_wconf 78' lang='lat' dir='ltr'><strong>instincts3</strong></span> <span class='ocrx_word' id='word_1_266' title='bbox 1059 3586 1126 3639; x_wconf 87' lang='lat' dir='ltr'><strong>o&#39;est</strong></span> <span class='ocrx_word' id='word_1_267' title='bbox 1139 3587 1207 3641; x_wconf 92' lang='lat' dir='ltr'><strong>ainsi</strong></span> <span class='ocrx_word' id='word_1_268' title='bbox 1221 3586 1310 3655; x_wconf 84' lang='lat' dir='ltr'><strong>qn&#39;est</strong></span> <span class='ocrx_word' id='word_1_269' title='bbox 1322 3590 1372 3640; x_wconf 77' lang='lat' dir='ltr'><strong>nte</strong></span> <span class='ocrx_word' id='word_1_270' title='bbox 1384 3586 1412 3641; x_wconf 94' lang='lat' dir='ltr'><strong>la</strong></span> <span class='ocrx_word' id='word_1_271' title='bbox 1425 3588 1592 3651; x_wconf 87' lang='lat' dir='ltr'><strong>conscience;</strong></span> <span class='ocrx_word' id='word_1_272' title='bbox 1610 3586 1670 3639; x_wconf 83' lang='lat' dir='ltr'><strong>c’est</strong></span> 
     </span>
     <span class='ocr_line' id='line_1_30' title="bbox 434 3674 1667 3745; baseline -0.006 -12"><span class='ocrx_word' id='word_1_273' title='bbox 434 3680 462 3733; x_wconf 94' lang='lat' dir='ltr'><strong>la</strong></span> <span class='ocrx_word' id='word_1_274' title='bbox 486 3678 637 3732; x_wconf 79' lang='lat' dir='ltr'><strong>resultante</strong></span> <span class='ocrx_word' id='word_1_275' title='bbox 663 3678 712 3732; x_wconf 88' lang='lat' dir='ltr'><strong>des</strong></span> <span class='ocrx_word' id='word_1_276' title='bbox 729 3682 848 3731; x_wconf 86' lang='lat' dir='ltr'><strong>traraux</strong></span> <span class='ocrx_word' id='word_1_277' title='bbox 866 3677 1014 3730; x_wconf 81' lang='lat' dir='ltr'><strong>immensas</strong></span> <span class='ocrx_word' id='word_1_278' title='bbox 1038 3675 1184 3745; x_wconf 89' lang='lat' dir='ltr'><strong>accomplis</strong></span> <span class='ocrx_word' id='word_1_279' title='bbox 1211 3676 1279 3728; x_wconf 89' lang='lat' dir='ltr'><strong>dans</strong></span> <span class='ocrx_word' id='word_1_280' title='bbox 1305 3674 1333 3729; x_wconf 90' lang='lat' dir='ltr'><strong>la</strong></span> <span class='ocrx_word' id='word_1_281' title='bbox 1351 3675 1453 3729; x_wconf 89' lang='lat' dir='ltr'><strong>morale</strong></span> <span class='ocrx_word' id='word_1_282' title='bbox 1471 3692 1522 3745; x_wconf 85' lang='lat' dir='ltr'><strong>par</strong></span> <span class='ocrx_word' id='word_1_283' title='bbox 1539 3676 1577 3729; x_wconf 91' lang='lat' dir='ltr'><strong>les</strong></span> <span class='ocrx_word' id='word_1_284' title='bbox 1594 3674 1667 3745; x_wconf 88' lang='lat' dir='ltr'><strong>philo·</strong></span> 
     </span>
     <span class='ocr_line' id='line_1_31' title="bbox 436 3766 838 3837; baseline -0.007 -15"><span class='ocrx_word' id='word_1_285' title='bbox 436 3767 536 3837; x_wconf 87' lang='lat' dir='ltr'><strong>sophee</strong></span> <span class='ocrx_word' id='word_1_286' title='bbox 554 3766 588 3820; x_wconf 90' lang='lat' dir='ltr'><strong>de</strong></span> <span class='ocrx_word' id='word_1_287' title='bbox 606 3771 668 3820; x_wconf 88' lang='lat' dir='ltr'><strong>tous</strong></span> <span class='ocrx_word' id='word_1_288' title='bbox 687 3766 728 3819; x_wconf 88' lang='lat' dir='ltr'><strong>les</strong></span> <span class='ocrx_word' id='word_1_289' title='bbox 747 3768 838 3833; x_wconf 76' lang='lat' dir='ltr'><strong>agea‘</strong></span> 
     </span>
    </p>

    <p class='ocr_par' dir='ltr' id='par_1_7' title="bbox 435 3850 1669 4629">
     <span class='ocr_line' id='line_1_32' title="bbox 525 3850 1666 3925; baseline -0.003 -17"><span class='ocrx_word' id='word_1_290' title='bbox 525 3857 535 3888; x_wconf 82' lang='lat'>²</span> <span class='ocrx_word' id='word_1_291' title='bbox 561 3855 734 3925; x_wconf 90' lang='lat' dir='ltr'><strong>Philosophie</strong></span> <span class='ocrx_word' id='word_1_292' title='bbox 760 3856 808 3909; x_wconf 88' lang='lat' dir='ltr'><strong>des</strong></span> <span class='ocrx_word' id='word_1_293' title='bbox 827 3854 1027 3908; x_wconf 83' lang='lat' dir='ltr'><strong>Unhewussten</strong></span> <span class='ocrx_word' id='word_1_294' title='bbox 1056 3853 1109 3921; x_wconf 92' lang='lat' dir='ltr'><strong>(ed.</strong></span> <span class='ocrx_word' id='word_1_295' title='bbox 1130 3852 1157 3921; x_wconf 89' lang='grc'><strong>6)</strong></span> <span class='ocrx_word' id='word_1_296' title='bbox 1185 3852 1246 3907; x_wconf 82' lang='grc'><strong>231.</strong></span> <span class='ocrx_word' id='word_1_297' title='bbox 1285 3852 1352 3906; x_wconf 89' lang='lat' dir='ltr'><strong>Post</strong></span> <span class='ocrx_word' id='word_1_298' title='bbox 1377 3850 1462 3907; x_wconf 86' lang='lat' dir='ltr'><strong>allata</strong></span> <span class='ocrx_word' id='word_1_299' title='bbox 1487 3854 1611 3921; x_wconf 87' lang='lat' dir='ltr'><strong>quaedam</strong></span> <span class='ocrx_word' id='word_1_300' title='bbox 1627 3868 1666 3905; x_wconf 87' lang='lat' dir='ltr'><strong>ax·</strong></span> 
     </span>
     <span class='ocr_line' id='line_1_33' title="bbox 436 3938 1665 4015; baseline -0.007 -17"><span class='ocrx_word' id='word_1_301' title='bbox 436 3944 539 4015; x_wconf 88' lang='lat' dir='ltr'><strong>empla,</strong></span> <span class='ocrx_word' id='word_1_302' title='bbox 565 3962 636 4013; x_wconf 90' lang='lat' dir='ltr'><strong>qnae</strong></span> <span class='ocrx_word' id='word_1_303' title='bbox 654 3945 694 3998; x_wconf 94' lang='lat' dir='ltr'><strong>nil</strong></span> <span class='ocrx_word' id='word_1_304' title='bbox 712 3944 828 4013; x_wconf 88' lang='lat' dir='ltr'><strong>probant</strong></span> <span class='ocrx_word' id='word_1_305' title='bbox 846 3943 900 3997; x_wconf 87' lang='lat' dir='ltr'><strong>nisi</strong></span> <span class='ocrx_word' id='word_1_306' title='bbox 918 3942 1126 4012; x_wconf 88' lang='lat' dir='ltr'><strong>dependentiam</strong></span> <span class='ocrx_word' id='word_1_307' title='bbox 1146 3940 1367 4011; x_wconf 89' lang='lat' dir='ltr'><strong>irnputabilitatis</strong></span> <span class='ocrx_word' id='word_1_308' title='bbox 1386 3956 1403 3994; x_wconf 92' lang='lat' dir='ltr'><strong>a</strong></span> <span class='ocrx_word' id='word_1_309' title='bbox 1422 3940 1571 3995; x_wconf 87' lang='lat' dir='ltr'><strong>subiectiva</strong></span> <span class='ocrx_word' id='word_1_310' title='bbox 1589 3938 1665 4006; x_wconf 82' lang='lat' dir='ltr'><strong>cogni·</strong></span> 
     </span>
     <span class='ocr_line' id='line_1_34' title="bbox 435 4026 1664 4102; baseline -0.007 -15"><span class='ocrx_word' id='word_1_311' title='bbox 435 4034 522 4097; x_wconf 87' lang='lat' dir='ltr'><strong>tione,</strong></span> <span class='ocrx_word' id='word_1_312' title='bbox 548 4032 699 4087; x_wconf 88' lang='lat' dir='ltr'><strong>concludit:</strong></span> <span class='ocrx_word' id='word_1_313' title='bbox 728 4031 824 4099; x_wconf 89' lang='lat' dir='ltr'><strong>,Diese</strong></span> <span class='ocrx_word' id='word_1_314' title='bbox 844 4031 979 4102; x_wconf 89' lang='lat' dir='ltr'><strong>Beispiele</strong></span> <span class='ocrx_word' id='word_1_315' title='bbox 998 4038 1095 4097; x_wconf 79' lang='lat' dir='ltr'><strong>mbgen</strong></span> <span class='ocrx_word' id='word_1_316' title='bbox 1115 4047 1176 4083; x_wconf 83' lang='lat' dir='ltr'><strong>aum</strong></span> <span class='ocrx_word' id='word_1_317' title='bbox 1195 4029 1318 4083; x_wconf 80' lang='lat' dir='ltr'><strong>Berreise</strong></span> <span class='ocrx_word' id='word_1_318' title='bbox 1337 4036 1477 4097; x_wconf 80' lang='lat' dir='ltr'><strong>gentlgen,</strong></span> <span class='ocrx_word' id='word_1_319' title='bbox 1497 4030 1558 4084; x_wconf 86' lang='lat' dir='ltr'><strong>dass</strong></span> <span class='ocrx_word' id='word_1_320' title='bbox 1575 4026 1664 4083; x_wconf 87' lang='lat' dir='ltr'><strong>sittlich</strong></span> 
     </span>
     <span class='ocr_line' id='line_1_35' title="bbox 435 4114 1665 4186; baseline -0.009 -11"><span class='ocrx_word' id='word_1_321' title='bbox 435 4122 490 4175; x_wconf 90' lang='lat' dir='ltr'><strong>und</strong></span> <span class='ocrx_word' id='word_1_322' title='bbox 516 4120 659 4175; x_wconf 88' lang='lat' dir='ltr'><strong>unsittlich</strong></span> <span class='ocrx_word' id='word_1_323' title='bbox 678 4120 755 4173; x_wconf 91' lang='lat' dir='ltr'><strong>nicht</strong></span> <span class='ocrx_word' id='word_1_324' title='bbox 774 4120 988 4186; x_wconf 81' lang='lat' dir='ltr'><strong>Eigensohaften</strong></span> <span class='ocrx_word' id='word_1_325' title='bbox 1007 4118 1055 4171; x_wconf 87' lang='lat' dir='ltr'><strong>der</strong></span> <span class='ocrx_word' id='word_1_326' title='bbox 1074 4118 1176 4171; x_wconf 88' lang='lat' dir='ltr'><strong>Wesen</strong></span> <span class='ocrx_word' id='word_1_327' title='bbox 1196 4118 1260 4170; x_wconf 89' lang='lat' dir='ltr'><strong>oder</strong></span> <span class='ocrx_word' id='word_1_328' title='bbox 1279 4116 1353 4171; x_wconf 89' lang='lat' dir='ltr'><strong>ihrer</strong></span> <span class='ocrx_word' id='word_1_329' title='bbox 1372 4116 1551 4186; x_wconf 82' lang='lat' dir='ltr'><strong>Handlungen</strong></span> <span class='ocrx_word' id='word_1_330' title='bbox 1569 4134 1598 4169; x_wconf 89' lang='lat' dir='ltr'><strong>an</strong></span> <span class='ocrx_word' id='word_1_331' title='bbox 1615 4114 1665 4168; x_wconf 85' lang='lat' dir='ltr'><strong>sich</strong></span> 
     </span>
     <span class='ocr_line' id='line_1_36' title="bbox 435 4200 1665 4270; baseline -0.008 -7"><span class='ocrx_word' id='word_1_332' title='bbox 435 4210 511 4270; x_wconf 82' lang='lat' dir='ltr'><strong>sind,</strong></span> <span class='ocrx_word' id='word_1_333' title='bbox 537 4210 653 4263; x_wconf 90' lang='lat' dir='ltr'><strong>sondern</strong></span> <span class='ocrx_word' id='word_1_334' title='bbox 678 4226 730 4262; x_wconf 90' lang='lat' dir='ltr'><strong>nur</strong></span> <span class='ocrx_word' id='word_1_335' title='bbox 748 4211 846 4263; x_wconf 67' lang='lat' dir='ltr'><strong>tlateile</strong></span> <span class='ocrx_word' id='word_1_336' title='bbox 870 4209 937 4261; x_wconf 81' lang='lat' dir='ltr'><strong>tiber</strong></span> <span class='ocrx_word' id='word_1_337' title='bbox 956 4205 1094 4261; x_wconf 84' lang='lat' dir='ltr'><strong>disselben</strong></span> <span class='ocrx_word' id='word_1_338' title='bbox 1114 4224 1167 4259; x_wconf 84' lang='lat' dir='ltr'><strong>von</strong></span> <span class='ocrx_word' id='word_1_339' title='bbox 1194 4207 1281 4259; x_wconf 90' lang='lat' dir='ltr'><strong>einern</strong></span> <span class='ocrx_word' id='word_1_340' title='bbox 1301 4210 1358 4260; x_wconf 83' lang='lat' dir='ltr'><strong>eret</strong></span> <span class='ocrx_word' id='word_1_341' title='bbox 1377 4200 1463 4261; x_wconf 89' lang='lat' dir='ltr'><strong>durch</strong></span> <span class='ocrx_word' id='word_1_342' title='bbox 1482 4208 1530 4260; x_wconf 90' lang='lat' dir='ltr'><strong>das</strong></span> <span class='ocrx_word' id='word_1_343' title='bbox 1547 4206 1665 4260; x_wconf 75' lang='lat' dir='ltr'><strong>bennest-</strong></span> 
     </span>
     <span class='ocr_line' id='line_1_37' title="bbox 436 4288 1666 4366; baseline -0.01 -13"><span class='ocrx_word' id='word_1_344' title='bbox 436 4300 494 4353; x_wconf 90' lang='lat' dir='ltr'><strong>sein</strong></span> <span class='ocrx_word' id='word_1_345' title='bbox 520 4298 711 4366; x_wconf 79' lang='lat' dir='ltr'><strong>geschaffenan</strong></span> <span class='ocrx_word' id='word_1_346' title='bbox 730 4296 921 4366; x_wconf 88' lang='lat' dir='ltr'><strong>Standpunkte</strong></span> <span class='ocrx_word' id='word_1_347' title='bbox 947 4312 1011 4360; x_wconf 85' lang='lat' dir='ltr'><strong>aus,</strong></span> <span class='ocrx_word' id='word_1_348' title='bbox 1039 4297 1224 4363; x_wconf 73' lang='lat' dir='ltr'><strong>Beaiehuapen</strong></span> <span class='ocrx_word' id='word_1_349' title='bbox 1250 4294 1386 4349; x_wconf 76' lang='lat' dir='ltr'><strong>awisohen</strong></span> <span class='ocrx_word' id='word_1_350' title='bbox 1408 4295 1492 4365; x_wconf 86' lang='lat' dir='ltr'><strong>jenen</strong></span> <span class='ocrx_word' id='word_1_351' title='bbox 1510 4294 1603 4349; x_wconf 87' lang='lat' dir='ltr'><strong>Wesen</strong></span> <span class='ocrx_word' id='word_1_352' title='bbox 1619 4288 1666 4345; x_wconf 90' lang='lat' dir='ltr'><strong>und</strong></span> 
     </span>
     <span class='ocr_line' id='line_1_38' title="bbox 436 4378 1665 4453; baseline -0.011 -11"><span class='ocrx_word' id='word_1_353' title='bbox 436 4390 513 4443; x_wconf 90' lang='lat' dir='ltr'><strong>ihren</strong></span> <span class='ocrx_word' id='word_1_354' title='bbox 532 4387 715 4453; x_wconf 78' lang='lat' dir='ltr'><strong>Handluugen</strong></span> <span class='ocrx_word' id='word_1_355' title='bbox 741 4384 791 4438; x_wconf 82' lang='lat' dir='ltr'><strong>auf</strong></span> <span class='ocrx_word' id='word_1_356' title='bbox 814 4384 862 4438; x_wconf 88' lang='lat' dir='ltr'><strong>der</strong></span> <span class='ocrx_word' id='word_1_357' title='bbox 888 4385 965 4437; x_wconf 92' lang='lat' dir='ltr'><strong>einen</strong></span> <span class='ocrx_word' id='word_1_358' title='bbox 993 4383 1046 4437; x_wconf 91' lang='lat' dir='ltr'><strong>und</strong></span> <span class='ocrx_word' id='word_1_359' title='bbox 1074 4382 1176 4437; x_wconf 88' lang='lat' dir='ltr'><strong>diesem</strong></span> <span class='ocrx_word' id='word_1_360' title='bbox 1195 4382 1386 4452; x_wconf 85' lang='lat' dir='ltr'><strong>Standpunlrte</strong></span> <span class='ocrx_word' id='word_1_361' title='bbox 1405 4383 1480 4437; x_wconf 85' lang='lat' dir='ltr'><strong>einer</strong></span> <span class='ocrx_word' id='word_1_362' title='bbox 1498 4382 1607 4437; x_wconf 80' lang='lat' dir='ltr'><strong>htheren</strong></span> <span class='ocrx_word' id='word_1_363' title='bbox 1623 4378 1665 4431; x_wconf 87' lang='lat' dir='ltr'><strong>Be·</strong></span> 
     </span>
     <span class='ocr_line' id='line_1_39' title="bbox 436 4470 1669 4536; baseline -0.007 -6"><span class='ocrx_word' id='word_1_364' title='bbox 436 4474 672 4530; x_wconf 84' lang='lat' dir='ltr'><strong>wusstseinsstufe</strong></span> <span class='ocrx_word' id='word_1_365' title='bbox 691 4474 741 4528; x_wconf 86' lang='lat' dir='ltr'><strong>auf</strong></span> <span class='ocrx_word' id='word_1_366' title='bbox 757 4474 806 4528; x_wconf 92' lang='lat' dir='ltr'><strong>der</strong></span> <span class='ocrx_word' id='word_1_367' title='bbox 824 4473 925 4526; x_wconf 91' lang='lat' dir='ltr'><strong>andern</strong></span> <span class='ocrx_word' id='word_1_368' title='bbox 939 4472 1021 4536; x_wconf 83' lang='lat' dir='ltr'><strong>Seite,</strong></span> <span class='ocrx_word' id='word_1_369' title='bbox 1042 4472 1105 4526; x_wconf 89' lang='lat' dir='ltr'><strong>dass</strong></span> <span class='ocrx_word' id='word_1_370' title='bbox 1124 4472 1182 4525; x_wconf 88' lang='lat' dir='ltr'><strong>also</strong></span> <span class='ocrx_word' id='word_1_371' title='bbox 1195 4470 1238 4524; x_wconf 90' lang='lat' dir='ltr'><strong>die</strong></span> <span class='ocrx_word' id='word_1_372' title='bbox 1252 4470 1347 4535; x_wconf 89' lang='lat' dir='ltr'><strong>Natur,</strong></span> <span class='ocrx_word' id='word_1_373' title='bbox 1367 4472 1464 4525; x_wconf 83' lang='lat' dir='ltr'><strong>soweit</strong></span> <span class='ocrx_word' id='word_1_374' title='bbox 1476 4473 1516 4526; x_wconf 88' lang='lat' dir='ltr'><strong>sie</strong></span> <span class='ocrx_word' id='word_1_375' title='bbox 1528 4470 1669 4525; x_wconf 78' lang='lat' dir='ltr'><strong>unbewusst</strong></span> 
     </span>
     <span class='ocr_line' id='line_1_40' title="bbox 437 4559 1401 4629; baseline -0.005 -11"><span class='ocrx_word' id='word_1_376' title='bbox 437 4567 481 4629; x_wconf 89' lang='lat' dir='ltr'><strong>ist,</strong></span> <span class='ocrx_word' id='word_1_377' title='bbox 501 4565 552 4617; x_wconf 88' lang='lat' dir='ltr'><strong>den</strong></span> <span class='ocrx_word' id='word_1_378' title='bbox 571 4562 753 4618; x_wconf 79' lang='lat' dir='ltr'><strong>Unterachied</strong></span> <span class='ocrx_word' id='word_1_379' title='bbox 772 4580 826 4615; x_wconf 85' lang='lat' dir='ltr'><strong>von</strong></span> <span class='ocrx_word' id='word_1_380' title='bbox 845 4561 950 4615; x_wconf 89' lang='lat' dir='ltr'><strong>sittlich</strong></span> <span class='ocrx_word' id='word_1_381' title='bbox 968 4562 1023 4614; x_wconf 86' lang='lat' dir='ltr'><strong>und</strong></span> <span class='ocrx_word' id='word_1_382' title='bbox 1042 4559 1186 4614; x_wconf 86' lang='lat' dir='ltr'><strong>unsittlich</strong></span> <span class='ocrx_word' id='word_1_383' title='bbox 1204 4561 1280 4612; x_wconf 78' lang='lat' dir='ltr'><strong>nicht</strong></span> <span class='ocrx_word' id='word_1_384' title='bbox 1297 4562 1401 4613; x_wconf 69' lang='lat' dir='ltr'><strong>terrant.¹</strong></span> 
     </span>
    </p>

    <p class='ocr_par' dir='ltr' id='par_1_8' title="bbox 438 4644 1670 5075">
     <span class='ocr_line' id='line_1_41' title="bbox 528 4644 1668 4721; baseline -0.006 -15"><span class='ocrx_word' id='word_1_385' title='bbox 528 4654 538 4685; x_wconf 83' lang='lat'>³</span> <span class='ocrx_word' id='word_1_386' title='bbox 556 4652 630 4706; x_wconf 84' lang='lat' dir='ltr'><strong>inter</strong></span> <span class='ocrx_word' id='word_1_387' title='bbox 649 4651 708 4705; x_wconf 89' lang='lat' dir='ltr'><strong>eius</strong></span> <span class='ocrx_word' id='word_1_388' title='bbox 727 4668 809 4721; x_wconf 91' lang='lat' dir='ltr'><strong>opera</strong></span> <span class='ocrx_word' id='word_1_389' title='bbox 827 4650 1003 4719; x_wconf 87' lang='lat' dir='ltr'><strong>praecipuum</strong></span> <span class='ocrx_word' id='word_1_390' title='bbox 1023 4652 1079 4702; x_wconf 88' lang='lat' dir='ltr'><strong>est:</strong></span> <span class='ocrx_word' id='word_1_391' title='bbox 1107 4648 1192 4701; x_wconf 79' lang='lat' dir='ltr'><strong>(lours</strong></span> <span class='ocrx_word' id='word_1_392' title='bbox 1211 4648 1244 4701; x_wconf 87' lang='lat' dir='ltr'><strong>de</strong></span> <span class='ocrx_word' id='word_1_393' title='bbox 1263 4648 1432 4718; x_wconf 89' lang='lat' dir='ltr'><strong>philosophie</strong></span> <span class='ocrx_word' id='word_1_394' title='bbox 1451 4649 1579 4719; x_wconf 85' lang='lat' dir='ltr'><strong>positive,</strong></span> <span class='ocrx_word' id='word_1_395' title='bbox 1600 4644 1668 4701; x_wconf 79' lang='lat' dir='ltr'><strong>Paris</strong></span> 
     </span>
     <span class='ocr_line' id='line_1_42' title="bbox 439 4736 1669 4806; baseline -0.009 -9"><span class='ocrx_word' id='word_1_396' title='bbox 439 4742 517 4797; x_wconf 83' lang='lat'>1839.</span> <span class='ocrx_word' id='word_1_397' title='bbox 530 4770 565 4780; x_wconf 95' lang='lat'><em>-</em></span> <span class='ocrx_word' id='word_1_398' title='bbox 577 4740 782 4794; x_wconf 85' lang='lat' dir='ltr'><strong>Positirisrnum</strong></span> <span class='ocrx_word' id='word_1_399' title='bbox 797 4738 882 4792; x_wconf 91' lang='lat' dir='ltr'><strong>solide</strong></span> <span class='ocrx_word' id='word_1_400' title='bbox 894 4738 998 4791; x_wconf 82' lang='lat' dir='ltr'><strong>refutat</strong></span> <span class='ocrx_word' id='word_1_401' title='bbox 1017 4737 1133 4806; x_wconf 89' lang='lat' dir='ltr'><strong>scriptor</strong></span> <span class='ocrx_word' id='word_1_402' title='bbox 1146 4736 1244 4804; x_wconf 83' lang='lat' dir='ltr'><strong>anglus</strong></span> <span class='ocrx_word' id='word_1_403' title='bbox 1257 4738 1296 4791; x_wconf 87' lang='lat' dir='ltr'><strong>W.</strong></span> <span class='ocrx_word' id='word_1_404' title='bbox 1309 4737 1426 4790; x_wconf 73' lang='lat' dir='ltr'><strong>Hurrdl</strong></span> <span class='ocrx_word' id='word_1_405' title='bbox 1438 4738 1562 4805; x_wconf 69' lang='lat' dir='ltr'><strong>Mauorte,</strong></span> <span class='ocrx_word' id='word_1_406' title='bbox 1581 4738 1669 4790; x_wconf 87' lang='lat' dir='ltr'><strong>cetero·</strong></span> 
     </span>
     <span class='ocr_line' id='line_1_43' title="bbox 439 4820 1670 4900; baseline -0.011 -17"><span class='ocrx_word' id='word_1_407' title='bbox 439 4831 503 4900; x_wconf 93' lang='lat' dir='ltr'><strong>quin</strong></span> <span class='ocrx_word' id='word_1_408' title='bbox 529 4829 714 4892; x_wconf 88' lang='lat' dir='ltr'><strong>rationalista;</strong></span> <span class='ocrx_word' id='word_1_409' title='bbox 742 4828 818 4881; x_wconf 87' lang='lat' dir='ltr'><strong>cuins</strong></span> <span class='ocrx_word' id='word_1_410' title='bbox 837 4844 905 4897; x_wconf 89' lang='lat' dir='ltr'><strong>opus</strong></span> <span class='ocrx_word' id='word_1_411' title='bbox 923 4827 952 4879; x_wconf 92' lang='lat' dir='ltr'><strong>in</strong></span> <span class='ocrx_word' id='word_1_412' title='bbox 972 4825 1091 4894; x_wconf 82' lang='lat' dir='ltr'><strong>linguam</strong></span> <span class='ocrx_word' id='word_1_413' title='bbox 1112 4824 1239 4893; x_wconf 86' lang='lat' dir='ltr'><strong>gallicam</strong></span> <span class='ocrx_word' id='word_1_414' title='bbox 1260 4825 1345 4879; x_wconf 88' lang='lat' dir='ltr'><strong>vertit</strong></span> <span class='ocrx_word' id='word_1_415' title='bbox 1363 4830 1392 4879; x_wconf 83' lang='lat' dir='ltr'><strong>st</strong></span> <span class='ocrx_word' id='word_1_416' title='bbox 1409 4842 1461 4895; x_wconf 88' lang='lat' dir='ltr'><strong>ope</strong></span> <span class='ocrx_word' id='word_1_417' title='bbox 1479 4820 1670 4880; x_wconf 86' lang='lat' dir='ltr'><strong>introductionis</strong></span> 
     </span>
     <span class='ocr_line' id='line_1_44' title="bbox 438 4908 1667 4988; baseline -0.01 -15"><span class='ocrx_word' id='word_1_418' title='bbox 438 4917 596 4974; x_wconf 87' lang='lat' dir='ltr'><strong>doctrinalis</strong></span> <span class='ocrx_word' id='word_1_419' title='bbox 606 4918 705 4988; x_wconf 88' lang='lat' dir='ltr'><strong>partim</strong></span> <span class='ocrx_word' id='word_1_420' title='bbox 719 4918 838 4971; x_wconf 81' lang='lat' dir='ltr'><strong>correxit</strong></span> <span class='ocrx_word' id='word_1_421' title='bbox 847 4917 877 4969; x_wconf 75' lang='lat' dir='ltr'><strong>Il.</strong></span> <span class='ocrx_word' id='word_1_422' title='bbox 887 4916 912 4969; x_wconf 91' lang='lat' dir='ltr'><strong>J.</strong></span> <span class='ocrx_word' id='word_1_423' title='bbox 922 4915 1025 4969; x_wconf 86' lang='lat' dir='ltr'><strong>Forbes</strong></span> <span class='ocrx_word' id='word_1_424' title='bbox 1036 4915 1062 4969; x_wconf 88' lang='lat' dir='ltr'><strong>S.</strong></span> <span class='ocrx_word' id='word_1_425' title='bbox 1074 4916 1090 4968; x_wconf 88' lang='lat' dir='ltr'>J</span> <span class='ocrx_word' id='word_1_426' title='bbox 1094 4934 1115 4969; x_wconf 89' lang='lat'><strong>.:</strong></span> <span class='ocrx_word' id='word_1_427' title='bbox 1132 4914 1185 4980; x_wconf 85' lang='lat' dir='ltr'><strong>,La</strong></span> <span class='ocrx_word' id='word_1_428' title='bbox 1196 4915 1240 4968; x_wconf 88' lang='lat' dir='ltr'><strong>vis</strong></span> <span class='ocrx_word' id='word_1_429' title='bbox 1251 4913 1382 4969; x_wconf 85' lang='lat' dir='ltr'><strong>rant-elle</strong></span> <span class='ocrx_word' id='word_1_430' title='bbox 1394 4914 1511 4984; x_wconf 87' lang='lat' dir='ltr'><strong>lapsine</strong></span> <span class='ocrx_word' id='word_1_431' title='bbox 1524 4916 1555 4968; x_wconf 90' lang='lat' dir='ltr'><strong>de</strong></span> <span class='ocrx_word' id='word_1_432' title='bbox 1564 4908 1667 4967; x_wconf 69' lang='lat' dir='ltr'><strong>vivae*</strong></span> 
     </span>
     <span class='ocr_line' id='line_1_45' title="bbox 438 4995 1645 5075; baseline -0.01 -14"><span class='ocrx_word' id='word_1_433' title='bbox 438 4995 541 5061; x_wconf 74' lang='lat' dir='ltr'><strong>Etudes</strong></span> <span class='ocrx_word' id='word_1_434' title='bbox 560 5024 607 5059; x_wconf 89' lang='lat' dir='ltr'><strong>sur</strong></span> <span class='ocrx_word' id='word_1_435' title='bbox 625 5005 652 5058; x_wconf 87' lang='lat' dir='ltr'><strong>la</strong></span> <span class='ocrx_word' id='word_1_436' title='bbox 671 5005 772 5059; x_wconf 90' lang='lat' dir='ltr'><strong>morale</strong></span> <span class='ocrx_word' id='word_1_437' title='bbox 791 5004 947 5075; x_wconf 87' lang='lat' dir='ltr'><strong>positiviste</strong></span> <span class='ocrx_word' id='word_1_438' title='bbox 966 5020 1016 5073; x_wconf 90' lang='lat' dir='ltr'><strong>par</strong></span> <span class='ocrx_word' id='word_1_439' title='bbox 1035 5004 1079 5056; x_wconf 92' lang='lat' dir='ltr'><strong>W.</strong></span> <span class='ocrx_word' id='word_1_440' title='bbox 1100 5002 1210 5057; x_wconf 86' lang='lat' dir='ltr'><strong>Horrell</strong></span> <span class='ocrx_word' id='word_1_441' title='bbox 1229 5002 1357 5068; x_wconf 87' lang='lat' dir='ltr'><strong>Malleolr,</strong></span> <span class='ocrx_word' id='word_1_442' title='bbox 1377 5003 1417 5057; x_wconf 75' lang='lat' dir='ltr'><strong>ed.</strong></span> <span class='ocrx_word' id='word_1_443' title='bbox 1438 5004 1462 5069; x_wconf 83' lang='lat'><strong>2,</strong></span> <span class='ocrx_word' id='word_1_444' title='bbox 1483 4998 1645 5057; x_wconf 80' lang='lat' dir='ltr'><strong>Paris1882.</strong></span> 
     </span>
    </p>
   </div>
   <div class='ocr_carea' id='block_1_4' title="bbox 0 0 1968 5842">
    <p class='ocr_par' dir='ltr' id='par_1_9' title="bbox 0 0 1968 5842">
     <span class='ocr_line' id='line_1_46' title="bbox 0 0 1968 5842; baseline 0 0"><span class='ocrx_word' id='word_1_445' title='bbox 0 0 1968 5842; x_wconf 95' lang='lat' dir='ltr'><strong> </strong></span> 
     </span>
    </p>
   </div>
  </div>
 </body>
</html>
