<?xml version="1.0" encoding="UTF-8"?>
<!DOCTYPE html PUBLIC "-//W3C//DTD XHTML 1.0 Transitional//EN"
    "http://www.w3.org/TR/xhtml1/DTD/xhtml1-transitional.dtd">
<html xmlns="http://www.w3.org/1999/xhtml" xml:lang="en" lang="en">
 <head>
  <title>
</title>
<meta http-equiv="Content-Type" content="text/html;charset=utf-8" />
  <meta name='ocr-system' content='tesseract 3.04.00' />
  <meta name='ocr-capabilities' content='ocr_page ocr_carea ocr_par ocr_line ocrx_word'/>
</head>
<body>
  <div class='ocr_page' id='page_1' title='image "./institutionesiu00meyegoog_0208.png"; bbox 0 0 3909 5842; ppageno 0'>
   <div class='ocr_carea' id='block_1_1' title="bbox 414 669 1423 743">
    <p class='ocr_par' dir='ltr' id='par_1_1' title="bbox 414 669 1423 743">
     <span class='ocr_line' id='line_1_1' title="bbox 414 669 1423 743; baseline -0.002 -17"><span class='ocrx_word' id='word_1_1' title='bbox 414 673 476 738; x_wconf 82' lang='lat'>156</span> <span class='ocrx_word' id='word_1_2' title='bbox 642 669 730 724; x_wconf 86' lang='lat' dir='ltr'>Sectio</span> <span class='ocrx_word' id='word_1_3' title='bbox 750 669 770 722; x_wconf 92' lang='lat' dir='ltr'>l.</span> <span class='ocrx_word' id='word_1_4' title='bbox 807 669 887 724; x_wconf 86' lang='lat' dir='ltr'>Liber</span> <span class='ocrx_word' id='word_1_5' title='bbox 906 671 939 725; x_wconf 89' lang='lat'>11.</span> <span class='ocrx_word' id='word_1_6' title='bbox 977 671 1066 743; x_wconf 80' lang='lat' dir='ltr'>Caput</span> <span class='ocrx_word' id='word_1_7' title='bbox 1084 673 1105 727; x_wconf 93' lang='lat' dir='ltr'>l.</span> <span class='ocrx_word' id='word_1_8' title='bbox 1142 671 1282 726; x_wconf 71' lang='lat' dir='ltr'>Articulm</span> <span class='ocrx_word' id='word_1_9' title='bbox 1302 671 1326 725; x_wconf 94' lang='lat'>1.</span> <span class='ocrx_word' id='word_1_10' title='bbox 1363 669 1423 738; x_wconf 67' lang='grc'>53.</span> 
     </span>
    </p>
   </div>
   <div class='ocr_carea' id='block_1_2' title="bbox 404 844 1666 4376">
    <p class='ocr_par' dir='ltr' id='par_1_2' title="bbox 404 844 1666 4376">
     <span class='ocr_line' id='line_1_2' title="bbox 409 844 1666 933; baseline 0.003 -22"><span class='ocrx_word' id='word_1_11' title='bbox 409 846 512 929; x_wconf 90' lang='lat' dir='ltr'>igitur</span> <span class='ocrx_word' id='word_1_12' title='bbox 534 850 708 931; x_wconf 87' lang='lat' dir='ltr'>praeterea</span> <span class='ocrx_word' id='word_1_13' title='bbox 731 850 870 912; x_wconf 84' lang='lat' dir='ltr'>sensus?</span> <span class='ocrx_word' id='word_1_14' title='bbox 893 851 928 913; x_wconf 92' lang='lat' dir='ltr'>et</span> <span class='ocrx_word' id='word_1_15' title='bbox 951 849 1037 914; x_wconf 91' lang='lat' dir='ltr'>unde</span> <span class='ocrx_word' id='word_1_16' title='bbox 1060 849 1174 914; x_wconf 90' lang='lat' dir='ltr'>veniat</span> <span class='ocrx_word' id='word_1_17' title='bbox 1196 845 1306 912; x_wconf 88' lang='lat' dir='ltr'>sensui</span> <span class='ocrx_word' id='word_1_18' title='bbox 1330 846 1383 911; x_wconf 89' lang='lat' dir='ltr'>vel</span> <span class='ocrx_word' id='word_1_19' title='bbox 1406 844 1579 915; x_wconf 86' lang='lat' dir='ltr'>instinctui</span> <span class='ocrx_word' id='word_1_20' title='bbox 1602 871 1666 933; x_wconf 86' lang='lat' dir='ltr'>per</span> 
     </span>
     <span class='ocr_line' id='line_1_3' title="bbox 411 951 1665 1038; baseline 0.003 -20"><span class='ocrx_word' id='word_1_21' title='bbox 411 973 447 1018; x_wconf 91' lang='lat' dir='ltr'>se</span> <span class='ocrx_word' id='word_1_22' title='bbox 478 973 575 1020; x_wconf 91' lang='lat' dir='ltr'>caeco</span> <span class='ocrx_word' id='word_1_23' title='bbox 606 951 736 1037; x_wconf 89' lang='lat' dir='ltr'>(utpote</span> <span class='ocrx_word' id='word_1_24' title='bbox 761 953 802 1018; x_wconf 91' lang='lat' dir='ltr'>ab</span> <span class='ocrx_word' id='word_1_25' title='bbox 826 952 1056 1038; x_wconf 77' lang='lat' dir='ltr'>intellegentia</span> <span class='ocrx_word' id='word_1_26' title='bbox 1078 953 1247 1037; x_wconf 89' lang='lat' dir='ltr'>distincto)</span> <span class='ocrx_word' id='word_1_27' title='bbox 1270 953 1352 1018; x_wconf 85' lang='lat' dir='ltr'>haec</span> <span class='ocrx_word' id='word_1_28' title='bbox 1374 952 1520 1036; x_wconf 85' lang='lat' dir='ltr'>dignitas</span> <span class='ocrx_word' id='word_1_29' title='bbox 1543 961 1581 1022; x_wconf 90' lang='lat' dir='ltr'>et</span> <span class='ocrx_word' id='word_1_30' title='bbox 1602 977 1665 1021; x_wconf 87' lang='lat' dir='ltr'>ex·</span> 
     </span>
     <span class='ocr_line' id='line_1_4' title="bbox 411 1059 1662 1145; baseline 0.004 -21"><span class='ocrx_word' id='word_1_31' title='bbox 411 1059 574 1137; x_wconf 82' lang='lat' dir='ltr'>callentis,</span> <span class='ocrx_word' id='word_1_32' title='bbox 598 1061 691 1126; x_wconf 91' lang='lat' dir='ltr'>utin</span> <span class='ocrx_word' id='word_1_33' title='bbox 714 1059 787 1144; x_wconf 86' lang='lat' dir='ltr'>ipsa</span> <span class='ocrx_word' id='word_1_34' title='bbox 810 1067 932 1128; x_wconf 88' lang='lat' dir='ltr'>natura</span> <span class='ocrx_word' id='word_1_35' title='bbox 954 1063 1109 1129; x_wconf 76' lang='lat' dir='ltr'><strong>rationali</strong></span> <span class='ocrx_word' id='word_1_36' title='bbox 1132 1063 1166 1128; x_wconf 92' lang='lat' dir='ltr'>in</span> <span class='ocrx_word' id='word_1_37' title='bbox 1188 1061 1303 1127; x_wconf 84' lang='lat' dir='ltr'>ordine</span> <span class='ocrx_word' id='word_1_38' title='bbox 1324 1061 1550 1144; x_wconf 89' lang='lat' dir='ltr'>potentiarum</span> <span class='ocrx_word' id='word_1_39' title='bbox 1564 1065 1662 1145; x_wconf 84' lang='lat' dir='ltr'>quasi</span> 
     </span>
     <span class='ocr_line' id='line_1_5' title="bbox 409 1164 1662 1250; baseline 0.005 -20"><span class='ocrx_word' id='word_1_40' title='bbox 409 1164 586 1248; x_wconf 91' lang='lat' dir='ltr'>primatum</span> <span class='ocrx_word' id='word_1_41' title='bbox 609 1169 716 1249; x_wconf 89' lang='lat' dir='ltr'>gerat,</span> <span class='ocrx_word' id='word_1_42' title='bbox 740 1166 881 1250; x_wconf 87' lang='lat' dir='ltr'>fungens</span> <span class='ocrx_word' id='word_1_43' title='bbox 905 1168 1013 1234; x_wconf 82' lang='lat' dir='ltr'>officio</span> <span class='ocrx_word' id='word_1_44' title='bbox 1033 1173 1173 1236; x_wconf 89' lang='lat' dir='ltr'>naturae</span> <span class='ocrx_word' id='word_1_45' title='bbox 1188 1165 1360 1234; x_wconf 87' lang='lat' dir='ltr'>rationalis</span> <span class='ocrx_word' id='word_1_46' title='bbox 1375 1187 1529 1250; x_wconf 86' lang='lat' dir='ltr'>supremo</span> <span class='ocrx_word' id='word_1_47' title='bbox 1545 1190 1586 1235; x_wconf 90' lang='lat' dir='ltr'>ac</span> <span class='ocrx_word' id='word_1_48' title='bbox 1601 1191 1662 1236; x_wconf 92' lang='lat' dir='ltr'>no-</span> 
     </span>
     <span class='ocr_line' id='line_1_6' title="bbox 409 1270 1663 1358; baseline 0.005 -22"><span class='ocrx_word' id='word_1_49' title='bbox 409 1270 576 1350; x_wconf 84' lang='lat' dir='ltr'>bilissimo,</span> <span class='ocrx_word' id='word_1_50' title='bbox 594 1273 690 1355; x_wconf 85' lang='lat' dir='ltr'>quale</span> <span class='ocrx_word' id='word_1_51' title='bbox 706 1277 758 1340; x_wconf 87' lang='lat' dir='ltr'>est</span> <span class='ocrx_word' id='word_1_52' title='bbox 773 1275 929 1340; x_wconf 82' lang='lat' dir='ltr'>moralem</span> <span class='ocrx_word' id='word_1_53' title='bbox 948 1274 1161 1342; x_wconf 89' lang='lat' dir='ltr'>directionem</span> <span class='ocrx_word' id='word_1_54' title='bbox 1177 1274 1336 1358; x_wconf 88' lang='lat' dir='ltr'>praebere</span> <span class='ocrx_word' id='word_1_55' title='bbox 1352 1271 1508 1339; x_wconf 80' lang='lat' dir='ltr'>rationali</span> <span class='ocrx_word' id='word_1_56' title='bbox 1519 1275 1663 1342; x_wconf 88' lang='lat' dir='ltr'>hominis</span> 
     </span>
     <span class='ocr_line' id='line_1_7' title="bbox 410 1377 1662 1462; baseline 0.008 -23"><span class='ocrx_word' id='word_1_57' title='bbox 410 1377 583 1457; x_wconf 86' lang='lat' dir='ltr'>voluntati,</span> <span class='ocrx_word' id='word_1_58' title='bbox 614 1379 711 1462; x_wconf 86' lang='lat' dir='ltr'>idque</span> <span class='ocrx_word' id='word_1_59' title='bbox 742 1385 881 1447; x_wconf 81' lang='lat' dir='ltr'>caecet?</span> <span class='ocrx_word' id='word_1_60' title='bbox 905 1417 946 1428; x_wconf 95' lang='lat'>-</span> <span class='ocrx_word' id='word_1_61' title='bbox 971 1379 1019 1448; x_wconf 82' lang='lat' dir='ltr'>At</span> <span class='ocrx_word' id='word_1_62' title='bbox 1048 1403 1128 1448; x_wconf 89' lang='lat' dir='ltr'>vero</span> <span class='ocrx_word' id='word_1_63' title='bbox 1155 1380 1276 1446; x_wconf 91' lang='lat' dir='ltr'>nemini</span> <span class='ocrx_word' id='word_1_64' title='bbox 1303 1400 1368 1445; x_wconf 92' lang='lat' dir='ltr'>non</span> <span class='ocrx_word' id='word_1_65' title='bbox 1398 1385 1532 1448; x_wconf 84' lang='lat' dir='ltr'>constat</span> <span class='ocrx_word' id='word_1_66' title='bbox 1561 1403 1662 1448; x_wconf 89' lang='lat' dir='ltr'>caeco</span> 
     </span>
     <span class='ocr_line' id='line_1_8' title="bbox 409 1483 1661 1572; baseline 0.005 -24"><span class='ocrx_word' id='word_1_67' title='bbox 409 1483 566 1551; x_wconf 90' lang='lat' dir='ltr'>instinctu</span> <span class='ocrx_word' id='word_1_68' title='bbox 597 1486 651 1552; x_wconf 92' lang='lat' dir='ltr'>vel</span> <span class='ocrx_word' id='word_1_69' title='bbox 681 1507 780 1552; x_wconf 85' lang='lat' dir='ltr'>sensu</span> <span class='ocrx_word' id='word_1_70' title='bbox 810 1488 884 1553; x_wconf 93' lang='lat' dir='ltr'>duci</span> <span class='ocrx_word' id='word_1_71' title='bbox 915 1487 1083 1572; x_wconf 90' lang='lat' dir='ltr'>proprium</span> <span class='ocrx_word' id='word_1_72' title='bbox 1113 1509 1186 1553; x_wconf 86' lang='lat' dir='ltr'>esse</span> <span class='ocrx_word' id='word_1_73' title='bbox 1216 1487 1382 1553; x_wconf 88' lang='lat' dir='ltr'>inferioris</span> <span class='ocrx_word' id='word_1_74' title='bbox 1405 1486 1528 1552; x_wconf 83' lang='lat' dir='ltr'>ordinis</span> <span class='ocrx_word' id='word_1_75' title='bbox 1551 1492 1588 1554; x_wconf 91' lang='lat' dir='ltr'>et</span> <span class='ocrx_word' id='word_1_76' title='bbox 1609 1488 1661 1554; x_wconf 92' lang='lat' dir='ltr'>in-</span> 
     </span>
     <span class='ocr_line' id='line_1_9' title="bbox 409 1590 1661 1678; baseline 0.004 -23"><span class='ocrx_word' id='word_1_77' title='bbox 409 1590 538 1656; x_wconf 84' lang='lat' dir='ltr'>ferioris</span> <span class='ocrx_word' id='word_1_78' title='bbox 571 1597 719 1660; x_wconf 87' lang='lat' dir='ltr'>naturae.</span> <span class='ocrx_word' id='word_1_79' title='bbox 751 1629 794 1639; x_wconf 91' lang='lat'>-</span> <span class='ocrx_word' id='word_1_80' title='bbox 824 1594 963 1661; x_wconf 87' lang='lat' dir='ltr'>Accedit</span> <span class='ocrx_word' id='word_1_81' title='bbox 1001 1599 1192 1678; x_wconf 90' lang='lat' dir='ltr'>praeterea,</span> <span class='ocrx_word' id='word_1_82' title='bbox 1231 1594 1318 1677; x_wconf 88' lang='lat' dir='ltr'>quod</span> <span class='ocrx_word' id='word_1_83' title='bbox 1346 1593 1416 1658; x_wconf 90' lang='lat' dir='ltr'>sine</span> <span class='ocrx_word' id='word_1_84' title='bbox 1445 1594 1578 1660; x_wconf 86' lang='lat' dir='ltr'>interna</span> <span class='ocrx_word' id='word_1_85' title='bbox 1608 1615 1661 1660; x_wconf 80' lang='lat' dir='ltr'>re-</span> 
     </span>
     <span class='ocr_line' id='line_1_10' title="bbox 408 1697 1661 1787; baseline 0.004 -26"><span class='ocrx_word' id='word_1_86' title='bbox 408 1697 592 1780; x_wconf 73' lang='lat' dir='ltr'>pugnantia</span> <span class='ocrx_word' id='word_1_87' title='bbox 608 1698 750 1780; x_wconf 83' lang='lat' dir='ltr'>qualitas</span> <span class='ocrx_word' id='word_1_88' title='bbox 767 1699 932 1768; x_wconf 89' lang='lat' dir='ltr'>actionum</span> <span class='ocrx_word' id='word_1_89' title='bbox 948 1722 1031 1785; x_wconf 91' lang='lat' dir='ltr'>pure</span> <span class='ocrx_word' id='word_1_90' title='bbox 1047 1702 1272 1787; x_wconf 75' lang='lat' dir='ltr'>metaphysica,</span> <span class='ocrx_word' id='word_1_91' title='bbox 1296 1698 1404 1782; x_wconf 85' lang='lat' dir='ltr'>qualis</span> <span class='ocrx_word' id='word_1_92' title='bbox 1424 1705 1477 1766; x_wconf 88' lang='lat' dir='ltr'>est</span> <span class='ocrx_word' id='word_1_93' title='bbox 1501 1700 1661 1766; x_wconf 83' lang='lat' dir='ltr'>honestas</span> 
     </span>
     <span class='ocr_line' id='line_1_11' title="bbox 409 1803 1660 1890; baseline 0.004 -23"><span class='ocrx_word' id='word_1_94' title='bbox 409 1807 444 1871; x_wconf 91' lang='lat' dir='ltr'>et</span> <span class='ocrx_word' id='word_1_95' title='bbox 467 1803 667 1884; x_wconf 83' lang='lat' dir='ltr'>inhonestae,</span> <span class='ocrx_word' id='word_1_96' title='bbox 700 1805 813 1888; x_wconf 90' lang='lat' dir='ltr'>nequit</span> <span class='ocrx_word' id='word_1_97' title='bbox 844 1805 906 1872; x_wconf 93' lang='lat' dir='ltr'>dici</span> <span class='ocrx_word' id='word_1_98' title='bbox 933 1807 1096 1872; x_wconf 92' lang='lat' dir='ltr'>obiectum</span> <span class='ocrx_word' id='word_1_99' title='bbox 1121 1806 1258 1872; x_wconf 91' lang='lat' dir='ltr'>alicuius</span> <span class='ocrx_word' id='word_1_100' title='bbox 1281 1828 1392 1874; x_wconf 67' lang='lat' dir='ltr'>casua</span> <span class='ocrx_word' id='word_1_101' title='bbox 1414 1804 1547 1890; x_wconf 89' lang='lat' dir='ltr'>proprie</span> <span class='ocrx_word' id='word_1_102' title='bbox 1569 1804 1660 1882; x_wconf 90' lang='lat' dir='ltr'>dicti,</span> 
     </span>
     <span class='ocr_line' id='line_1_12' title="bbox 408 1909 1659 1993; baseline 0.001 -19"><span class='ocrx_word' id='word_1_103' title='bbox 408 1909 429 1978; x_wconf 88' lang='lat' dir='ltr'>i.</span> <span class='ocrx_word' id='word_1_104' title='bbox 443 1931 470 1975; x_wconf 88' lang='lat' dir='ltr'>a.</span> <span class='ocrx_word' id='word_1_105' title='bbox 485 1910 526 1974; x_wconf 89' lang='lat' dir='ltr'>ab</span> <span class='ocrx_word' id='word_1_106' title='bbox 542 1909 769 1993; x_wconf 87' lang='lat' dir='ltr'>intellegentia</span> <span class='ocrx_word' id='word_1_107' title='bbox 785 1911 941 1978; x_wconf 89' lang='lat' dir='ltr'>distincti.</span> <span class='ocrx_word' id='word_1_108' title='bbox 967 1911 1134 1990; x_wconf 85' lang='lat' dir='ltr'>Quomodo</span> <span class='ocrx_word' id='word_1_109' title='bbox 1150 1911 1235 1978; x_wconf 90' lang='lat' dir='ltr'>enim</span> <span class='ocrx_word' id='word_1_110' title='bbox 1248 1911 1281 1976; x_wconf 91' lang='lat' dir='ltr'>in</span> <span class='ocrx_word' id='word_1_111' title='bbox 1297 1932 1429 1978; x_wconf 86' lang='lat' dir='ltr'>sensum</span> <span class='ocrx_word' id='word_1_112' title='bbox 1446 1931 1558 1993; x_wconf 88' lang='lat' dir='ltr'>agere,</span> <span class='ocrx_word' id='word_1_113' title='bbox 1577 1931 1659 1993; x_wconf 90' lang='lat' dir='ltr'>quo-</span> 
     </span>
     <span class='ocr_line' id='line_1_13' title="bbox 410 2017 1659 2104; baseline 0.002 -24"><span class='ocrx_word' id='word_1_114' title='bbox 410 2017 507 2081; x_wconf 92' lang='lat' dir='ltr'>modo</span> <span class='ocrx_word' id='word_1_115' title='bbox 538 2017 651 2082; x_wconf 87' lang='lat' dir='ltr'>sentiri</span> <span class='ocrx_word' id='word_1_116' title='bbox 683 2017 804 2100; x_wconf 83' lang='lat' dir='ltr'>aliquid</span> <span class='ocrx_word' id='word_1_117' title='bbox 836 2021 956 2102; x_wconf 86' lang='lat' dir='ltr'>potest,</span> <span class='ocrx_word' id='word_1_118' title='bbox 987 2019 1073 2102; x_wconf 91' lang='lat' dir='ltr'>quod</span> <span class='ocrx_word' id='word_1_119' title='bbox 1103 2023 1156 2085; x_wconf 92' lang='lat' dir='ltr'>est</span> <span class='ocrx_word' id='word_1_120' title='bbox 1178 2021 1296 2104; x_wconf 88' lang='lat' dir='ltr'>suapte</span> <span class='ocrx_word' id='word_1_121' title='bbox 1319 2021 1439 2084; x_wconf 87' lang='lat' dir='ltr'>natura</span> <span class='ocrx_word' id='word_1_122' title='bbox 1461 2040 1547 2082; x_wconf 85' lang='lat' dir='ltr'>merc</span> <span class='ocrx_word' id='word_1_123' title='bbox 1572 2019 1659 2083; x_wconf 76' lang='lat' dir='ltr'>intet-</span> 
     </span>
     <span class='ocr_line' id='line_1_14' title="bbox 412 2122 1659 2210; baseline 0.002 -24"><span class='ocrx_word' id='word_1_124' title='bbox 412 2123 577 2208; x_wconf 76' lang='lat' dir='ltr'>lepibile?¹</span> <span class='ocrx_word' id='word_1_125' title='bbox 602 2159 646 2168; x_wconf 91' lang='lat'>-</span> <span class='ocrx_word' id='word_1_126' title='bbox 671 2123 763 2189; x_wconf 89' lang='lat' dir='ltr'>Hanc</span> <span class='ocrx_word' id='word_1_127' title='bbox 788 2124 1018 2191; x_wconf 89' lang='lat' dir='ltr'>difficultatem</span> <span class='ocrx_word' id='word_1_128' title='bbox 1042 2125 1103 2210; x_wconf 90' lang='lat' dir='ltr'>ipsi</span> <span class='ocrx_word' id='word_1_129' title='bbox 1128 2128 1279 2192; x_wconf 84' lang='lat' dir='ltr'>auctores</span> <span class='ocrx_word' id='word_1_130' title='bbox 1302 2123 1397 2189; x_wconf 85' lang='lat' dir='ltr'>huius</span> <span class='ocrx_word' id='word_1_131' title='bbox 1420 2122 1553 2190; x_wconf 90' lang='lat' dir='ltr'>scholae</span> <span class='ocrx_word' id='word_1_132' title='bbox 1585 2144 1659 2188; x_wconf 85' lang='lat' dir='ltr'>sen-</span> 
     </span>
     <span class='ocr_line' id='line_1_15' title="bbox 410 2227 1657 2313; baseline 0.001 -20"><span class='ocrx_word' id='word_1_133' title='bbox 410 2233 534 2305; x_wconf 87' lang='lat' dir='ltr'>serunt,</span> <span class='ocrx_word' id='word_1_134' title='bbox 559 2229 679 2296; x_wconf 92' lang='lat' dir='ltr'>idcirco</span> <span class='ocrx_word' id='word_1_135' title='bbox 703 2230 787 2296; x_wconf 91' lang='lat' dir='ltr'>enim</span> <span class='ocrx_word' id='word_1_136' title='bbox 812 2230 1004 2296; x_wconf 89' lang='lat' dir='ltr'>instinctum</span> <span class='ocrx_word' id='word_1_137' title='bbox 1026 2235 1149 2297; x_wconf 88' lang='lat' dir='ltr'>vocant</span> <span class='ocrx_word' id='word_1_138' title='bbox 1175 2230 1429 2309; x_wconf 89' lang='lat' dir='ltr'>,rationalem&#39;;</span> <span class='ocrx_word' id='word_1_139' title='bbox 1453 2228 1513 2294; x_wconf 88' lang='lat' dir='ltr'>sed</span> <span class='ocrx_word' id='word_1_140' title='bbox 1530 2249 1571 2293; x_wconf 92' lang='lat' dir='ltr'>eo</span> <span class='ocrx_word' id='word_1_141' title='bbox 1587 2227 1657 2313; x_wconf 87' lang='lat' dir='ltr'>ipso</span> 
     </span>
     <span class='ocr_line' id='line_1_16' title="bbox 410 2333 1658 2419; baseline 0 -19"><span class='ocrx_word' id='word_1_142' title='bbox 410 2355 482 2400; x_wconf 90' lang='lat' dir='ltr'>eum</span> <span class='ocrx_word' id='word_1_143' title='bbox 513 2333 622 2417; x_wconf 87' lang='lat' dir='ltr'>aliquo</span> <span class='ocrx_word' id='word_1_144' title='bbox 654 2337 749 2403; x_wconf 92' lang='lat' dir='ltr'>modo</span> <span class='ocrx_word' id='word_1_145' title='bbox 779 2337 822 2402; x_wconf 92' lang='lat' dir='ltr'>ad</span> <span class='ocrx_word' id='word_1_146' title='bbox 851 2337 1114 2419; x_wconf 83' lang='lat' dir='ltr'>intellegentiam</span> <span class='ocrx_word' id='word_1_147' title='bbox 1143 2338 1263 2404; x_wconf 90' lang='lat' dir='ltr'>iterum</span> <span class='ocrx_word' id='word_1_148' title='bbox 1292 2337 1463 2402; x_wconf 85' lang='lat' dir='ltr'>reducunt</span> <span class='ocrx_word' id='word_1_149' title='bbox 1509 2335 1556 2401; x_wconf 82' lang='lat' dir='ltr'>Et</span> <span class='ocrx_word' id='word_1_150' title='bbox 1578 2356 1658 2401; x_wconf 85' lang='lat' dir='ltr'>sane</span> 
     </span>
     <span class='ocr_line' id='line_1_17' title="bbox 410 2442 1657 2525; baseline 0.001 -21"><span class='ocrx_word' id='word_1_151' title='bbox 410 2460 514 2523; x_wconf 88' lang='lat' dir='ltr'>neque</span> <span class='ocrx_word' id='word_1_152' title='bbox 545 2462 604 2506; x_wconf 90' lang='lat' dir='ltr'>nos</span> <span class='ocrx_word' id='word_1_153' title='bbox 631 2463 790 2525; x_wconf 85' lang='lat' dir='ltr'>negamus</span> <span class='ocrx_word' id='word_1_154' title='bbox 820 2443 939 2510; x_wconf 88' lang='lat' dir='ltr'>iudicia</span> <span class='ocrx_word' id='word_1_155' title='bbox 961 2443 1100 2510; x_wconf 90' lang='lat' dir='ltr'>moralia</span> <span class='ocrx_word' id='word_1_156' title='bbox 1123 2444 1156 2508; x_wconf 92' lang='lat' dir='ltr'>in</span> <span class='ocrx_word' id='word_1_157' title='bbox 1179 2443 1273 2508; x_wconf 87' lang='lat' dir='ltr'>nobis</span> <span class='ocrx_word' id='word_1_158' title='bbox 1295 2463 1361 2508; x_wconf 91' lang='lat' dir='ltr'>non</span> <span class='ocrx_word' id='word_1_159' title='bbox 1383 2463 1460 2508; x_wconf 89' lang='lat' dir='ltr'>raro</span> <span class='ocrx_word' id='word_1_160' title='bbox 1483 2442 1657 2508; x_wconf 87' lang='lat' dir='ltr'>instinctus</span> 
     </span>
     <span class='ocr_line' id='line_1_18' title="bbox 410 2547 1655 2633; baseline 0.002 -23"><span class='ocrx_word' id='word_1_161' title='bbox 410 2547 577 2612; x_wconf 90' lang='lat' dir='ltr'>cuiusdam</span> <span class='ocrx_word' id='word_1_162' title='bbox 608 2547 853 2614; x_wconf 86' lang='lat' dir='ltr'>similitudinem</span> <span class='ocrx_word' id='word_1_163' title='bbox 884 2570 964 2632; x_wconf 88' lang='lat' dir='ltr'>prae</span> <span class='ocrx_word' id='word_1_164' title='bbox 995 2570 1030 2614; x_wconf 90' lang='lat' dir='ltr'>se</span> <span class='ocrx_word' id='word_1_165' title='bbox 1053 2549 1152 2615; x_wconf 89' lang='lat' dir='ltr'>ferre.</span> <span class='ocrx_word' id='word_1_166' title='bbox 1199 2549 1292 2616; x_wconf 86' lang='lat' dir='ltr'>Adeo</span> <span class='ocrx_word' id='word_1_167' title='bbox 1316 2547 1472 2614; x_wconf 86' lang='lat' dir='ltr'>videlicet</span> <span class='ocrx_word' id='word_1_168' title='bbox 1494 2554 1655 2633; x_wconf 84' lang='lat' dir='ltr'>prompta,</span> 
     </span>
     <span class='ocr_line' id='line_1_19' title="bbox 409 2652 1656 2739; baseline 0.001 -22"><span class='ocrx_word' id='word_1_169' title='bbox 409 2652 607 2732; x_wconf 90' lang='lat' dir='ltr'>immediata,</span> <span class='ocrx_word' id='word_1_170' title='bbox 631 2658 666 2720; x_wconf 93' lang='lat' dir='ltr'>et</span> <span class='ocrx_word' id='word_1_171' title='bbox 689 2655 776 2720; x_wconf 92' lang='lat' dir='ltr'>omni</span> <span class='ocrx_word' id='word_1_172' title='bbox 800 2655 978 2722; x_wconf 83' lang='lat' dir='ltr'>reflexione</span> <span class='ocrx_word' id='word_1_173' title='bbox 1003 2656 1170 2722; x_wconf 88' lang='lat' dir='ltr'>anteriora</span> <span class='ocrx_word' id='word_1_174' title='bbox 1193 2677 1265 2720; x_wconf 90' lang='lat' dir='ltr'>esse</span> <span class='ocrx_word' id='word_1_175' title='bbox 1293 2654 1489 2739; x_wconf 86' lang='lat' dir='ltr'>experimur.</span> <span class='ocrx_word' id='word_1_176' title='bbox 1537 2655 1656 2737; x_wconf 84' lang='lat' dir='ltr'>Ecquis</span> 
     </span>
     <span class='ocr_line' id='line_1_20' title="bbox 409 2761 1656 2850; baseline 0.004 -25"><span class='ocrx_word' id='word_1_177' title='bbox 409 2761 442 2826; x_wconf 91' lang='lat' dir='ltr'>in</span> <span class='ocrx_word' id='word_1_178' title='bbox 471 2761 533 2828; x_wconf 90' lang='lat' dir='ltr'>hoc</span> <span class='ocrx_word' id='word_1_179' title='bbox 561 2784 625 2829; x_wconf 91' lang='lat' dir='ltr'>non</span> <span class='ocrx_word' id='word_1_180' title='bbox 652 2764 844 2832; x_wconf 90' lang='lat' dir='ltr'>beneficium</span> <span class='ocrx_word' id='word_1_181' title='bbox 868 2769 902 2832; x_wconf 93' lang='lat' dir='ltr'>et</span> <span class='ocrx_word' id='word_1_182' title='bbox 925 2766 1205 2850; x_wconf 86' lang='lat' dir='ltr'>sapientissimam</span> <span class='ocrx_word' id='word_1_183' title='bbox 1229 2764 1476 2850; x_wconf 86' lang='lat' dir='ltr'>dispositionem</span> <span class='ocrx_word' id='word_1_184' title='bbox 1500 2765 1656 2831; x_wconf 85' lang='lat' dir='ltr'>creatoris</span> 
     </span>
     <span class='ocr_line' id='line_1_21' title="bbox 408 2872 1656 2962; baseline 0.003 -26"><span class='ocrx_word' id='word_1_185' title='bbox 408 2875 577 2954; x_wconf 85' lang='lat' dir='ltr'>agnoscat,</span> <span class='ocrx_word' id='word_1_186' title='bbox 602 2872 657 2956; x_wconf 88' lang='lat' dir='ltr'>qui</span> <span class='ocrx_word' id='word_1_187' title='bbox 680 2873 785 2941; x_wconf 91' lang='lat' dir='ltr'>noluit</span> <span class='ocrx_word' id='word_1_188' title='bbox 809 2897 830 2941; x_wconf 87' lang='lat' dir='ltr'>a</span> <span class='ocrx_word' id='word_1_189' title='bbox 853 2875 932 2940; x_wconf 90' lang='lat' dir='ltr'>solis</span> <span class='ocrx_word' id='word_1_190' title='bbox 955 2875 1167 2962; x_wconf 77' lang='lat' dir='ltr'>philosophie,</span> <span class='ocrx_word' id='word_1_191' title='bbox 1199 2875 1258 2940; x_wconf 89' lang='lat' dir='ltr'>sed</span> <span class='ocrx_word' id='word_1_192' title='bbox 1282 2875 1324 2940; x_wconf 91' lang='lat' dir='ltr'>ab</span> <span class='ocrx_word' id='word_1_193' title='bbox 1347 2874 1497 2941; x_wconf 90' lang='lat' dir='ltr'>omnibus</span> <span class='ocrx_word' id='word_1_194' title='bbox 1520 2876 1656 2942; x_wconf 88' lang='lat' dir='ltr'>rationis</span> 
     </span>
     <span class='ocr_line' id='line_1_22' title="bbox 409 2981 1656 3065; baseline 0.005 -19"><span class='ocrx_word' id='word_1_195' title='bbox 409 3001 468 3046; x_wconf 87' lang='lat' dir='ltr'>usu</span> <span class='ocrx_word' id='word_1_196' title='bbox 498 2981 657 3065; x_wconf 88' lang='lat' dir='ltr'>praeditis</span> <span class='ocrx_word' id='word_1_197' title='bbox 684 2983 849 3050; x_wconf 91' lang='lat' dir='ltr'>internum</span> <span class='ocrx_word' id='word_1_198' title='bbox 874 2984 1049 3051; x_wconf 84' lang='lat' dir='ltr'>discrimen</span> <span class='ocrx_word' id='word_1_199' title='bbox 1071 2986 1158 3051; x_wconf 89' lang='lat' dir='ltr'>inter</span> <span class='ocrx_word' id='word_1_200' title='bbox 1187 2986 1306 3050; x_wconf 90' lang='lat' dir='ltr'>bonum</span> <span class='ocrx_word' id='word_1_201' title='bbox 1330 2987 1366 3050; x_wconf 89' lang='lat' dir='ltr'>ct</span> <span class='ocrx_word' id='word_1_202' title='bbox 1388 2984 1510 3050; x_wconf 90' lang='lat' dir='ltr'>malum</span> <span class='ocrx_word' id='word_1_203' title='bbox 1535 2986 1656 3052; x_wconf 82' lang='lat' dir='ltr'>morale</span> 
     </span>
     <span class='ocr_line' id='line_1_23' title="bbox 408 3091 1656 3179; baseline 0.006 -25"><span class='ocrx_word' id='word_1_204' title='bbox 408 3091 585 3172; x_wconf 77' lang='lat' dir='ltr'>cognosci?</span> <span class='ocrx_word' id='word_1_205' title='bbox 638 3091 689 3158; x_wconf 84' lang='lat' dir='ltr'>Ad</span> <span class='ocrx_word' id='word_1_206' title='bbox 724 3092 809 3158; x_wconf 89' lang='lat' dir='ltr'>hanc</span> <span class='ocrx_word' id='word_1_207' title='bbox 845 3098 954 3160; x_wconf 88' lang='lat' dir='ltr'>autem</span> <span class='ocrx_word' id='word_1_208' title='bbox 991 3094 1229 3179; x_wconf 85' lang='lat' dir='ltr'>experientiam</span> <span class='ocrx_word' id='word_1_209' title='bbox 1263 3093 1493 3178; x_wconf 86' lang='lat' dir='ltr'>explicandam</span> <span class='ocrx_word' id='word_1_210' title='bbox 1525 3116 1656 3162; x_wconf 73' lang='lat' dir='ltr'>necesse</span> 
     </span>
     <span class='ocr_line' id='line_1_24' title="bbox 408 3201 1654 3288; baseline 0.006 -24"><span class='ocrx_word' id='word_1_211' title='bbox 408 3220 471 3265; x_wconf 91' lang='lat' dir='ltr'>non</span> <span class='ocrx_word' id='word_1_212' title='bbox 511 3206 563 3269; x_wconf 89' lang='lat' dir='ltr'>est</span> <span class='ocrx_word' id='word_1_213' title='bbox 599 3201 641 3266; x_wconf 90' lang='lat' dir='ltr'>ad</span> <span class='ocrx_word' id='word_1_214' title='bbox 678 3201 819 3284; x_wconf 90' lang='lat' dir='ltr'>aliquem</span> <span class='ocrx_word' id='word_1_215' title='bbox 850 3224 983 3268; x_wconf 88' lang='lat' dir='ltr'>sensum</span> <span class='ocrx_word' id='word_1_216' title='bbox 1014 3208 1146 3288; x_wconf 91' lang='lat' dir='ltr'>praeter</span> <span class='ocrx_word' id='word_1_217' title='bbox 1176 3203 1437 3286; x_wconf 88' lang='lat' dir='ltr'>intellegentiam</span> <span class='ocrx_word' id='word_1_218' title='bbox 1467 3203 1654 3288; x_wconf 88' lang='lat' dir='ltr'>confugere,</span> 
     </span>
     <span class='ocr_line' id='line_1_25' title="bbox 407 3310 1655 3396; baseline 0.004 -22"><span class='ocrx_word' id='word_1_219' title='bbox 407 3329 479 3376; x_wconf 93' lang='lat' dir='ltr'>cum</span> <span class='ocrx_word' id='word_1_220' title='bbox 509 3310 567 3378; x_wconf 89' lang='lat' dir='ltr'>illa</span> <span class='ocrx_word' id='word_1_221' title='bbox 596 3311 628 3376; x_wconf 93' lang='lat' dir='ltr'>id</span> <span class='ocrx_word' id='word_1_222' title='bbox 656 3315 784 3380; x_wconf 89' lang='lat' dir='ltr'>tantum</span> <span class='ocrx_word' id='word_1_223' title='bbox 816 3315 1003 3390; x_wconf 88' lang='lat' dir='ltr'>confirmet,</span> <span class='ocrx_word' id='word_1_224' title='bbox 1034 3314 1120 3396; x_wconf 89' lang='lat' dir='ltr'>quod</span> <span class='ocrx_word' id='word_1_225' title='bbox 1147 3313 1232 3379; x_wconf 84' lang='lat' dir='ltr'>alias</span> <span class='ocrx_word' id='word_1_226' title='bbox 1261 3313 1327 3378; x_wconf 91' lang='lat' dir='ltr'>iam</span> <span class='ocrx_word' id='word_1_227' title='bbox 1357 3333 1378 3378; x_wconf 89' lang='lat' dir='ltr'>a</span> <span class='ocrx_word' id='word_1_228' title='bbox 1401 3313 1434 3380; x_wconf 87' lang='lat' dir='ltr'>S.</span> <span class='ocrx_word' id='word_1_229' title='bbox 1458 3313 1587 3381; x_wconf 73' lang='lat' dir='ltr'>&#39;l&#39;homa</span> <span class='ocrx_word' id='word_1_230' title='bbox 1608 3315 1655 3380; x_wconf 92' lang='lat' dir='ltr'>di·</span> 
     </span>
     <span class='ocr_line' id='line_1_26' title="bbox 407 3417 1654 3506; baseline 0.006 -24"><span class='ocrx_word' id='word_1_231' title='bbox 407 3417 553 3497; x_wconf 91' lang='lat' dir='ltr'>dicimus,</span> <span class='ocrx_word' id='word_1_232' title='bbox 589 3420 752 3486; x_wconf 91' lang='lat' dir='ltr'>obiectum</span> <span class='ocrx_word' id='word_1_233' title='bbox 788 3421 926 3488; x_wconf 87' lang='lat' dir='ltr'>rationis</span> <span class='ocrx_word' id='word_1_234' title='bbox 960 3423 1130 3506; x_wconf 89' lang='lat' dir='ltr'>proprium</span> <span class='ocrx_word' id='word_1_235' title='bbox 1160 3442 1234 3488; x_wconf 86' lang='lat' dir='ltr'>esse</span> <span class='ocrx_word' id='word_1_236' title='bbox 1260 3425 1418 3500; x_wconf 83' lang='lat' dir='ltr'>ordinem,</span> <span class='ocrx_word' id='word_1_237' title='bbox 1453 3428 1489 3490; x_wconf 91' lang='lat' dir='ltr'>et</span> <span class='ocrx_word' id='word_1_238' title='bbox 1518 3424 1654 3490; x_wconf 85' lang='lat' dir='ltr'>rationis</span> 
     </span>
     <span class='ocr_line' id='line_1_27' title="bbox 406 3527 1653 3620; baseline 0.007 -28"><span class='ocrx_word' id='word_1_239' title='bbox 406 3528 535 3609; x_wconf 85' lang='lat' dir='ltr'>quidem</span> <span class='ocrx_word' id='word_1_240' title='bbox 559 3527 724 3612; x_wconf 89' lang='lat' dir='ltr'>practicae</span> <span class='ocrx_word' id='word_1_241' title='bbox 745 3530 890 3596; x_wconf 90' lang='lat' dir='ltr'>ordinem</span> <span class='ocrx_word' id='word_1_242' title='bbox 913 3535 1104 3616; x_wconf 70' lang='lat' dir='ltr'>prodieram,</span> <span class='ocrx_word' id='word_1_243' title='bbox 1128 3532 1194 3615; x_wconf 92' lang='lat' dir='ltr'>qui,</span> <span class='ocrx_word' id='word_1_244' title='bbox 1218 3533 1247 3598; x_wconf 88' lang='lat' dir='ltr'>si</span> <span class='ocrx_word' id='word_1_245' title='bbox 1267 3533 1460 3616; x_wconf 90' lang='lat' dir='ltr'>simpliciter</span> <span class='ocrx_word' id='word_1_246' title='bbox 1486 3535 1653 3620; x_wconf 85' lang='lat' dir='ltr'>accipitur,</span> 
     </span>
     <span class='ocr_line' id='line_1_28' title="bbox 406 3637 1653 3725; baseline 0.007 -24"><span class='ocrx_word' id='word_1_247' title='bbox 406 3637 475 3721; x_wconf 89' lang='lat' dir='ltr'>ipse</span> <span class='ocrx_word' id='word_1_248' title='bbox 491 3640 543 3703; x_wconf 86' lang='lat' dir='ltr'>est</span> <span class='ocrx_word' id='word_1_249' title='bbox 559 3639 638 3704; x_wconf 90' lang='lat' dir='ltr'>ordo</span> <span class='ocrx_word' id='word_1_250' title='bbox 654 3642 786 3705; x_wconf 82' lang='lat' dir='ltr'>moralis</span> <span class='ocrx_word' id='word_1_251' title='bbox 802 3640 847 3723; x_wconf 87' lang='lat' dir='ltr'>(n.</span> <span class='ocrx_word' id='word_1_252' title='bbox 865 3643 933 3724; x_wconf 83' lang='lat'>47).</span> <span class='ocrx_word' id='word_1_253' title='bbox 965 3641 1048 3718; x_wconf 89' lang='lat' dir='ltr'>Quid</span> <span class='ocrx_word' id='word_1_254' title='bbox 1064 3641 1166 3723; x_wconf 89' lang='lat' dir='ltr'>igitur</span> <span class='ocrx_word' id='word_1_255' title='bbox 1188 3642 1316 3718; x_wconf 90' lang='lat' dir='ltr'>mirum,</span> <span class='ocrx_word' id='word_1_256' title='bbox 1340 3643 1427 3725; x_wconf 91' lang='lat' dir='ltr'>quod</span> <span class='ocrx_word' id='word_1_257' title='bbox 1450 3645 1538 3710; x_wconf 90' lang='lat' dir='ltr'>ratio</span> <span class='ocrx_word' id='word_1_258' title='bbox 1562 3665 1653 3710; x_wconf 87' lang='lat' dir='ltr'>suurn</span> 
     </span>
     <span class='ocr_line' id='line_1_29' title="bbox 406 3746 1653 3838; baseline 0.008 -27"><span class='ocrx_word' id='word_1_259' title='bbox 406 3746 567 3813; x_wconf 90' lang='lat' dir='ltr'>obiectum</span> <span class='ocrx_word' id='word_1_260' title='bbox 595 3749 791 3816; x_wconf 87' lang='lat' dir='ltr'>naturaliter</span> <span class='ocrx_word' id='word_1_261' title='bbox 815 3751 998 3835; x_wconf 91' lang='lat' dir='ltr'>proprium,</span> <span class='ocrx_word' id='word_1_262' title='bbox 1030 3751 1224 3834; x_wconf 89' lang='lat' dir='ltr'>ubicumque</span> <span class='ocrx_word' id='word_1_263' title='bbox 1247 3752 1310 3838; x_wconf 88' lang='lat' dir='ltr'>ipsi</span> <span class='ocrx_word' id='word_1_264' title='bbox 1332 3757 1579 3837; x_wconf 87' lang='lat' dir='ltr'>praesentatur,</span> <span class='ocrx_word' id='word_1_265' title='bbox 1604 3759 1653 3821; x_wconf 91' lang='lat' dir='ltr'>at·</span> 
     </span>
     <span class='ocr_line' id='line_1_30' title="bbox 406 3855 1652 3939; baseline 0.01 -19"><span class='ocrx_word' id='word_1_266' title='bbox 406 3855 514 3938; x_wconf 89' lang='lat' dir='ltr'>tingat</span> <span class='ocrx_word' id='word_1_267' title='bbox 544 3859 665 3923; x_wconf 83' lang='lat' dir='ltr'>directa</span> <span class='ocrx_word' id='word_1_268' title='bbox 695 3865 724 3923; x_wconf 87' lang='lat' dir='ltr'>et</span> <span class='ocrx_word' id='word_1_269' title='bbox 746 3862 933 3926; x_wconf 83' lang='lat' dir='ltr'>immediato</span> <span class='ocrx_word' id='word_1_270' title='bbox 966 3860 1143 3939; x_wconf 90' lang='lat' dir='ltr'>evidentia,</span> <span class='ocrx_word' id='word_1_271' title='bbox 1175 3867 1209 3930; x_wconf 89' lang='lat' dir='ltr'>et</span> <span class='ocrx_word' id='word_1_272' title='bbox 1238 3863 1312 3929; x_wconf 92' lang='lat' dir='ltr'>ideo</span> <span class='ocrx_word' id='word_1_273' title='bbox 1343 3885 1472 3930; x_wconf 90' lang='lat' dir='ltr'>omnem</span> <span class='ocrx_word' id='word_1_274' title='bbox 1504 3867 1652 3932; x_wconf 84' lang='lat' dir='ltr'>reflexio·</span> 
     </span>
     <span class='ocr_line' id='line_1_31' title="bbox 405 3965 1653 4057; baseline 0.011 -29"><span class='ocrx_word' id='word_1_275' title='bbox 405 3965 456 4029; x_wconf 90' lang='lat' dir='ltr'>nis</span> <span class='ocrx_word' id='word_1_276' title='bbox 493 3967 725 4034; x_wconf 88' lang='lat' dir='ltr'>conscientiam</span> <span class='ocrx_word' id='word_1_277' title='bbox 764 3969 1031 4054; x_wconf 82' lang='lat' dir='ltr'>praeveniendo?</span> <span class='ocrx_word' id='word_1_278' title='bbox 1084 3971 1196 4051; x_wconf 85' lang='lat' dir='ltr'>Adde,</span> <span class='ocrx_word' id='word_1_279' title='bbox 1234 3973 1321 4057; x_wconf 90' lang='lat' dir='ltr'>quod</span> <span class='ocrx_word' id='word_1_280' title='bbox 1359 3973 1393 4039; x_wconf 91' lang='lat' dir='ltr'>in</span> <span class='ocrx_word' id='word_1_281' title='bbox 1427 3979 1570 4057; x_wconf 88' lang='lat' dir='ltr'>utroque</span> <span class='ocrx_word' id='word_1_282' title='bbox 1603 3997 1653 4042; x_wconf 93' lang='lat' dir='ltr'>or·</span> 
     </span>
     <span class='ocr_line' id='line_1_32' title="bbox 405 4074 1653 4170; baseline 0.01 -31"><span class='ocrx_word' id='word_1_283' title='bbox 405 4074 493 4152; x_wconf 93' lang='lat' dir='ltr'>dine,</span> <span class='ocrx_word' id='word_1_284' title='bbox 527 4083 561 4142; x_wconf 91' lang='lat' dir='ltr'>et</span> <span class='ocrx_word' id='word_1_285' title='bbox 593 4075 774 4143; x_wconf 90' lang='lat' dir='ltr'>theoretico</span> <span class='ocrx_word' id='word_1_286' title='bbox 808 4084 842 4146; x_wconf 92' lang='lat' dir='ltr'>et</span> <span class='ocrx_word' id='word_1_287' title='bbox 874 4079 1035 4163; x_wconf 90' lang='lat' dir='ltr'>practico,</span> <span class='ocrx_word' id='word_1_288' title='bbox 1072 4081 1240 4149; x_wconf 88' lang='lat' dir='ltr'>evidentia</span> <span class='ocrx_word' id='word_1_289' title='bbox 1271 4084 1410 4152; x_wconf 87' lang='lat' dir='ltr'>rationis</span> <span class='ocrx_word' id='word_1_290' title='bbox 1444 4085 1607 4170; x_wconf 88' lang='lat' dir='ltr'>principia</span> <span class='ocrx_word' id='word_1_291' title='bbox 1634 4106 1653 4151; x_wconf 88' lang='lat' dir='ltr'>a</span> 
     </span>
     <span class='ocr_line' id='line_1_33' title="bbox 404 4185 1653 4278; baseline 0.008 -29"><span class='ocrx_word' id='word_1_292' title='bbox 404 4185 508 4268; x_wconf 92' lang='lat' dir='ltr'>primo</span> <span class='ocrx_word' id='word_1_293' title='bbox 541 4198 601 4250; x_wconf 87' lang='lat' dir='ltr'>usu</span> <span class='ocrx_word' id='word_1_294' title='bbox 632 4207 709 4252; x_wconf 85' lang='lat' dir='ltr'>mox</span> <span class='ocrx_word' id='word_1_295' title='bbox 739 4207 798 4271; x_wconf 88' lang='lat' dir='ltr'>per</span> <span class='ocrx_word' id='word_1_296' title='bbox 830 4189 960 4254; x_wconf 91' lang='lat' dir='ltr'>modum</span> <span class='ocrx_word' id='word_1_297' title='bbox 989 4189 1159 4256; x_wconf 90' lang='lat' dir='ltr'>habituum</span> <span class='ocrx_word' id='word_1_298' title='bbox 1190 4194 1389 4259; x_wconf 89' lang='lat' dir='ltr'>naturalium</span> <span class='ocrx_word' id='word_1_299' title='bbox 1419 4200 1555 4278; x_wconf 86' lang='lat' dir='ltr'>praesto</span> <span class='ocrx_word' id='word_1_300' title='bbox 1583 4215 1653 4261; x_wconf 87' lang='lat' dir='ltr'>esse</span> 
     </span>
     <span class='ocr_line' id='line_1_34' title="bbox 404 4289 593 4376; baseline 0.016 -22"><span class='ocrx_word' id='word_1_301' title='bbox 404 4289 562 4376; x_wconf 90' lang='lat' dir='ltr'>incipiunt</span> <span class='ocrx_word' id='word_1_302' title='bbox 571 4293 593 4357; x_wconf 78' lang='lat'>².</span> 
     </span>
    </p>
   </div>
   <div class='ocr_carea' id='block_1_3' title="bbox 402 4555 1654 5074">
    <p class='ocr_par' dir='ltr' id='par_1_3' title="bbox 402 4555 1654 4979">
     <span class='ocr_line' id='line_1_35' title="bbox 496 4555 1654 4627; baseline 0.004 -18"><span class='ocrx_word' id='word_1_303' title='bbox 496 4557 502 4588; x_wconf 86' lang='lat'><strong>¹</strong></span> <span class='ocrx_word' id='word_1_304' title='bbox 524 4555 582 4610; x_wconf 78' lang='lat' dir='ltr'>Etsi</span> <span class='ocrx_word' id='word_1_305' title='bbox 600 4575 616 4609; x_wconf 85' lang='lat' dir='ltr'>c</span> <span class='ocrx_word' id='word_1_306' title='bbox 637 4556 753 4610; x_wconf 85' lang='lat' dir='ltr'>veritate</span> <span class='ocrx_word' id='word_1_307' title='bbox 771 4557 908 4618; x_wconf 85' lang='lat' dir='ltr'>remotior,</span> <span class='ocrx_word' id='word_1_308' title='bbox 926 4559 956 4609; x_wconf 83' lang='lat' dir='ltr'>at</span> <span class='ocrx_word' id='word_1_309' title='bbox 974 4560 1067 4610; x_wconf 63' lang='lat' dir='ltr'>umen</span> <span class='ocrx_word' id='word_1_310' title='bbox 1084 4556 1183 4611; x_wconf 80' lang='lat' dir='ltr'>saltam</span> <span class='ocrx_word' id='word_1_311' title='bbox 1202 4559 1410 4627; x_wconf 83' lang='lat' dir='ltr'>consequentior</span> <span class='ocrx_word' id='word_1_312' title='bbox 1428 4577 1521 4613; x_wconf 91' lang='lat' dir='ltr'>eorum</span> <span class='ocrx_word' id='word_1_313' title='bbox 1541 4560 1654 4614; x_wconf 85' lang='lat' dir='ltr'>dicenda</span> 
     </span>
     <span class='ocr_line' id='line_1_36' title="bbox 404 4643 1652 4716; baseline 0.005 -20"><span class='ocrx_word' id='word_1_314' title='bbox 404 4647 446 4696; x_wconf 86' lang='lat' dir='ltr'>cst</span> <span class='ocrx_word' id='word_1_315' title='bbox 471 4643 590 4708; x_wconf 85' lang='lat' dir='ltr'>theoria,</span> <span class='ocrx_word' id='word_1_316' title='bbox 615 4645 662 4714; x_wconf 91' lang='lat' dir='ltr'>qui</span> <span class='ocrx_word' id='word_1_317' title='bbox 687 4644 748 4698; x_wconf 87' lang='lat' dir='ltr'>ideo</span> <span class='ocrx_word' id='word_1_318' title='bbox 773 4645 879 4699; x_wconf 73' lang='lat' dir='ltr'>nonnim</span> <span class='ocrx_word' id='word_1_319' title='bbox 904 4661 984 4698; x_wconf 78' lang='lat' dir='ltr'>censu</span> <span class='ocrx_word' id='word_1_320' title='bbox 1008 4646 1111 4716; x_wconf 83' lang='lat' dir='ltr'>percipi</span> <span class='ocrx_word' id='word_1_321' title='bbox 1136 4663 1217 4716; x_wconf 82' lang='lat' dir='ltr'>posce</span> <span class='ocrx_word' id='word_1_322' title='bbox 1243 4646 1342 4700; x_wconf 81' lang='lat' dir='ltr'>boumn</span> <span class='ocrx_word' id='word_1_323' title='bbox 1365 4651 1394 4701; x_wconf 89' lang='lat' dir='ltr'>et</span> <span class='ocrx_word' id='word_1_324' title='bbox 1418 4647 1521 4702; x_wconf 81' lang='lat' dir='ltr'>malum</span> <span class='ocrx_word' id='word_1_325' title='bbox 1547 4650 1652 4712; x_wconf 82' lang='lat' dir='ltr'>docent,</span> 
     </span>
     <span class='ocr_line' id='line_1_37' title="bbox 403 4729 1652 4808; baseline 0.006 -25"><span class='ocrx_word' id='word_1_326' title='bbox 403 4729 474 4799; x_wconf 88' lang='lat' dir='ltr'>quod</span> <span class='ocrx_word' id='word_1_327' title='bbox 500 4749 578 4785; x_wconf 85' lang='lat' dir='ltr'>omns</span> <span class='ocrx_word' id='word_1_328' title='bbox 603 4731 701 4787; x_wconf 89' lang='lat' dir='ltr'>bouum</span> <span class='ocrx_word' id='word_1_329' title='bbox 722 4732 766 4788; x_wconf 82' lang='lat' dir='ltr'>vel</span> <span class='ocrx_word' id='word_1_330' title='bbox 792 4732 893 4787; x_wconf 92' lang='lat' dir='ltr'>malum</span> <span class='ocrx_word' id='word_1_331' title='bbox 919 4733 953 4787; x_wconf 83' lang='lat' dir='ltr'>ad</span> <span class='ocrx_word' id='word_1_332' title='bbox 976 4733 1125 4788; x_wconf 86' lang='lat' dir='ltr'>iucundum</span> <span class='ocrx_word' id='word_1_333' title='bbox 1150 4735 1266 4803; x_wconf 83' lang='lat' dir='ltr'>denique</span> <span class='ocrx_word' id='word_1_334' title='bbox 1289 4736 1334 4789; x_wconf 85' lang='lat' dir='ltr'>vel</span> <span class='ocrx_word' id='word_1_335' title='bbox 1361 4735 1539 4792; x_wconf 86' lang='lat' dir='ltr'>iniucundum</span> <span class='ocrx_word' id='word_1_336' title='bbox 1563 4737 1652 4808; x_wconf 85' lang='lat' dir='ltr'>aliquo</span> 
     </span>
     <span class='ocr_line' id='line_1_38' title="bbox 402 4820 1651 4892; baseline 0.007 -20"><span class='ocrx_word' id='word_1_337' title='bbox 402 4821 481 4873; x_wconf 92' lang='lat' dir='ltr'>modo</span> <span class='ocrx_word' id='word_1_338' title='bbox 506 4820 598 4874; x_wconf 88' lang='lat' dir='ltr'>reduci</span> <span class='ocrx_word' id='word_1_339' title='bbox 624 4821 788 4876; x_wconf 84' lang='lat' dir='ltr'>existimant.</span> <span class='ocrx_word' id='word_1_340' title='bbox 827 4821 869 4876; x_wconf 81' lang='lat' dir='ltr'>cf.</span> <span class='ocrx_word' id='word_1_341' title='bbox 890 4824 927 4876; x_wconf 87' lang='lat' dir='ltr'>W.</span> <span class='ocrx_word' id='word_1_342' title='bbox 948 4823 1085 4892; x_wconf 81' lang='lat' dir='ltr'>Schuppe,</span> <span class='ocrx_word' id='word_1_343' title='bbox 1112 4823 1275 4892; x_wconf 82' lang='lat' dir='ltr'>Grundzdgo</span> <span class='ocrx_word' id='word_1_344' title='bbox 1294 4823 1342 4877; x_wconf 85' lang='lat' dir='ltr'>der</span> <span class='ocrx_word' id='word_1_345' title='bbox 1361 4823 1446 4878; x_wconf 85' lang='lat' dir='ltr'>Ethik</span> <span class='ocrx_word' id='word_1_346' title='bbox 1464 4825 1521 4880; x_wconf 91' lang='lat' dir='ltr'>und</span> <span class='ocrx_word' id='word_1_347' title='bbox 1540 4825 1651 4880; x_wconf 81' lang='lat' dir='ltr'>Rechts-</span> 
     </span>
     <span class='ocr_line' id='line_1_39' title="bbox 402 4907 927 4979; baseline 0.004 -17"><span class='ocrx_word' id='word_1_348' title='bbox 402 4907 573 4978; x_wconf 90' lang='lat' dir='ltr'>philosophie</span> <span class='ocrx_word' id='word_1_349' title='bbox 592 4909 608 4976; x_wconf 66' lang='lat'>5</span> <span class='ocrx_word' id='word_1_350' title='bbox 629 4911 641 4964; x_wconf 98' lang='lat'>1</span> <span class='ocrx_word' id='word_1_351' title='bbox 657 4927 697 4979; x_wconf 89' lang='lat' dir='ltr'>sq,</span> <span class='ocrx_word' id='word_1_352' title='bbox 716 4909 830 4964; x_wconf 86' lang='lat' dir='ltr'>Breslau</span> <span class='ocrx_word' id='word_1_353' title='bbox 851 4911 927 4965; x_wconf 81' lang='lat'>1881.</span> 
     </span>
    </p>

    <p class='ocr_par' dir='ltr' id='par_1_4' title="bbox 492 5001 1372 5074">
     <span class='ocr_line' id='line_1_40' title="bbox 492 5001 1372 5074; baseline 0.007 -21"><span class='ocrx_word' id='word_1_354' title='bbox 492 5001 563 5054; x_wconf 82' lang='lat' dir='ltr'>²cf.</span> <span class='ocrx_word' id='word_1_355' title='bbox 586 5003 612 5054; x_wconf 87' lang='lat' dir='ltr'>S.</span> <span class='ocrx_word' id='word_1_356' title='bbox 637 5001 736 5064; x_wconf 69' lang='lat' dir='ltr'>Thoar,</span> <span class='ocrx_word' id='word_1_357' title='bbox 757 5001 782 5056; x_wconf 88' lang='lat' dir='ltr'>S.</span> <span class='ocrx_word' id='word_1_358' title='bbox 802 5003 884 5056; x_wconf 84' lang='lat' dir='ltr'>theol.</span> <span class='ocrx_word' id='word_1_359' title='bbox 906 5005 928 5067; x_wconf 90' lang='lat' dir='ltr'>l,</span> <span class='ocrx_word' id='word_1_360' title='bbox 948 5003 972 5067; x_wconf 85' lang='lat'>2,</span> <span class='ocrx_word' id='word_1_361' title='bbox 993 5021 1019 5071; x_wconf 93' lang='lat' dir='ltr'>q.</span> <span class='ocrx_word' id='word_1_362' title='bbox 1038 5004 1080 5067; x_wconf 77' lang='lat'>94,</span> <span class='ocrx_word' id='word_1_363' title='bbox 1100 5021 1124 5057; x_wconf 88' lang='lat' dir='ltr'>a.</span> <span class='ocrx_word' id='word_1_364' title='bbox 1146 5005 1174 5067; x_wconf 85' lang='lat'>1;</span> <span class='ocrx_word' id='word_1_365' title='bbox 1193 5022 1219 5074; x_wconf 89' lang='lat' dir='ltr'>q.</span> <span class='ocrx_word' id='word_1_366' title='bbox 1240 5005 1282 5062; x_wconf 84' lang='lat'>51.</span> <span class='ocrx_word' id='word_1_367' title='bbox 1302 5021 1326 5058; x_wconf 82' lang='lat' dir='ltr'>a.</span> <span class='ocrx_word' id='word_1_368' title='bbox 1348 5008 1372 5059; x_wconf 91' lang='lat'>1.</span> 
     </span>
    </p>
   </div>
   <div class='ocr_carea' id='block_1_4' title="bbox 0 0 1960 5842">
    <p class='ocr_par' dir='ltr' id='par_1_5' title="bbox 0 0 1960 5842">
     <span class='ocr_line' id='line_1_41' title="bbox 0 0 1960 5842; baseline 0 4"><span class='ocrx_word' id='word_1_369' title='bbox 0 0 1960 5842; x_wconf 95' lang='lat' dir='ltr'> </span> 
     </span>
    </p>
   </div>
  </div>
 </body>
</html>
