3909 5842
386 642 448 706 190
611 640 700 694 Sectis
719 640 739 693 Ι.
777 639 858 694 Liber
875 640 909 694 11.
947 640 1036 711 Caput
1054 641 1089 696 Π.
1126 641 1266 696 Articulus
1285 642 1309 696 2.
1347 642 1408 710 54.

383 839 479 904 quam
503 839 542 883 ere
565 817 676 884 divino
699 820 915 885 commissione
939 827 1109 904 competere
1131 821 1231 902 atque
1254 820 1385 886 nomine
1402 820 1474 901 Dei,
1499 821 1556 903 qui
1579 843 1636 886 su·

382 943 514 1007 premas
549 926 600 989 est
635 923 756 989 ordinis
791 927 901 990 custos
936 928 971 990 et
1005 925 1144 1002 vindex,
1180 926 1222 992 ab
1255 926 1440 992 hominibus
1473 928 1634 994 exerceri.

382 1028 547 1095 Intererat
569 1033 755 1113 propterea,
780 1031 1052 1113 quemadmodum
1075 1031 1250 1097 universae
1273 1031 1424 1116 publicae
1443 1033 1634 1117 potestatis,

381 1135 431 1201 ita
459 1135 618 1220 imprimis
646 1137 790 1221 poenalia
818 1139 958 1203 iustitiae
982 1137 1299 1204 administrationem
1323 1139 1365 1204 ab
1389 1137 1476 1204 omni
1499 1161 1559 1204 suo
1581 1140 1635 1204 in·

382 1241 525 1308 trinseco
553 1246 703 1328 respectu
733 1243 776 1308 ad
799 1243 904 1309 Deum
927 1243 1070 1309 solutam
1099 1244 1149 1310 ita
1175 1245 1338 1310 humanae
1360 1245 1511 1312 societati
1535 1245 1634 1312 attri-

383 1349 493 1428 buere,
517 1353 554 1415 ut
578 1369 618 1417 ea
640 1353 808 1432 tamquam
833 1350 998 1416 institutio
1022 1371 1106 1417 mere
1128 1353 1272 1416 tommm
1295 1361 1404 1438 etper
1426 1356 1574 1417 scenice
1598 1355 1633 1418 tn

380 1459 525 1542 practica
548 1458 689 1543 quadam
713 1479 821 1523 reram
841 1457 1059 1523 humanarum
1074 1461 1257 1524 necessitate
1270 1459 1415 1542 foedata
1431 1457 1634 1524 considerari

383 1562 527 1630 deberet.
581 1563 654 1629 Huc
688 1563 834 1648 pertinet
868 1561 1015 1630 moderni
1055 1563 1282 1642 „liberalismi“
1321 1565 1362 1630 de
1395 1565 1468 1630 iure
1501 1565 1632 1648 poenali

382 1668 520 1748 theoria,
545 1689 609 1752 qua
623 1669 728 1735 omnis
751 1689 930 1754 poenarum
954 1690 1033 1735 usus
1055 1669 1213 1736 fundatur
1235 1670 1355 1754 partim
1378 1670 1413 1735 in
1434 1670 1506 1736 iure
1527 1670 1633 1736 socie·

382 1773 473 1852 tatis,
497 1795 534 1840 se
556 1775 661 1860 ipsam
678 1775 838 1842 adversus
855 1795 1070 1858 aggressores
1086 1775 1266 1842 efficaciter
1281 1775 1486 1854 defendendi,
1510 1777 1632 1860 partim

383 1879 416 1945 in
440 1881 549 1947 officio
573 1881 703 1947 socialis
719 1881 955 1965 providentiae,
980 1879 1213 1947 malefactores
1227 1885 1396 1964 tamquam
1412 1881 1513 1947 noxia
1528 1881 1633 1948 socie·

382 1987 464 2052 tatis
487 1988 631 2054 membra
654 1989 725 2054 sive
749 1992 829 2073 apta
850 1987 1054 2054 correctione
1069 1988 1264 2054 emendandi
1279 1989 1351 2054 sive
1366 1989 1408 2054 ad
1424 1989 1632 2054 serviendum

382 2092 580 2177 reipublicae
610 2094 641 2158 vi
674 2093 853 2174 coercendi,
878 2095 1070 2161 —reiecta
1097 2095 1224 2160 scilicet
1253 2095 1341 2160 omni
1369 2098 1495 2161 ratione
1521 2097 1631 2180 cepia-

382 2203 466 2266 toric
489 2220 677 2285 poenarum,
703 2221 767 2282 qua
789 2204 965 2284 praeterea
988 2221 1048 2284 per
1062 2200 1223 2267 iustitiam
1238 2201 1474 2267 vindicativem
1489 2223 1632 2286 coepero

379 2329 440 2392 pro
464 2308 612 2372 dernertto
636 2309 745 2392 culpae
761 2307 927 2372 retributio
943 2311 1120 2373 statuatur.
1153 2307 1258 2373 Huius
1274 2308 1454 2386 doctrinae,
1480 2311 1518 2374 ut
1533 2307 1632 2374 facile

381 2415 485 2496 patet,
509 2413 595 2477 inter
618 2411 684 2477 alia
708 2433 909 2494 consequeus
932 2415 993 2490 est,
1025 2417 1062 2478 ut
1080 2435 1187 2498 poena
1210 2417 1321 2479 mortis
1342 2413 1395 2478 vel
1417 2414 1549 2497 penitus
1571 2415 1631 2480 ab·

382 2517 530 2601 roganda
560 2518 615 2583 vel
638 2523 728 2584 certe
751 2519 793 2584 ad
817 2539 874 2584 eos
897 2520 1112 2604 paucissimos
1135 2541 1230 2586 casus
1253 2519 1483 2604 restringenda
1512 2522 1566 2600 sit,
1597 2521 1632 2587 in

383 2625 499 2708 quibus
528 2645 649 2708 urgens
679 2625 860 2691 necessitas
882 2625 1032 2710 publicae
1055 2625 1244 2692 securitatis
1267 2626 1357 2692 illam
1381 2627 1599 2710 postulaverit
1608 2631 1631 2695 ¹.

382 2731 508 2813 Itaque,
533 2731 667 2798 tametsi
690 2733 754 2798 alio
778 2733 811 2798 iu
834 2733 905 2799 loco
929 2731 1011 2799 haec
1034 2731 1183 2814 quaestio
1207 2732 1361 2817 explicite
1375 2733 1553 2799 tractanda
1568 2737 1630 2812 est,

383 2835 476 2902 iuvat
498 2840 611 2903 tamen
633 2837 698 2904 iam
715 2837 767 2903 hio
782 2841 928 2926 peoorale
940 2839 1193 2924 philosophicum
1207 2838 1456 2922 fundamentum
1471 2839 1630 2917 stabilire,

383 2965 446 3028 quo
471 2943 629 3009 eiusmodi
651 2945 783 3010 novitas
806 2947 973 3026 tamquam
999 2945 1146 3010 obiectioo
1169 2947 1324 3011 rationali
1340 2947 1452 3011 ordini
1466 2950 1632 3013 contrario

383 3049 497 3118 stetim
509 3071 530 3116 a
541 3049 653 3116 limine
670 3051 874 3117 excludatur.
903 3051 976 3116 Huc
993 3051 1137 3116 refertur
1152 3072 1292 3134 sequens
1305 3051 1454 3131 assertio,
1472 3073 1537 3136 qua
1548 3073 1630 3118 ana·

380 3157 480 3242 lytice
498 3178 540 3223 ex
555 3156 627 3240 ipse
643 3155 717 3223 idea
728 3155 865 3241 praemii
878 3159 912 3222 et
928 3177 1053 3240 poenae
1065 3155 1199 3239 eiusque
1215 3156 1394 3223 intrinseca
1410 3155 1570 3224 relatione
1586 3158 1629 3223 ad

380 3263 541 3331 rationem
565 3263 674 3330 meriti
704 3265 739 3328 et
762 3261 910 3328 demeriti
934 3262 1096 3344 genuinus
1119 3266 1154 3328 et
1177 3261 1363 3328 essentialis
1391 3261 1630 3329 determinatur

380 3370 463 3450 finis,
495 3371 656 3454 adquam
680 3372 865 3451 utrumque,
897 3373 931 3434 et
960 3369 1141 3452 praemium
1172 3373 1206 3435 et
1232 3389 1348 3453 poena,
1379 3390 1422 3435 ex
1449 3369 1630 3436 intrinseca

380 3499 440 3544 sua
462 3477 591 3542 ratione
614 3497 654 3543 ac
676 3473 770 3560 proin
794 3496 836 3540 ex
859 3475 1041 3540 intentione
1061 3475 1206 3542 auctoris
1229 3479 1368 3542 naturae
1391 3475 1578 3540 ordinatur:

381 3624 447 3696 215.
537 3613 692 3696 Thetis
717 3611 879 3696 XXVI.
921 3637 1115 3700 Praemium
1143 3642 1178 3700 et
1205 3655 1314 3714 poena
1341 3655 1385 3701 ex
1404 3639 1543 3701 interna
1563 3656 1629 3702 sua

380 3737 513 3800 ratione
535 3735 578 3798 ad
599 3735 764 3812 duplicem
785 3735 889 3796 linem
910 3735 1128 3797 essentialem
1149 3735 1370 3813 ordinantur,
1391 3751 1512 3813 nempe
1532 3735 1563 3816 1)
1584 3735 1629 3802 ad

379 3839 511 3898 rectum
539 3833 691 3896 ordinem
720 3832 757 3894 in
784 3831 909 3894 mundo
933 3833 1054 3895 morali
1076 3833 1345 3898 conservandum
1366 3851 1407 3896 ac
1426 3851 1628 3911 promoven·

380 3933 476 4010 dum,
499 3932 532 4012 2)
553 3929 596 3993 ad
617 3929 760 3992 eundem
782 3947 843 4006 ope
865 3931 1104 3992 retributionis
1125 3949 1186 4008 pro
1207 3931 1327 3995 merito
1349 3935 1384 3993 et
1405 3931 1568 3995 demerito
1589 3932 1626 3994 iu

379 4031 511 4094 ratione
532 4028 686 4090 iustitiae
707 4028 939 4104 complendum
961 4045 1002 4090 ae
1022 4027 1282 4090 restituendum.

469 4156 774 4224 Praenotenda.
806 4155 878 4222 Duo
894 4157 985 4233 fines,
999 4177 1081 4238 ques
1096 4155 1212 4222 Thesis
1228 4155 1410 4240 distinguit,
1428 4157 1556 4223 ratione
1568 4157 1626 4222 ob·

378 4266 457 4333 iecti
485 4263 650 4346 generalis
681 4263 809 4346 utrique
840 4261 1020 4328 communis
1048 4263 1091 4328 ad
1120 4285 1220 4328 ‘unum
1245 4262 1383 4344 denique
1405 4265 1504 4329 finem
1526 4283 1624 4345 gene·

471 4451 478 4483 ¹
497 4447 557 4502 Nou
576 4454 619 4502 est
637 4463 703 4500 saue
723 4443 792 4514 quod
812 4443 996 4514 improbemus
1014 4442 1150 4498 laudabile
1169 4443 1290 4498 studium
1309 4461 1409 4509 eorum,
1428 4445 1475 4514 qui
1493 4445 1548 4500 iam
1566 4463 1625 4500 sae·

378 4539 439 4594 culo
458 4535 550 4590 xvut
572 4536 599 4590 iu
626 4535 693 4589 iuris
721 4532 892 4604 philosophia
919 4532 1069 4587 salutarem
1090 4533 1255 4587 reactionem
1282 4537 1377 4587 contra
1398 4533 1523 4588 crudeles
1545 4551 1624 4604 quos·

378 4631 440 4683 dam
460 4643 589 4682 excessus
608 4625 730 4679 institiae
749 4621 898 4678 criminalis
917 4622 1051 4676 suscitare
1069 4621 1160 4675 conati
1172 4623 1282 4675 suntad
1296 4637 1397 4691 eosque
1409 4621 1541 4692 paulatim
1553 4623 1625 4677 miti·

378 4717 482 4785 gendos
508 4731 618 4784 operam
636 4715 781 4767 naverunt.
817 4708 997 4780 Improbanda
1015 4712 1107 4764 autem
1125 4713 1191 4764 sunt
1208 4709 1395 4779 philosophica
1412 4710 1547 4780 principia
1564 4711 1624 4765 sive

379 4806 449 4861 laisa
467 4805 527 4858 sive
545 4801 680 4866 mutilata,
700 4799 798 4870 quibus
817 4798 964 4852 identidem
983 4797 1018 4850 ed
1036 4797 1108 4851 hunc
1126 4799 1208 4851 finem
1226 4797 1268 4852 usi
1287 4803 1359 4862 sunt,
1378 4799 1518 4868 atquibus
1530 4817 1623 4853 veram

378 4895 495 4950 indolem
522 4893 644 4947 iustitiae
670 4889 818 4944 criminalis
837 4887 978 4942 vitiumnt.
1016 4885 1057 4939 ct.
1077 4887 1223 4954 Rectene,
1246 4885 1296 4940 Dei
1315 4885 1404 4940 delilti
1423 4904 1438 4940 e
1458 4885 1528 4940 delle
1546 4903 1622 4957 pene,

381 4985 456 5039 1764.
494 4982 624 5036 Benthcm
646 4979 699 5046 (ed.
719 4977 866 5046 Damnat),
893 4977 1008 5030 Theorie
1027 4975 1076 5028 des
1094 4975 1189 5044 peines
1207 4980 1235 5029 et
1253 4975 1301 5030 dee
1318 4979 1523 5045 recompenses,
1545 4973 1621 5029 1812.
