3909 5842
727 706 767 761 lle
786 707 949 762 auctoritate
967 706 1071 762 sociali.
1456 711 1520 776 317

269 879 344 953 355.
435 877 594 953 Probatur
615 879 683 952 111⁰.
730 883 784 950 Ea
804 884 891 974 facto
914 887 1073 952 constanti
1095 892 1123 950 ct
1145 887 1331 952 universati.

362 986 493 1054 Revera
522 987 608 1053 enim
631 989 721 1056 nullu
745 1010 898 1074 umquam
920 991 995 1056 visa
1016 995 1069 1058 eet
1091 989 1233 1057 societas
1256 991 1423 1057 hominum
1445 1013 1522 1077 pre·

268 1093 343 1176 prie
367 1094 465 1172 dicta,
490 1095 700 1176 quantumvis
724 1096 845 1178 exigua
869 1100 904 1162 et
926 1097 1077 1180 simplex,
1101 1097 1151 1163 uti
1172 1119 1206 1164 v.
1230 1118 1262 1180 g.
1286 1097 1428 1165 societas
1444 1120 1521 1165 eon·

267 1197 401 1282 iugalis,
432 1200 485 1266 cui
507 1221 571 1266 non
595 1200 705 1284 aliqua
728 1201 910 1270 auctoritas
936 1202 995 1268 fini
1017 1202 1131 1269 sociali
1152 1203 1402 1270 accommodata
1423 1226 1520 1289 prae·

267 1303 382 1392 fuerit,
429 1305 545 1389 Neque
575 1307 680 1386 obest,
711 1309 799 1390 quod
827 1308 930 1376 etiam
959 1308 1138 1377 societates
1166 1309 1244 1374 oriri
1267 1309 1405 1394 possint,
1436 1331 1521 1393 quae

271 1413 468 1494 „aequales“
490 1414 591 1497 vulgo
615 1415 835 1500 appellantur,
859 1414 880 1483 i.
898 1437 925 1482 e.
948 1415 982 1481 in
998 1415 1116 1498 quibus
1130 1437 1245 1482 omnes
1259 1415 1340 1482 socii
1355 1436 1421 1498 qua
1434 1418 1520 1484 tales

266 1519 395 1586 iuribus
419 1521 575 1604 aequales
597 1525 684 1600 sunt,
708 1522 882 1605 nullusque
905 1521 1025 1589 ceteris
1048 1543 1121 1588 cum
1144 1520 1279 1606 imperio
1302 1523 1518 1607 praepositus.

266 1625 357 1692 Nam
388 1625 421 1692 in
453 1627 600 1694 coetibus
630 1627 799 1705 eiusmodi,
830 1631 946 1714 utpote
975 1629 1032 1711 qui
1058 1627 1351 1694 libcrahominum
1374 1628 1521 1696 interae

266 1733 458 1814 aequalium
482 1735 698 1801 conventione
720 1735 794 1802 initi
817 1739 852 1802 et
875 1735 917 1802 ad
940 1737 1039 1801 finem
1063 1755 1266 1801 communem
1282 1734 1409 1820 pariter
1424 1737 1521 1803 tibere

267 1842 460 1923 susceptum
491 1840 633 1909 ordinati
663 1846 751 1920 sunt,
780 1841 854 1926 ipsa
883 1862 1014 1924 quoque
1043 1841 1225 1908 aucmritas
1249 1841 1380 1907 socialis
1402 1847 1520 1928 suapte

269 1949 393 2012 natura
416 1946 545 2013 nonnisi
562 1950 701 2034 paetitia
724 1967 783 2014 seu
806 1946 1069 2014 conventionalia
1091 1967 1165 2013 esse
1186 1950 1316 2032 potest3
1345 1948 1444 2013 immo
1468 1953 1520 2015 eet

266 2051 342 2135 ipse
364 2056 559 2120 voluntatum
583 2076 752 2121 conacaeae
776 2075 835 2138 per
854 2053 985 2120 modum
1002 2055 1080 2140 topia
1094 2073 1153 2119 seu
1168 2054 1288 2120 statuti
1302 2053 1434 2120 socialis
1443 2077 1519 2140 per·

269 2168 438 2225 maaeatcr
453 2181 630 2247 wacca,
655 2160 745 2226 cuius
761 2163 832 2226 ciac
848 2163 1023 2244 praeterea
1037 2159 1309 2244 repraesentatio,
1333 2160 1430 2226 simul
1445 2182 1519 2226 cum

270 2262 450 2331 directione
481 2266 699 2332 communium
726 2265 944 2348 negotiorum,
975 2266 1073 2332 elicui
1097 2266 1204 2332 electo
1226 2265 1371 2350 praesidi
1393 2267 1447 2332 vel
1470 2267 1518 2332 di-

269 2371 412 2438 rectorio
436 2372 663 2440 committitur.
709 2372 796 2438 Hinc
820 2377 880 2449 eet,
912 2372 1000 2455 quod
1029 2371 1143 2438 eadem
1168 2374 1324 2438 collectiva
1346 2374 1520 2439 rationalia

268 2479 425 2562 calcatae,
450 2478 615 2544 stabiliter
638 2499 807 2563 expressa,
830 2479 937 2545 instar
959 2478 1169 2546 auctoritatis
1187 2498 1252 2543 non
1268 2477 1372 2544 solum
1389 2477 1519 2544 socialis

269 2585 416 2669 corporis
439 2586 600 2653 unitatem
623 2586 759 2652 realiter
782 2585 884 2652 efficit
907 2589 941 2651 et
964 2588 1141 2664 sustentat,
1166 2606 1280 2650 verum
1304 2589 1338 2651 et
1360 2583 1517 2666 singulos,

269 2692 425 2774 quamdiu
447 2693 526 2760 socii
550 2714 683 2760 manere
702 2692 877 2770 voluerint,
902 2692 973 2759 iure
989 2691 1127 2777 paetitio
1144 2691 1316 2758 moraliter
1330 2689 1517 2774 obstringit.

268 2831 341 2904 356.
433 2831 625 2906 (lorellerlat
648 2835 672 2902 Ι.
698 2835 735 2900 In
760 2835 873 2900 ordine
896 2835 977 2901 reali
1001 2855 1061 2919 per
1083 2837 1184 2901 colam
1198 2832 1430 2900 auctoritatem
1446 2853 1517 2897 cor-

268 2963 331 3024 pus
365 2940 487 3006 sociale
522 2941 706 3009 formaliter
737 2941 879 3007 efficitur
909 2963 1048 3028 pcraoaa
1080 2945 1222 3022 moralia,
1257 2961 1342 3023 quae
1371 2941 1409 3004 ut
1438 2937 1517 3004 talis

268 3047 387 3112 iurium
412 3051 447 3113 et
470 3047 649 3114 officiorum
674 3050 856 3114 subiectum
876 3048 929 3115 sit.
961 3047 1048 3113 Nam
1065 3047 1265 3114 auctoritate
1279 3047 1422 3112 nondum
1439 3066 1516 3110 con-

268 3152 388 3219 stituta
417 3153 496 3219 illud
528 3175 633 3237 neque
663 3154 811 3221 vitaliter
840 3157 875 3220 et
904 3154 1069 3221 stabiliter
1098 3174 1208 3232 unum,
1238 3174 1344 3235 neque
1362 3155 1517 3238 propriae

269 3259 406 3326 alicuius
429 3259 612 3328 activitatis
634 3261 828 3346 principium
852 3263 911 3326 aut
934 3259 1116 3327 subiectum
1140 3279 1213 3325 esse
1235 3261 1355 3343 potest.

269 3407 339 3480 357.
430 3411 471 3479 II.
496 3413 613 3498 Itaque
635 3414 801 3480 hominum
825 3412 1010 3495 multitudo,
1028 3411 1164 3479 tametsi
1179 3410 1342 3477 communi
1357 3426 1517 3475 consensu

271 3517 313 3582 ad
336 3517 528 3586 societatem
552 3520 814 3587 constituendam
838 3519 977 3586 collecte
997 3523 1032 3585 et
1046 3523 1183 3585 eatenus
1197 3517 1262 3583 iam
1280 3515 1516 3600 quodammodo

269 3623 371 3702 unita,
404 3645 482 3690 vere
507 3627 620 3692 tamen
644 3630 812 3694 mnetituta
835 3629 967 3692 secatae
990 3628 1025 3692 et
1048 3645 1190 3709 persona
1211 3622 1346 3690 moralis
1368 3622 1517 3707 perfecta

270 3730 433 3796 censenda
453 3735 595 3810 nonest,
620 3736 797 3816 antequam
820 3731 956 3798 realiter
979 3730 1161 3797 constituta
1182 3728 1382 3796 auctoritate
1403 3726 1517 3793 sociali

271 3838 438 3918 tamquam
461 3838 545 3904 reali
566 3838 726 3922 principia
749 3837 884 3904 moralis
906 3835 1154 3921 personalitatis
1177 3840 1212 3903 et
1230 3834 1422 3901 collectivae
1438 3853 1515 3917 ope·

270 3941 407 4008 rationis
436 3942 642 4012 informetur.
688 3943 805 4026 Neque
835 3943 921 4008 enim
949 3941 1092 4008 societas
1124 3941 1174 4019 ,in
1197 3940 1301 4019 fieri“‚
1324 3944 1362 4006 ut
1384 3939 1516 4004 scholae

270 4047 428 4114 vocabulo
452 4053 537 4127 uter,
563 4048 790 4116 confundenda
813 4053 866 4115 est
888 4069 960 4114 aum
985 4047 1146 4114 societate
1173 4046 1223 4123 ¹‚in
1246 4045 1335 4114 facto
1358 4047 1463 4112 eeee‘.

270 4193 340 4266 358.
432 4195 488 4265 ΙΠ.
512 4197 550 4263 In
574 4199 661 4264 omni
683 4199 883 4266 auctoritate
906 4199 1042 4265 realiter
1064 4199 1244 4265 constituta
1260 4199 1323 4264 duo
1340 4197 1434 4280 quasi
1449 4199 1515 4264 ele·

271 4306 381 4368 mente
404 4304 505 4386 prebe
526 4303 757 4387 distinguenda
772 4309 865 4382 sunt;
888 4309 1028 4392 primam
1046 4309 1098 4372 est
1112 4306 1185 4390 ipsa
1201 4307 1375 4372 caecatae
1390 4306 1515 4370 sociatis

269 4429 327 4492 per
348 4431 381 4475 ec
403 4418 541 4495 spectata
565 4431 622 4476 eeu
650 4411 719 4490 „ius
734 4411 902 4495 obligandi
917 4412 1064 4478 membra
1078 4412 1257 4488 societatis,
1280 4416 1319 4478 ut
1338 4410 1380 4476 ad
1395 4411 1514 4475 bonum

271 4532 439 4580 commune
469 4515 536 4582 suis
567 4516 694 4584 actibus
725 4517 945 4602 conspirent“,
976 4523 1011 4585 et
1042 4517 1104 4584 hoc
1134 4517 1263 4601 quidem
1294 4519 1419 4582 ratioac
1437 4517 1514 4598 tiata

270 4774 360 4828 anima
379 4775 450 4842 regit
468 4792 574 4846 cerpus.
590 4817 596 4830 .
610 4817 638 4832 ..
670 4773 785 4847 Oportet
803 4777 889 4846 igitur
907 4793 969 4830 esse
988 4776 1016 4830 in
1035 4775 1108 4830 omni
1125 4774 1300 4829 multitudine
1318 4773 1427 4846 aliquod
1445 4775 1515 4844 regi·

269 4863 380 4916 tivum*
423 4863 494 4932 (Etsi
512 4863 564 4917 hee
583 4881 675 4934 opusc.
695 4882 711 4918 a
730 4863 757 4920 S.
776 4863 881 4918 Thema
900 4868 1008 4919 tentum
1027 4863 1193 4928 inchoatum,
1213 4863 1275 4918 dein
1293 4863 1328 4918 ab
1346 4863 1437 4932 aliquo
1456 4865 1514 4919 eius

270 4949 402 5020 discipulo
427 4949 612 5004 continuatim
639 4955 666 5006 et
691 4951 846 5006 absolutum
872 4969 933 5008 esse
952 4953 1076 5017 videtur,
1103 4949 1281 5007 communiter
1305 4955 1396 5007 amen
1415 4953 1514 5008 saltem

269 5038 328 5092 eius
346 5037 365 5093 l.
386 5039 398 5092 l
419 5055 467 5108 pro
486 5039 603 5107 genuine
621 5039 757 5110 hebetur.)
