<?xml version="1.0" encoding="UTF-8"?>
<!DOCTYPE html PUBLIC "-//W3C//DTD XHTML 1.0 Transitional//EN"
    "http://www.w3.org/TR/xhtml1/DTD/xhtml1-transitional.dtd">
<html xmlns="http://www.w3.org/1999/xhtml" xml:lang="en" lang="en">
 <head>
  <title>
</title>
<meta http-equiv="Content-Type" content="text/html;charset=utf-8" />
  <meta name='ocr-system' content='tesseract 3.04.00' />
  <meta name='ocr-capabilities' content='ocr_page ocr_carea ocr_par ocr_line ocrx_word'/>
</head>
<body>
  <div class='ocr_page' id='page_1' title='image "./institutionesiu00meyegoog_0324.png"; bbox 0 0 3909 5842; ppageno 0'>
   <div class='ocr_carea' id='block_1_1' title="bbox 345 680 1428 758">
    <p class='ocr_par' dir='ltr' id='par_1_1' title="bbox 345 680 1428 758">
     <span class='ocr_line' id='line_1_1' title="bbox 345 680 1428 758; baseline 0 -19"><span class='ocrx_word' id='word_1_1' title='bbox 345 753 348 758; x_wconf 21' lang='grc' dir='ltr'>Ι</span> <span class='ocrx_word' id='word_1_2' title='bbox 436 683 500 747; x_wconf 86' lang='grc'>272</span> <span class='ocrx_word' id='word_1_3' title='bbox 698 681 787 736; x_wconf 89' lang='lat' dir='ltr'>Sectio</span> <span class='ocrx_word' id='word_1_4' title='bbox 807 681 828 735; x_wconf 90' lang='grc' dir='ltr'>Ι.</span> <span class='ocrx_word' id='word_1_5' title='bbox 865 681 946 736; x_wconf 87' lang='lat' dir='ltr'>Liber</span> <span class='ocrx_word' id='word_1_6' title='bbox 964 681 1011 736; x_wconf 86' lang='lat'><em>111.</em></span> <span class='ocrx_word' id='word_1_7' title='bbox 1050 680 1139 752; x_wconf 81' lang='lat' dir='ltr'>Caput</span> <span class='ocrx_word' id='word_1_8' title='bbox 1157 681 1205 738; x_wconf 89' lang='lat'>111.</span> <span class='ocrx_word' id='word_1_9' title='bbox 1243 682 1383 738; x_wconf 77' lang='lat' dir='ltr'>Articulus</span> <span class='ocrx_word' id='word_1_10' title='bbox 1403 685 1428 739; x_wconf 83' lang='lat'>3.</span> 
     </span>
    </p>
   </div>
   <div class='ocr_carea' id='block_1_2' title="bbox 429 857 1682 2640">
    <p class='ocr_par' dir='ltr' id='par_1_2' title="bbox 523 857 1343 944">
     <span class='ocr_line' id='line_1_2' title="bbox 523 857 1343 944; baseline 0.005 -22"><span class='ocrx_word' id='word_1_11' title='bbox 523 857 548 924; x_wconf 93' lang='lat' dir='ltr'>I.</span> <span class='ocrx_word' id='word_1_12' title='bbox 575 859 745 938; x_wconf 73' lang='lat' dir='ltr'><strong><em>Quantitas</em></strong></span> <span class='ocrx_word' id='word_1_13' title='bbox 767 860 969 944; x_wconf 76' lang='lat' dir='ltr'>obligationis</span> <span class='ocrx_word' id='word_1_14' title='bbox 992 859 1156 944; x_wconf 80' lang='lat' dir='ltr'><strong>positivae</strong></span> <span class='ocrx_word' id='word_1_15' title='bbox 1179 859 1343 944; x_wconf 76' lang='lat' dir='ltr'>dependet</span> 
     </span>
    </p>

    <p class='ocr_par' dir='ltr' id='par_1_3' title="bbox 433 965 1681 1244">
     <span class='ocr_line' id='line_1_3' title="bbox 526 965 1681 1049; baseline 0.004 -20"><span class='ocrx_word' id='word_1_16' title='bbox 526 968 554 1031; x_wconf 93' lang='lat' dir='ltr'>l.</span> <span class='ocrx_word' id='word_1_17' title='bbox 579 987 599 1029; x_wconf 94' lang='lat' dir='ltr'>a</span> <span class='ocrx_word' id='word_1_18' title='bbox 622 969 777 1049; x_wconf 72' lang='lat' dir='ltr'>pravitate</span> <span class='ocrx_word' id='word_1_19' title='bbox 800 967 917 1032; x_wconf 83' lang='lat' dir='ltr'>abiecti.</span> <span class='ocrx_word' id='word_1_20' title='bbox 950 965 1044 1032; x_wconf 88' lang='lat' dir='ltr'>Haeo</span> <span class='ocrx_word' id='word_1_21' title='bbox 1066 986 1146 1032; x_wconf 88' lang='lat' dir='ltr'>vero</span> <span class='ocrx_word' id='word_1_22' title='bbox 1170 966 1378 1034; x_wconf 84' lang='lat' dir='ltr'>aestimanda</span> <span class='ocrx_word' id='word_1_23' title='bbox 1401 971 1452 1034; x_wconf 90' lang='lat' dir='ltr'>cst</span> <span class='ocrx_word' id='word_1_24' title='bbox 1475 973 1547 1034; x_wconf 90' lang='lat' dir='ltr'>tum</span> <span class='ocrx_word' id='word_1_25' title='bbox 1563 989 1608 1034; x_wconf 90' lang='lat' dir='ltr'>ex</span> <span class='ocrx_word' id='word_1_26' title='bbox 1622 970 1681 1034; x_wconf 88' lang='lat' dir='ltr'>fine</span> 
     </span>
     <span class='ocr_line' id='line_1_4' title="bbox 433 1069 1680 1154; baseline 0.003 -20"><span class='ocrx_word' id='word_1_27' title='bbox 433 1069 585 1154; x_wconf 88' lang='lat' dir='ltr'>proximo</span> <span class='ocrx_word' id='word_1_28' title='bbox 608 1070 702 1153; x_wconf 86' lang='lat' dir='ltr'>legia,</span> <span class='ocrx_word' id='word_1_29' title='bbox 726 1075 795 1135; x_wconf 91' lang='lat' dir='ltr'>tum</span> <span class='ocrx_word' id='word_1_30' title='bbox 821 1092 864 1136; x_wconf 90' lang='lat' dir='ltr'>ex</span> <span class='ocrx_word' id='word_1_31' title='bbox 888 1070 1008 1138; x_wconf 89' lang='lat' dir='ltr'>obiecti</span> <span class='ocrx_word' id='word_1_32' title='bbox 1031 1071 1072 1138; x_wconf 89' lang='lat' dir='ltr'>ad</span> <span class='ocrx_word' id='word_1_33' title='bbox 1097 1071 1236 1137; x_wconf 90' lang='lat' dir='ltr'>eundem</span> <span class='ocrx_word' id='word_1_34' title='bbox 1260 1073 1358 1138; x_wconf 89' lang='lat' dir='ltr'>finem</span> <span class='ocrx_word' id='word_1_35' title='bbox 1382 1073 1529 1140; x_wconf 88' lang='lat' dir='ltr'>utilitate</span> <span class='ocrx_word' id='word_1_36' title='bbox 1553 1077 1613 1139; x_wconf 89' lang='lat' dir='ltr'>aut</span> <span class='ocrx_word' id='word_1_37' title='bbox 1631 1095 1680 1138; x_wconf 92' lang='lat' dir='ltr'>ne-</span> 
     </span>
     <span class='ocr_line' id='line_1_5' title="bbox 433 1176 600 1244; baseline 0.024 -4"><span class='ocrx_word' id='word_1_38' title='bbox 433 1176 600 1244; x_wconf 74' lang='lat' dir='ltr'>cessitate.</span> 
     </span>
    </p>

    <p class='ocr_par' dir='ltr' id='par_1_4' title="bbox 431 1284 1682 2111">
     <span class='ocr_line' id='line_1_6' title="bbox 524 1284 1681 1370; baseline 0.003 -24"><span class='ocrx_word' id='word_1_39' title='bbox 524 1285 554 1350; x_wconf 87' lang='lat'>2.</span> <span class='ocrx_word' id='word_1_40' title='bbox 579 1305 601 1347; x_wconf 91' lang='lat' dir='ltr'>a</span> <span class='ocrx_word' id='word_1_41' title='bbox 620 1284 779 1349; x_wconf 83' lang='lat' dir='ltr'>uoluntate</span> <span class='ocrx_word' id='word_1_42' title='bbox 801 1285 1001 1370; x_wconf 66' lang='lat' dir='ltr'>kpialatouta,</span> <span class='ocrx_word' id='word_1_43' title='bbox 1025 1288 1140 1367; x_wconf 82' lang='lat' dir='ltr'>utpote</span> <span class='ocrx_word' id='word_1_44' title='bbox 1164 1305 1248 1366; x_wconf 88' lang='lat' dir='ltr'>quae</span> <span class='ocrx_word' id='word_1_45' title='bbox 1272 1288 1324 1350; x_wconf 89' lang='lat' dir='ltr'>est</span> <span class='ocrx_word' id='word_1_46' title='bbox 1346 1307 1445 1351; x_wconf 86' lang='lat' dir='ltr'>causa</span> <span class='ocrx_word' id='word_1_47' title='bbox 1470 1285 1613 1369; x_wconf 79' lang='lat' dir='ltr'>efficiens</span> <span class='ocrx_word' id='word_1_48' title='bbox 1628 1286 1681 1350; x_wconf 93' lang='lat' dir='ltr'>ob·</span> 
     </span>
     <span class='ocr_line' id='line_1_7' title="bbox 432 1387 1682 1475; baseline 0.003 -23"><span class='ocrx_word' id='word_1_49' title='bbox 432 1387 610 1469; x_wconf 87' lang='lat' dir='ltr'>ligationis.</span> <span class='ocrx_word' id='word_1_50' title='bbox 641 1389 718 1455; x_wconf 87' lang='lat' dir='ltr'>Non</span> <span class='ocrx_word' id='word_1_51' title='bbox 732 1393 845 1456; x_wconf 90' lang='lat' dir='ltr'>tamen</span> <span class='ocrx_word' id='word_1_52' title='bbox 868 1390 1020 1456; x_wconf 87' lang='lat' dir='ltr'>absoluto</span> <span class='ocrx_word' id='word_1_53' title='bbox 1043 1390 1180 1457; x_wconf 90' lang='lat' dir='ltr'>arbitrio</span> <span class='ocrx_word' id='word_1_54' title='bbox 1203 1391 1289 1457; x_wconf 89' lang='lat' dir='ltr'>hunc</span> <span class='ocrx_word' id='word_1_55' title='bbox 1313 1391 1466 1458; x_wconf 82' lang='lat' dir='ltr'>eflectum</span> <span class='ocrx_word' id='word_1_56' title='bbox 1481 1391 1594 1456; x_wconf 82' lang='lat' dir='ltr'>valide</span> <span class='ocrx_word' id='word_1_57' title='bbox 1610 1412 1682 1475; x_wconf 90' lang='lat' dir='ltr'>pro·</span> 
     </span>
     <span class='ocr_line' id='line_1_8' title="bbox 433 1494 1682 1579; baseline 0.003 -21"><span class='ocrx_word' id='word_1_58' title='bbox 433 1494 553 1560; x_wconf 91' lang='lat' dir='ltr'>ducere</span> <span class='ocrx_word' id='word_1_59' title='bbox 575 1499 696 1579; x_wconf 87' lang='lat' dir='ltr'>potest,</span> <span class='ocrx_word' id='word_1_60' title='bbox 721 1497 779 1562; x_wconf 91' lang='lat' dir='ltr'>sed</span> <span class='ocrx_word' id='word_1_61' title='bbox 802 1496 908 1562; x_wconf 90' lang='lat' dir='ltr'>solum</span> <span class='ocrx_word' id='word_1_62' title='bbox 931 1495 1020 1564; x_wconf 85' lang='lat' dir='ltr'>intra</span> <span class='ocrx_word' id='word_1_63' title='bbox 1043 1495 1174 1576; x_wconf 90' lang='lat' dir='ltr'>limites,</span> <span class='ocrx_word' id='word_1_64' title='bbox 1199 1518 1280 1579; x_wconf 88' lang='lat' dir='ltr'>quos</span> <span class='ocrx_word' id='word_1_65' title='bbox 1296 1517 1317 1562; x_wconf 92' lang='lat' dir='ltr'>a</span> <span class='ocrx_word' id='word_1_66' title='bbox 1332 1498 1397 1562; x_wconf 87' lang='lat' dir='ltr'>line</span> <span class='ocrx_word' id='word_1_67' title='bbox 1413 1497 1586 1562; x_wconf 78' lang='lat' dir='ltr'>essentiali</span> <span class='ocrx_word' id='word_1_68' title='bbox 1602 1495 1682 1579; x_wconf 86' lang='lat' dir='ltr'>legis</span> 
     </span>
     <span class='ocr_line' id='line_1_9' title="bbox 433 1601 1682 1686; baseline 0.002 -21"><span class='ocrx_word' id='word_1_69' title='bbox 433 1603 468 1666; x_wconf 89' lang='lat' dir='ltr'>et</span> <span class='ocrx_word' id='word_1_70' title='bbox 490 1621 511 1665; x_wconf 89' lang='lat' dir='ltr'>a</span> <span class='ocrx_word' id='word_1_71' title='bbox 533 1604 654 1666; x_wconf 88' lang='lat' dir='ltr'>natura</span> <span class='ocrx_word' id='word_1_72' title='bbox 677 1601 889 1685; x_wconf 81' lang='lat' dir='ltr'>obligationis</span> <span class='ocrx_word' id='word_1_73' title='bbox 911 1601 974 1667; x_wconf 89' lang='lat' dir='ltr'>sibi</span> <span class='ocrx_word' id='word_1_74' title='bbox 997 1603 1220 1686; x_wconf 88' lang='lat' dir='ltr'>praelineatos</span> <span class='ocrx_word' id='word_1_75' title='bbox 1243 1602 1354 1669; x_wconf 91' lang='lat' dir='ltr'>habet.</span> <span class='ocrx_word' id='word_1_76' title='bbox 1401 1601 1494 1668; x_wconf 87' lang='lat' dir='ltr'>Alias</span> <span class='ocrx_word' id='word_1_77' title='bbox 1517 1602 1608 1668; x_wconf 90' lang='lat' dir='ltr'>enim</span> <span class='ocrx_word' id='word_1_78' title='bbox 1631 1603 1682 1669; x_wconf 89' lang='lat' dir='ltr'>lex</span> 
     </span>
     <span class='ocr_line' id='line_1_10' title="bbox 431 1706 1682 1792; baseline 0.005 -23"><span class='ocrx_word' id='word_1_79' title='bbox 431 1711 579 1773; x_wconf 85' lang='lat' dir='ltr'>cessaret</span> <span class='ocrx_word' id='word_1_80' title='bbox 602 1727 676 1772; x_wconf 89' lang='lat' dir='ltr'>ease</span> <span class='ocrx_word' id='word_1_81' title='bbox 704 1706 884 1784; x_wconf 89' lang='lat' dir='ltr'>,ordinatio</span> <span class='ocrx_word' id='word_1_82' title='bbox 907 1707 1078 1774; x_wconf 80' lang='lat' dir='ltr'>rationis“.</span> <span class='ocrx_word' id='word_1_83' title='bbox 1110 1707 1317 1792; x_wconf 83' lang='lat' dir='ltr'>Quapropter</span> <span class='ocrx_word' id='word_1_84' title='bbox 1332 1707 1504 1790; x_wconf 88' lang='lat' dir='ltr'>legislator</span> <span class='ocrx_word' id='word_1_85' title='bbox 1519 1708 1682 1775; x_wconf 89' lang='lat' dir='ltr'>humanus</span> 
     </span>
     <span class='ocr_line' id='line_1_11' title="bbox 431 1810 1681 1899; baseline 0.003 -24"><span class='ocrx_word' id='word_1_86' title='bbox 431 1810 465 1876; x_wconf 92' lang='lat' dir='ltr'>in</span> <span class='ocrx_word' id='word_1_87' title='bbox 488 1813 629 1879; x_wconf 89' lang='lat' dir='ltr'>materia</span> <span class='ocrx_word' id='word_1_88' title='bbox 651 1813 782 1895; x_wconf 89' lang='lat' dir='ltr'>quidam</span> <span class='ocrx_word' id='word_1_89' title='bbox 803 1816 898 1899; x_wconf 81' lang='lat' dir='ltr'>praui</span> <span class='ocrx_word' id='word_1_90' title='bbox 912 1814 967 1878; x_wconf 87' lang='lat' dir='ltr'>vel</span> <span class='ocrx_word' id='word_1_91' title='bbox 983 1814 1133 1896; x_wconf 86' lang='lat' dir='ltr'>graviter</span> <span class='ocrx_word' id='word_1_92' title='bbox 1149 1813 1202 1879; x_wconf 91' lang='lat' dir='ltr'>vel</span> <span class='ocrx_word' id='word_1_93' title='bbox 1218 1813 1347 1892; x_wconf 87' lang='lat' dir='ltr'>leviter,</span> <span class='ocrx_word' id='word_1_94' title='bbox 1372 1817 1469 1897; x_wconf 89' lang='lat' dir='ltr'>prout</span> <span class='ocrx_word' id='word_1_95' title='bbox 1484 1813 1681 1881; x_wconf 86' lang='lat' dir='ltr'>alterutrum</span> 
     </span>
     <span class='ocr_line' id='line_1_12' title="bbox 431 1917 1682 2007; baseline 0.003 -25"><span class='ocrx_word' id='word_1_96' title='bbox 431 1917 538 2002; x_wconf 87' lang='lat' dir='ltr'>magia</span> <span class='ocrx_word' id='word_1_97' title='bbox 562 1918 719 2004; x_wconf 90' lang='lat' dir='ltr'>expedire</span> <span class='ocrx_word' id='word_1_98' title='bbox 741 1920 882 1999; x_wconf 85' lang='lat' dir='ltr'>videtur,</span> <span class='ocrx_word' id='word_1_99' title='bbox 913 1919 1029 1986; x_wconf 88' lang='lat' dir='ltr'>sedin</span> <span class='ocrx_word' id='word_1_100' title='bbox 1053 1919 1193 1987; x_wconf 90' lang='lat' dir='ltr'>materia</span> <span class='ocrx_word' id='word_1_101' title='bbox 1217 1921 1425 2007; x_wconf 74' lang='lat' dir='ltr'>undequaque</span> <span class='ocrx_word' id='word_1_102' title='bbox 1447 1921 1506 1986; x_wconf 82' lang='lat' dir='ltr'>leui</span> <span class='ocrx_word' id='word_1_103' title='bbox 1528 1939 1597 1986; x_wconf 87' lang='lat' dir='ltr'>uon</span> <span class='ocrx_word' id='word_1_104' title='bbox 1622 1920 1682 1986; x_wconf 89' lang='lat' dir='ltr'>nisi</span> 
     </span>
     <span class='ocr_line' id='line_1_13' title="bbox 431 2023 887 2111; baseline 0.018 -25"><span class='ocrx_word' id='word_1_105' title='bbox 431 2023 551 2090; x_wconf 90' lang='lat' dir='ltr'>leviter</span> <span class='ocrx_word' id='word_1_106' title='bbox 575 2025 722 2108; x_wconf 88' lang='lat' dir='ltr'>obligare</span> <span class='ocrx_word' id='word_1_107' title='bbox 745 2028 887 2111; x_wconf 81' lang='lat' dir='ltr'>potest1.</span> 
     </span>
    </p>

    <p class='ocr_par' dir='ltr' id='par_1_5' title="bbox 518 2131 1369 2219">
     <span class='ocr_line' id='line_1_14' title="bbox 518 2131 1369 2219; baseline 0.002 -24"><span class='ocrx_word' id='word_1_108' title='bbox 518 2131 560 2199; x_wconf 92' lang='grc' dir='ltr'>ΙΙ.</span> <span class='ocrx_word' id='word_1_109' title='bbox 584 2134 739 2219; x_wconf 83' lang='lat' dir='ltr'>Respectu</span> <span class='ocrx_word' id='word_1_110' title='bbox 758 2155 973 2218; x_wconf 83' lang='lat' dir='ltr'>personarum</span> <span class='ocrx_word' id='word_1_111' title='bbox 997 2132 1188 2200; x_wconf 83' lang='lat' dir='ltr'>extenditur</span> <span class='ocrx_word' id='word_1_112' title='bbox 1211 2131 1369 2214; x_wconf 82' lang='lat' dir='ltr'>obligatio</span> 
     </span>
    </p>

    <p class='ocr_par' dir='ltr' id='par_1_6' title="bbox 430 2237 1681 2429">
     <span class='ocr_line' id='line_1_15' title="bbox 522 2237 1681 2325; baseline -0.001 -23"><span class='ocrx_word' id='word_1_113' title='bbox 522 2241 550 2304; x_wconf 89' lang='lat'>1.</span> <span class='ocrx_word' id='word_1_114' title='bbox 575 2241 653 2325; x_wconf 76' lang='lat' dir='ltr'>lepis</span> <span class='ocrx_word' id='word_1_115' title='bbox 673 2241 828 2324; x_wconf 81' lang='lat' dir='ltr'>positivae</span> <span class='ocrx_word' id='word_1_116' title='bbox 851 2240 991 2322; x_wconf 79' lang='lat' dir='ltr'>diuinae,</span> <span class='ocrx_word' id='word_1_117' title='bbox 1016 2238 1108 2306; x_wconf 82' lang='lat' dir='ltr'>lacta</span> <span class='ocrx_word' id='word_1_118' title='bbox 1130 2237 1404 2323; x_wconf 82' lang='lat' dir='ltr'>promulgatione,</span> <span class='ocrx_word' id='word_1_119' title='bbox 1434 2238 1476 2304; x_wconf 90' lang='lat' dir='ltr'>ad</span> <span class='ocrx_word' id='word_1_120' title='bbox 1500 2257 1619 2304; x_wconf 88' lang='lat' dir='ltr'>omnes</span> <span class='ocrx_word' id='word_1_121' title='bbox 1649 2240 1681 2302; x_wconf 90' lang='lat' dir='ltr'>et</span> 
     </span>
     <span class='ocr_line' id='line_1_16' title="bbox 430 2341 1498 2429; baseline 0.003 -22"><span class='ocrx_word' id='word_1_122' title='bbox 430 2341 577 2425; x_wconf 89' lang='lat' dir='ltr'>singulos</span> <span class='ocrx_word' id='word_1_123' title='bbox 600 2343 758 2422; x_wconf 88' lang='lat' dir='ltr'>homines,</span> <span class='ocrx_word' id='word_1_124' title='bbox 783 2343 826 2409; x_wconf 92' lang='lat' dir='ltr'>ad</span> <span class='ocrx_word' id='word_1_125' title='bbox 850 2365 932 2427; x_wconf 90' lang='lat' dir='ltr'>quos</span> <span class='ocrx_word' id='word_1_126' title='bbox 955 2365 998 2410; x_wconf 94' lang='lat' dir='ltr'>ex</span> <span class='ocrx_word' id='word_1_127' title='bbox 1021 2343 1083 2410; x_wconf 87' lang='lat' dir='ltr'>Dei</span> <span class='ocrx_word' id='word_1_128' title='bbox 1106 2343 1313 2411; x_wconf 87' lang='lat' dir='ltr'>ordinatione</span> <span class='ocrx_word' id='word_1_129' title='bbox 1336 2345 1498 2429; x_wconf 82' lang='lat' dir='ltr'>pertinet;</span> 
     </span>
    </p>

    <p class='ocr_par' dir='ltr' id='par_1_7' title="bbox 429 2449 1680 2640">
     <span class='ocr_line' id='line_1_17' title="bbox 519 2449 1680 2537; baseline 0 -23"><span class='ocrx_word' id='word_1_130' title='bbox 519 2453 549 2515; x_wconf 84' lang='lat'>2.</span> <span class='ocrx_word' id='word_1_131' title='bbox 574 2453 650 2537; x_wconf 77' lang='lat' dir='ltr'>lepis</span> <span class='ocrx_word' id='word_1_132' title='bbox 678 2452 839 2516; x_wconf 82' lang='lat' dir='ltr'>tumauue</span> <span class='ocrx_word' id='word_1_133' title='bbox 869 2470 948 2516; x_wconf 92' lang='lat' dir='ltr'>vero</span> <span class='ocrx_word' id='word_1_134' title='bbox 976 2450 1019 2516; x_wconf 89' lang='lat' dir='ltr'>ad</span> <span class='ocrx_word' id='word_1_135' title='bbox 1050 2470 1163 2516; x_wconf 91' lang='lat' dir='ltr'>omnes</span> <span class='ocrx_word' id='word_1_136' title='bbox 1195 2455 1229 2517; x_wconf 93' lang='lat' dir='ltr'>et</span> <span class='ocrx_word' id='word_1_137' title='bbox 1257 2451 1345 2516; x_wconf 90' lang='lat' dir='ltr'>solos</span> <span class='ocrx_word' id='word_1_138' title='bbox 1369 2449 1517 2516; x_wconf 89' lang='lat' dir='ltr'>subditos</span> <span class='ocrx_word' id='word_1_139' title='bbox 1541 2449 1680 2516; x_wconf 89' lang='lat' dir='ltr'>rationis</span> 
     </span>
     <span class='ocr_line' id='line_1_18' title="bbox 429 2556 1568 2640; baseline 0.004 -21"><span class='ocrx_word' id='word_1_140' title='bbox 429 2575 490 2620; x_wconf 88' lang='lat' dir='ltr'>usu</span> <span class='ocrx_word' id='word_1_141' title='bbox 513 2556 675 2639; x_wconf 90' lang='lat' dir='ltr'>pollentes</span> <span class='ocrx_word' id='word_1_142' title='bbox 699 2561 733 2622; x_wconf 89' lang='lat' dir='ltr'>et</span> <span class='ocrx_word' id='word_1_143' title='bbox 756 2556 957 2623; x_wconf 84' lang='lat' dir='ltr'>exsistentes</span> <span class='ocrx_word' id='word_1_144' title='bbox 981 2556 1013 2620; x_wconf 91' lang='lat' dir='ltr'>iu</span> <span class='ocrx_word' id='word_1_145' title='bbox 1038 2557 1119 2634; x_wconf 92' lang='lat' dir='ltr'>loco,</span> <span class='ocrx_word' id='word_1_146' title='bbox 1144 2577 1203 2640; x_wconf 92' lang='lat' dir='ltr'>pro</span> <span class='ocrx_word' id='word_1_147' title='bbox 1227 2577 1291 2638; x_wconf 92' lang='lat' dir='ltr'>quo</span> <span class='ocrx_word' id='word_1_148' title='bbox 1314 2557 1385 2623; x_wconf 90' lang='lat' dir='ltr'>lata</span> <span class='ocrx_word' id='word_1_149' title='bbox 1408 2561 1460 2622; x_wconf 90' lang='lat' dir='ltr'>est</span> <span class='ocrx_word' id='word_1_150' title='bbox 1482 2556 1538 2622; x_wconf 87' lang='lat' dir='ltr'>lex</span> <span class='ocrx_word' id='word_1_151' title='bbox 1546 2557 1568 2623; x_wconf 77' lang='lat'>².</span> 
     </span>
    </p>
   </div>
   <div class='ocr_carea' id='block_1_3' title="bbox 648 2748 1447 2962">
    <p class='ocr_par' dir='ltr' id='par_1_8' title="bbox 648 2748 1447 2962">
     <span class='ocr_line' id='line_1_19' title="bbox 900 2748 1272 2822; baseline 0.022 -8"><span class='ocrx_word' id='word_1_152' title='bbox 900 2748 1144 2817; x_wconf 79' lang='lat' dir='ltr'>Articulus</span> <span class='ocrx_word' id='word_1_153' title='bbox 1168 2749 1202 2818; x_wconf 81' lang='lat'>3.</span> <span class='ocrx_word' id='word_1_154' title='bbox 1270 2817 1272 2822; x_wconf 89' lang='lat'><em>.</em></span> 
     </span>
     <span class='ocr_line' id='line_1_20' title="bbox 648 2873 1447 2962; baseline 0.008 -25"><span class='ocrx_word' id='word_1_155' title='bbox 648 2873 699 2937; x_wconf 89' lang='lat' dir='ltr'>De</span> <span class='ocrx_word' id='word_1_156' title='bbox 721 2876 893 2940; x_wconf 79' lang='lat' dir='ltr'>cessatione</span> <span class='ocrx_word' id='word_1_157' title='bbox 916 2882 945 2940; x_wconf 86' lang='lat' dir='ltr'>et</span> <span class='ocrx_word' id='word_1_158' title='bbox 967 2877 1141 2941; x_wconf 83' lang='lat' dir='ltr'>mutatione</span> <span class='ocrx_word' id='word_1_159' title='bbox 1164 2878 1240 2962; x_wconf 81' lang='lat' dir='ltr'>lepte</span> <span class='ocrx_word' id='word_1_160' title='bbox 1262 2879 1415 2961; x_wconf 84' lang='lat' dir='ltr'>positivae</span> <span class='ocrx_word' id='word_1_161' title='bbox 1424 2877 1447 2943; x_wconf 78' lang='lat'>³.</span> 
     </span>
    </p>
   </div>
   <div class='ocr_carea' id='block_1_4' title="bbox 423 3009 1676 4588">
    <p class='ocr_par' dir='ltr' id='par_1_9' title="bbox 426 3009 1676 3533">
     <span class='ocr_line' id='line_1_21' title="bbox 430 3009 1675 3110; baseline 0.001 -30"><span class='ocrx_word' id='word_1_162' title='bbox 430 3009 501 3081; x_wconf 80' lang='lat'>3⁰⁰.</span> <span class='ocrx_word' id='word_1_163' title='bbox 592 3013 662 3079; x_wconf 85' lang='lat' dir='ltr'>Lex</span> <span class='ocrx_word' id='word_1_164' title='bbox 684 3015 829 3099; x_wconf 89' lang='lat' dir='ltr'>positiva</span> <span class='ocrx_word' id='word_1_165' title='bbox 848 3016 993 3082; x_wconf 90' lang='lat' dir='ltr'>humana</span> <span class='ocrx_word' id='word_1_166' title='bbox 1009 3017 1095 3083; x_wconf 91' lang='lat' dir='ltr'>omui</span> <span class='ocrx_word' id='word_1_167' title='bbox 1111 3018 1303 3085; x_wconf 85' lang='lat' dir='ltr'>mutationis</span> <span class='ocrx_word' id='word_1_168' title='bbox 1318 3019 1425 3098; x_wconf 93' lang='lat' dir='ltr'>modo,</span> <span class='ocrx_word' id='word_1_169' title='bbox 1450 3016 1553 3100; x_wconf 90' lang='lat' dir='ltr'>quiin</span> <span class='ocrx_word' id='word_1_170' title='bbox 1569 3017 1675 3110; x_wconf 82' lang='lat' dir='ltr'>legem</span> 
     </span>
     <span class='ocr_line' id='line_1_22' title="bbox 429 3117 1676 3204; baseline 0.005 -22"><span class='ocrx_word' id='word_1_171' title='bbox 429 3117 548 3184; x_wconf 90' lang='lat' dir='ltr'>cadere</span> <span class='ocrx_word' id='word_1_172' title='bbox 570 3120 685 3204; x_wconf 84' lang='lat' dir='ltr'>possit,</span> <span class='ocrx_word' id='word_1_173' title='bbox 710 3121 866 3191; x_wconf 87' lang='lat' dir='ltr'>subiacet.</span> <span class='ocrx_word' id='word_1_174' title='bbox 898 3124 968 3188; x_wconf 88' lang='lat' dir='ltr'>Lex</span> <span class='ocrx_word' id='word_1_175' title='bbox 993 3128 1104 3190; x_wconf 89' lang='lat' dir='ltr'>autem</span> <span class='ocrx_word' id='word_1_176' title='bbox 1128 3124 1239 3191; x_wconf 86' lang='lat' dir='ltr'>diviua</span> <span class='ocrx_word' id='word_1_177' title='bbox 1258 3146 1314 3191; x_wconf 87' lang='lat' dir='ltr'>eas</span> <span class='ocrx_word' id='word_1_178' title='bbox 1330 3129 1458 3192; x_wconf 88' lang='lat' dir='ltr'>tantum</span> <span class='ocrx_word' id='word_1_179' title='bbox 1475 3123 1676 3190; x_wconf 88' lang='lat' dir='ltr'>mutationes</span> 
     </span>
     <span class='ocr_line' id='line_1_23' title="bbox 427 3224 1675 3314; baseline 0.003 -24"><span class='ocrx_word' id='word_1_180' title='bbox 427 3224 585 3305; x_wconf 86' lang='lat' dir='ltr'>admittit,</span> <span class='ocrx_word' id='word_1_181' title='bbox 597 3248 799 3310; x_wconf 85' lang='lat' dir='ltr'>quaeroque</span> <span class='ocrx_word' id='word_1_182' title='bbox 811 3229 1090 3312; x_wconf 71' lang='lat' dir='ltr'>imperfectionem</span> <span class='ocrx_word' id='word_1_183' title='bbox 1104 3235 1253 3314; x_wconf 86' lang='lat' dir='ltr'>exparte</span> <span class='ocrx_word' id='word_1_184' title='bbox 1265 3230 1465 3314; x_wconf 77' lang='lat' dir='ltr'>legislatoris</span> <span class='ocrx_word' id='word_1_185' title='bbox 1477 3233 1675 3314; x_wconf 85' lang='lat' dir='ltr'>supponunt,</span> 
     </span>
     <span class='ocr_line' id='line_1_24' title="bbox 427 3333 1675 3414; baseline 0.002 -18"><span class='ocrx_word' id='word_1_186' title='bbox 427 3333 686 3414; x_wconf 89' lang='lat' dir='ltr'>neque-rationi</span> <span class='ocrx_word' id='word_1_187' title='bbox 718 3335 911 3402; x_wconf 87' lang='lat' dir='ltr'>stabilitatis</span> <span class='ocrx_word' id='word_1_188' title='bbox 941 3355 962 3400; x_wconf 90' lang='lat' dir='ltr'>a</span> <span class='ocrx_word' id='word_1_189' title='bbox 989 3335 1059 3400; x_wconf 89' lang='lat' dir='ltr'>Deo</span> <span class='ocrx_word' id='word_1_190' title='bbox 1089 3335 1237 3402; x_wconf 88' lang='lat' dir='ltr'>intentae</span> <span class='ocrx_word' id='word_1_191' title='bbox 1267 3336 1505 3404; x_wconf 87' lang='lat' dir='ltr'>contradicunt.</span> <span class='ocrx_word' id='word_1_192' title='bbox 1552 3336 1675 3413; x_wconf 79' lang='lat' dir='ltr'>Quibus</span> 
     </span>
     <span class='ocr_line' id='line_1_25' title="bbox 426 3429 1575 3533; baseline 0.006 -31"><span class='ocrx_word' id='word_1_193' title='bbox 426 3439 640 3522; x_wconf 88' lang='lat' dir='ltr'>praemonitis</span> <span class='ocrx_word' id='word_1_194' title='bbox 663 3442 847 3523; x_wconf 89' lang='lat' dir='ltr'>generatim</span> <span class='ocrx_word' id='word_1_195' title='bbox 870 3441 953 3533; x_wconf 89' lang='lat' dir='ltr'>haec</span> <span class='ocrx_word' id='word_1_196' title='bbox 976 3444 1125 3508; x_wconf 88' lang='lat' dir='ltr'>statuere</span> <span class='ocrx_word' id='word_1_197' title='bbox 1148 3441 1242 3508; x_wconf 87' lang='lat' dir='ltr'>licet:</span> <span class='ocrx_word' id='word_1_198' title='bbox 1572 3429 1575 3436; x_wconf 59' lang='grc'><strong>’</strong></span> 
     </span>
    </p>

    <p class='ocr_par' dir='ltr' id='par_1_10' title="bbox 514 3545 1185 3634">
     <span class='ocr_line' id='line_1_26' title="bbox 514 3545 1185 3634; baseline 0.004 -23"><span class='ocrx_word' id='word_1_199' title='bbox 514 3545 539 3612; x_wconf 93' lang='grc' dir='ltr'>Ι.</span> <span class='ocrx_word' id='word_1_200' title='bbox 566 3548 763 3614; x_wconf 71' lang='lat' dir='ltr'>Caeretanae</span> <span class='ocrx_word' id='word_1_201' title='bbox 786 3551 836 3614; x_wconf 82' lang='lat' dir='ltr'>teu</span> <span class='ocrx_word' id='word_1_202' title='bbox 858 3556 922 3613; x_wconf 86' lang='lat' dir='ltr'>totu</span> <span class='ocrx_word' id='word_1_203' title='bbox 947 3557 976 3614; x_wconf 86' lang='lat' dir='ltr'>et</span> <span class='ocrx_word' id='word_1_204' title='bbox 999 3551 1185 3634; x_wconf 81' lang='lat' dir='ltr'>simpliciter</span> 
     </span>
    </p>

    <p class='ocr_par' dir='ltr' id='par_1_11' title="bbox 427 3653 1670 3842">
     <span class='ocr_line' id='line_1_27' title="bbox 517 3653 1670 3741; baseline 0.005 -24"><span class='ocrx_word' id='word_1_205' title='bbox 517 3654 546 3716; x_wconf 95' lang='lat'>1.</span> <span class='ocrx_word' id='word_1_206' title='bbox 574 3676 634 3738; x_wconf 84' lang='lat' dir='ltr'>per</span> <span class='ocrx_word' id='word_1_207' title='bbox 666 3655 901 3741; x_wconf 74' lang='lat' dir='ltr'>abrepatiouem</span> <span class='ocrx_word' id='word_1_208' title='bbox 932 3653 1110 3739; x_wconf 88' lang='lat' dir='ltr'>superioris</span> <span class='ocrx_word' id='word_1_209' title='bbox 1140 3655 1194 3720; x_wconf 86' lang='lat' dir='ltr'>vel</span> <span class='ocrx_word' id='word_1_210' title='bbox 1225 3675 1415 3740; x_wconf 87' lang='lat' dir='ltr'>expressam</span> <span class='ocrx_word' id='word_1_211' title='bbox 1448 3655 1501 3720; x_wconf 91' lang='lat' dir='ltr'>vel</span> <span class='ocrx_word' id='word_1_212' title='bbox 1524 3655 1670 3723; x_wconf 82' lang='lat' dir='ltr'>tacitam.</span> 
     </span>
     <span class='ocr_line' id='line_1_28' title="bbox 427 3755 1474 3842; baseline 0.008 -22"><span class='ocrx_word' id='word_1_213' title='bbox 427 3755 520 3822; x_wconf 90' lang='lat' dir='ltr'>Haec</span> <span class='ocrx_word' id='word_1_214' title='bbox 543 3759 650 3825; x_wconf 88' lang='lat' dir='ltr'>altera</span> <span class='ocrx_word' id='word_1_215' title='bbox 673 3759 779 3825; x_wconf 91' lang='lat' dir='ltr'>locum</span> <span class='ocrx_word' id='word_1_216' title='bbox 803 3761 914 3836; x_wconf 89' lang='lat' dir='ltr'>habet,</span> <span class='ocrx_word' id='word_1_217' title='bbox 939 3759 1067 3842; x_wconf 90' lang='lat' dir='ltr'>quoties</span> <span class='ocrx_word' id='word_1_218' title='bbox 1090 3761 1146 3826; x_wconf 90' lang='lat' dir='ltr'>lex</span> <span class='ocrx_word' id='word_1_219' title='bbox 1170 3761 1335 3828; x_wconf 90' lang='lat' dir='ltr'>contraria</span> <span class='ocrx_word' id='word_1_220' title='bbox 1357 3761 1474 3828; x_wconf 87' lang='lat' dir='ltr'>fertur.</span> 
     </span>
    </p>

    <p class='ocr_par' dir='ltr' id='par_1_12' title="bbox 424 3867 1671 4248">
     <span class='ocr_line' id='line_1_29' title="bbox 516 3867 1670 3954; baseline 0.005 -25"><span class='ocrx_word' id='word_1_221' title='bbox 516 3867 546 3931; x_wconf 83' lang='lat'>2.</span> <span class='ocrx_word' id='word_1_222' title='bbox 571 3874 712 3931; x_wconf 77' lang='lat' dir='ltr'>aestuate</span> <span class='ocrx_word' id='word_1_223' title='bbox 742 3869 819 3953; x_wconf 80' lang='lat' dir='ltr'>lepis</span> <span class='ocrx_word' id='word_1_224' title='bbox 849 3871 974 3932; x_wconf 81' lang='lat' dir='ltr'>ratione</span> <span class='ocrx_word' id='word_1_225' title='bbox 995 3867 1089 3951; x_wconf 78' lang='lat' dir='ltr'>finali</span> <span class='ocrx_word' id='word_1_226' title='bbox 1119 3869 1311 3954; x_wconf 81' lang='lat' dir='ltr'>adaequata,</span> <span class='ocrx_word' id='word_1_227' title='bbox 1343 3867 1428 3950; x_wconf 88' lang='lat' dir='ltr'>qnod</span> <span class='ocrx_word' id='word_1_228' title='bbox 1459 3867 1590 3950; x_wconf 77' lang='lat' dir='ltr'>qrridem</span> <span class='ocrx_word' id='word_1_229' title='bbox 1620 3889 1670 3935; x_wconf 86' lang='lat' dir='ltr'>re·</span> 
     </span>
     <span class='ocr_line' id='line_1_30' title="bbox 425 3971 1671 4057; baseline 0.006 -23"><span class='ocrx_word' id='word_1_230' title='bbox 425 3975 541 4052; x_wconf 87' lang='lat' dir='ltr'>spectu</span> <span class='ocrx_word' id='word_1_231' title='bbox 558 3971 642 4054; x_wconf 89' lang='lat' dir='ltr'>legis</span> <span class='ocrx_word' id='word_1_232' title='bbox 665 3973 827 4039; x_wconf 78' lang='lat' dir='ltr'>humanae</span> <span class='ocrx_word' id='word_1_233' title='bbox 848 3978 918 4040; x_wconf 90' lang='lat' dir='ltr'>tum</span> <span class='ocrx_word' id='word_1_234' title='bbox 944 3973 1044 4039; x_wconf 90' lang='lat' dir='ltr'>etiam</span> <span class='ocrx_word' id='word_1_235' title='bbox 1068 3973 1239 4057; x_wconf 89' lang='lat' dir='ltr'>contingit,</span> <span class='ocrx_word' id='word_1_236' title='bbox 1264 3995 1336 4039; x_wconf 90' lang='lat' dir='ltr'>cnm</span> <span class='ocrx_word' id='word_1_237' title='bbox 1360 3973 1423 4041; x_wconf 88' lang='lat' dir='ltr'>toti</span> <span class='ocrx_word' id='word_1_238' title='bbox 1447 3973 1671 4041; x_wconf 87' lang='lat' dir='ltr'>communitati</span> 
     </span>
     <span class='ocr_line' id='line_1_31' title="bbox 424 4074 1670 4164; baseline 0.005 -26"><span class='ocrx_word' id='word_1_239' title='bbox 424 4074 524 4140; x_wconf 92' lang='lat' dir='ltr'>noxia</span> <span class='ocrx_word' id='word_1_240' title='bbox 547 4083 604 4144; x_wconf 89' lang='lat' dir='ltr'>aut</span> <span class='ocrx_word' id='word_1_241' title='bbox 627 4078 752 4145; x_wconf 88' lang='lat' dir='ltr'>inutilia</span> <span class='ocrx_word' id='word_1_242' title='bbox 771 4080 917 4146; x_wconf 86' lang='lat' dir='ltr'>evasisse</span> <span class='ocrx_word' id='word_1_243' title='bbox 933 4083 1024 4145; x_wconf 89' lang='lat' dir='ltr'>certo</span> <span class='ocrx_word' id='word_1_244' title='bbox 1041 4080 1280 4164; x_wconf 73' lang='lat' dir='ltr'>cognoscitur-⁴.</span> <span class='ocrx_word' id='word_1_245' title='bbox 1298 4117 1341 4128; x_wconf 95' lang='lat'>—</span> <span class='ocrx_word' id='word_1_246' title='bbox 1357 4079 1498 4146; x_wconf 83' lang='lat' dir='ltr'>Tollitur</span> <span class='ocrx_word' id='word_1_247' title='bbox 1520 4081 1670 4147; x_wconf 87' lang='lat' dir='ltr'>similiter</span> 
     </span>
     <span class='ocr_line' id='line_1_32' title="bbox 425 4179 646 4248; baseline 0.023 -4"><span class='ocrx_word' id='word_1_248' title='bbox 425 4179 480 4246; x_wconf 87' lang='lat' dir='ltr'>lex</span> <span class='ocrx_word' id='word_1_249' title='bbox 503 4182 646 4248; x_wconf 70' lang='lat' dir='ltr'>tuniano</span> 
     </span>
    </p>

    <p class='ocr_par' dir='ltr' id='par_1_13' title="bbox 423 4290 1667 4588">
     <span class='ocr_line' id='line_1_33' title="bbox 513 4290 1667 4378; baseline 0.004 -27"><span class='ocrx_word' id='word_1_250' title='bbox 513 4290 543 4355; x_wconf 91' lang='lat'>3.</span> <span class='ocrx_word' id='word_1_251' title='bbox 571 4311 633 4374; x_wconf 83' lang='lat' dir='ltr'>per</span> <span class='ocrx_word' id='word_1_252' title='bbox 659 4293 916 4358; x_wconf 82' lang='lat' dir='ltr'>cousuetudinem</span> <span class='ocrx_word' id='word_1_253' title='bbox 939 4294 1111 4378; x_wconf 69' lang='lat' dir='ltr'>legitimam</span> <span class='ocrx_word' id='word_1_254' title='bbox 1139 4293 1349 4370; x_wconf 90' lang='lat' dir='ltr'>contrariam,</span> <span class='ocrx_word' id='word_1_255' title='bbox 1381 4313 1465 4376; x_wconf 90' lang='lat' dir='ltr'>quae</span> <span class='ocrx_word' id='word_1_256' title='bbox 1495 4299 1547 4360; x_wconf 89' lang='lat' dir='ltr'>est</span> <span class='ocrx_word' id='word_1_257' title='bbox 1576 4291 1667 4376; x_wconf 89' lang='lat' dir='ltr'>quasi</span> 
     </span>
     <span class='ocr_line' id='line_1_34' title="bbox 423 4393 1666 4482; baseline 0.006 -25"><span class='ocrx_word' id='word_1_258' title='bbox 423 4393 478 4458; x_wconf 91' lang='lat' dir='ltr'>lex</span> <span class='ocrx_word' id='word_1_259' title='bbox 501 4415 566 4459; x_wconf 92' lang='lat' dir='ltr'>nou</span> <span class='ocrx_word' id='word_1_260' title='bbox 589 4395 723 4480; x_wconf 86' lang='lat' dir='ltr'>scripta,</span> <span class='ocrx_word' id='word_1_261' title='bbox 747 4397 806 4463; x_wconf 89' lang='lat' dir='ltr'>sed</span> <span class='ocrx_word' id='word_1_262' title='bbox 828 4397 993 4462; x_wconf 90' lang='lat' dir='ltr'>hominum</span> <span class='ocrx_word' id='word_1_263' title='bbox 1018 4398 1162 4464; x_wconf 84' lang='lat' dir='ltr'>moribus</span> <span class='ocrx_word' id='word_1_264' title='bbox 1186 4419 1353 4482; x_wconf 83' lang='lat' dir='ltr'>expressa.</span> <span class='ocrx_word' id='word_1_265' title='bbox 1395 4397 1666 4466; x_wconf 80' lang='lat' dir='ltr'>Consuetudinem</span> 
     </span>
     <span class='ocr_line' id='line_1_35' title="bbox 424 4500 1666 4588; baseline 0.005 -23"><span class='ocrx_word' id='word_1_266' title='bbox 424 4500 523 4566; x_wconf 87' lang='lat' dir='ltr'>certis</span> <span class='ocrx_word' id='word_1_267' title='bbox 555 4502 798 4570; x_wconf 89' lang='lat' dir='ltr'>condicionibus</span> <span class='ocrx_word' id='word_1_268' title='bbox 830 4503 989 4570; x_wconf 88' lang='lat' dir='ltr'>munitam</span> <span class='ocrx_word' id='word_1_269' title='bbox 1020 4503 1054 4569; x_wconf 92' lang='lat' dir='ltr'>in</span> <span class='ocrx_word' id='word_1_270' title='bbox 1084 4503 1226 4570; x_wconf 88' lang='lat' dir='ltr'>humana</span> <span class='ocrx_word' id='word_1_271' title='bbox 1256 4504 1415 4571; x_wconf 86' lang='lat' dir='ltr'>societate</span> <span class='ocrx_word' id='word_1_272' title='bbox 1438 4505 1505 4572; x_wconf 89' lang='lat' dir='ltr'>vim</span> <span class='ocrx_word' id='word_1_273' title='bbox 1529 4505 1611 4588; x_wconf 89' lang='lat' dir='ltr'>legis</span> <span class='ocrx_word' id='word_1_274' title='bbox 1634 4509 1666 4571; x_wconf 87' lang='lat' dir='ltr'>et</span> 
     </span>
    </p>
   </div>
   <div class='ocr_carea' id='block_1_5' title="bbox 511 4746 1516 5076">
    <p class='ocr_par' dir='ltr' id='par_1_14' title="bbox 514 4746 1196 4816">
     <span class='ocr_line' id='line_1_36' title="bbox 514 4746 1196 4816; baseline 0.006 -16"><span class='ocrx_word' id='word_1_275' title='bbox 514 4749 523 4780; x_wconf 91' lang='lat'><strong>¹</strong></span> <span class='ocrx_word' id='word_1_276' title='bbox 542 4746 583 4801; x_wconf 80' lang='lat' dir='ltr'>Cf,</span> <span class='ocrx_word' id='word_1_277' title='bbox 603 4749 715 4816; x_wconf 71' lang='lat' dir='ltr'>Securae,</span> <span class='ocrx_word' id='word_1_278' title='bbox 734 4747 774 4800; x_wconf 81' lang='lat' dir='ltr'>lle</span> <span class='ocrx_word' id='word_1_279' title='bbox 792 4747 846 4816; x_wconf 90' lang='lat' dir='ltr'>leg.</span> <span class='ocrx_word' id='word_1_280' title='bbox 865 4747 883 4801; x_wconf 91' lang='lat'>1.</span> <span class='ocrx_word' id='word_1_281' title='bbox 902 4749 927 4813; x_wconf 84' lang='grc'>3,</span> <span class='ocrx_word' id='word_1_282' title='bbox 946 4766 969 4804; x_wconf 89' lang='lat' dir='ltr'>c.</span> <span class='ocrx_word' id='word_1_283' title='bbox 990 4749 1032 4814; x_wconf 78' lang='lat'>20,</span> <span class='ocrx_word' id='word_1_284' title='bbox 1052 4750 1087 4804; x_wconf 83' lang='grc'>25</span> <span class='ocrx_word' id='word_1_285' title='bbox 1107 4755 1135 4805; x_wconf 89' lang='lat' dir='ltr'>et</span> <span class='ocrx_word' id='word_1_286' title='bbox 1154 4751 1196 4804; x_wconf 76' lang='lat'>27.</span> 
     </span>
    </p>

    <p class='ocr_par' dir='ltr' id='par_1_15' title="bbox 511 4835 1367 4904">
     <span class='ocr_line' id='line_1_37' title="bbox 511 4835 1367 4904; baseline 0.004 -14"><span class='ocrx_word' id='word_1_287' title='bbox 511 4835 523 4868; x_wconf 82' lang='lat'><strong>²</strong></span> <span class='ocrx_word' id='word_1_288' title='bbox 541 4838 569 4890; x_wconf 89' lang='lat' dir='ltr'>S.</span> <span class='ocrx_word' id='word_1_289' title='bbox 593 4837 682 4890; x_wconf 64' lang='lat' dir='ltr'>stam.</span> <span class='ocrx_word' id='word_1_290' title='bbox 704 4838 727 4900; x_wconf 87' lang='lat'>1,</span> <span class='ocrx_word' id='word_1_291' title='bbox 746 4837 771 4899; x_wconf 84' lang='lat'>2,</span> <span class='ocrx_word' id='word_1_292' title='bbox 790 4853 816 4904; x_wconf 85' lang='lat' dir='ltr'>q.</span> <span class='ocrx_word' id='word_1_293' title='bbox 835 4836 878 4901; x_wconf 82' lang='grc'>96,</span> <span class='ocrx_word' id='word_1_294' title='bbox 897 4852 922 4890; x_wconf 88' lang='lat' dir='ltr'>a.</span> <span class='ocrx_word' id='word_1_295' title='bbox 942 4837 967 4892; x_wconf 85' lang='lat'>5.</span> <span class='ocrx_word' id='word_1_296' title='bbox 1006 4839 1111 4892; x_wconf 77' lang='lat' dir='ltr'>Suarea</span> <span class='ocrx_word' id='word_1_297' title='bbox 1130 4838 1147 4892; x_wconf 92' lang='lat' dir='ltr'>l.</span> <span class='ocrx_word' id='word_1_298' title='bbox 1168 4855 1190 4892; x_wconf 92' lang='lat' dir='ltr'>c.</span> <span class='ocrx_word' id='word_1_299' title='bbox 1210 4855 1233 4893; x_wconf 88' lang='lat' dir='ltr'>c.</span> <span class='ocrx_word' id='word_1_300' title='bbox 1253 4838 1367 4894; x_wconf 83' lang='lat'><strong>31-33.</strong></span> 
     </span>
    </p>

    <p class='ocr_par' dir='ltr' id='par_1_16' title="bbox 511 4923 1516 5076">
     <span class='ocr_line' id='line_1_38' title="bbox 512 4923 1516 4992; baseline 0.002 -16"><span class='ocrx_word' id='word_1_301' title='bbox 512 4927 522 4958; x_wconf 81' lang='lat'>⁸</span> <span class='ocrx_word' id='word_1_302' title='bbox 542 4923 583 4978; x_wconf 83' lang='lat' dir='ltr'>Cf.</span> <span class='ocrx_word' id='word_1_303' title='bbox 605 4926 633 4977; x_wconf 88' lang='lat' dir='ltr'>S.</span> <span class='ocrx_word' id='word_1_304' title='bbox 657 4926 748 4978; x_wconf 69' lang='lat' dir='ltr'>ileum.</span> <span class='ocrx_word' id='word_1_305' title='bbox 769 4925 791 4986; x_wconf 92' lang='grc'>1,</span> <span class='ocrx_word' id='word_1_306' title='bbox 811 4925 836 4988; x_wconf 80' lang='lat'>2,</span> <span class='ocrx_word' id='word_1_307' title='bbox 856 4941 882 4992; x_wconf 91' lang='lat' dir='ltr'>q.</span> <span class='ocrx_word' id='word_1_308' title='bbox 902 4923 951 4988; x_wconf 84' lang='grc'>97;</span> <span class='ocrx_word' id='word_1_309' title='bbox 971 4925 1157 4980; x_wconf 71' lang='lat' dir='ltr'>Sucronis.</span> <span class='ocrx_word' id='word_1_310' title='bbox 1177 4925 1194 4979; x_wconf 92' lang='lat' dir='ltr'>l.</span> <span class='ocrx_word' id='word_1_311' title='bbox 1217 4927 1239 4989; x_wconf 93' lang='lat' dir='ltr'>l,</span> <span class='ocrx_word' id='word_1_312' title='bbox 1259 4941 1282 4979; x_wconf 87' lang='lat' dir='ltr'>c.</span> <span class='ocrx_word' id='word_1_313' title='bbox 1302 4927 1351 4991; x_wconf 84' lang='lat'>20;</span> <span class='ocrx_word' id='word_1_314' title='bbox 1372 4925 1389 4980; x_wconf 94' lang='lat' dir='ltr'>l.</span> <span class='ocrx_word' id='word_1_315' title='bbox 1409 4927 1426 4980; x_wconf 81' lang='lat'>6</span> <span class='ocrx_word' id='word_1_316' title='bbox 1446 4929 1473 4979; x_wconf 85' lang='lat' dir='ltr'>et</span> <span class='ocrx_word' id='word_1_317' title='bbox 1492 4925 1516 4978; x_wconf 75' lang='lat' dir='ltr'>i.</span> 
     </span>
     <span class='ocr_line' id='line_1_39' title="bbox 511 5011 993 5076; baseline 0.008 -13"><span class='ocrx_word' id='word_1_318' title='bbox 511 5013 522 5044; x_wconf 86' lang='lat'><strong>⁴</strong></span> <span class='ocrx_word' id='word_1_319' title='bbox 542 5011 647 5064; x_wconf 81' lang='lat' dir='ltr'>Suarez</span> <span class='ocrx_word' id='word_1_320' title='bbox 664 5011 682 5064; x_wconf 94' lang='lat' dir='ltr'>l.</span> <span class='ocrx_word' id='word_1_321' title='bbox 703 5029 726 5065; x_wconf 84' lang='lat' dir='ltr'>c.</span> <span class='ocrx_word' id='word_1_322' title='bbox 745 5012 763 5066; x_wconf 90' lang='lat' dir='ltr'>l.</span> <span class='ocrx_word' id='word_1_323' title='bbox 783 5013 808 5076; x_wconf 89' lang='lat'>6,</span> <span class='ocrx_word' id='word_1_324' title='bbox 828 5030 852 5066; x_wconf 91' lang='lat' dir='ltr'>c.</span> <span class='ocrx_word' id='word_1_325' title='bbox 871 5014 895 5076; x_wconf 89' lang='lat'>9,</span> <span class='ocrx_word' id='word_1_326' title='bbox 914 5011 930 5076; x_wconf 62' lang='lat' dir='ltr'><strong>fi</strong></span> <span class='ocrx_word' id='word_1_327' title='bbox 952 5014 993 5067; x_wconf 87' lang='lat'>10.</span> 
     </span>
    </p>
   </div>
   <div class='ocr_carea' id='block_1_6' title="bbox 0 0 1960 5842">
    <p class='ocr_par' dir='ltr' id='par_1_17' title="bbox 0 0 1960 5842">
     <span class='ocr_line' id='line_1_40' title="bbox 0 0 1960 5842; baseline 0 6"><span class='ocrx_word' id='word_1_328' title='bbox 0 0 1960 5842; x_wconf 95' lang='lat' dir='ltr'> </span> 
     </span>
    </p>
   </div>
  </div>
 </body>
</html>
