3909 5842
431 688 496 753 420
647 682 736 738 Scotto
755 684 789 739 11.
826 684 906 739 Liber
925 684 958 738 11.
997 683 1086 755 Caput
1103 684 1138 739 11.
1176 684 1315 739 Articulus
1334 685 1360 738 2.
1397 685 1459 753 51.

430 862 569 945 gisario,
601 860 634 925 in
658 881 722 943 quo
746 860 902 927 fundetur
922 862 1137 944 personalitas
1159 862 1314 943 iuridico,
1338 860 1413 925 dein
1437 865 1550 927 cetera
1575 862 1687 927 omnia

430 972 511 1047 iura,
529 988 613 1051 quae
628 988 688 1051 pro
704 970 797 1033 certa
812 966 904 1033 facta
919 964 1095 1049 hypothesi
1110 966 1233 1032 homini
1249 987 1330 1049 erga
1345 967 1429 1032 alias
1440 968 1688 1035 coexsistentes

429 1094 588 1163 personas
612 1072 820 1151 conveniant,
845 1072 894 1137 uti
916 1072 1111 1138 nominatim
1130 1072 1181 1137 ius
1207 1072 1431 1157 proprietatis,
1455 1074 1688 1141 derivantur1.

518 1182 571 1247 Ex
594 1179 706 1246 eodem
731 1178 890 1263 principio
914 1178 1078 1245 libertatis
1100 1179 1288 1245 institutum
1304 1183 1463 1246 societmis
1477 1184 1584 1247 civilis
1599 1186 1689 1248 tam·

431 1310 528 1372 quam
550 1290 746 1373 postulatum
768 1289 906 1353 rationis
929 1308 950 1353 a
972 1286 1075 1370 priori
1098 1286 1310 1353 construitur.
1345 1286 1432 1353 Nam
1455 1309 1497 1353 ne
1525 1288 1688 1365 ,libertis

429 1394 606 1461 secundum
629 1394 737 1476 legem
760 1393 999 1458 universalem“
1026 1413 1088 1458 sua
1110 1393 1298 1459 necessaria
1321 1398 1461 1459 externa
1482 1395 1687 1461 determina-

428 1503 518 1568 tione
534 1503 656 1579 careat,
682 1503 716 1566 et
732 1520 773 1565 ne
790 1500 871 1577 iura,
901 1520 986 1582 quae
1009 1498 1044 1563 vi
1066 1498 1153 1564 illius
1176 1498 1350 1581 unicuique
1373 1502 1571 1584 praesertim
1597 1501 1689 1567 eima

433 1628 558 1687 „meum
590 1628 628 1673 ac
658 1610 750 1671 tuum
782 1606 974 1671 externum'‘
1009 1625 1090 1688 erga
1119 1605 1203 1671 alios
1226 1610 1427 1689 competunt,
1455 1608 1683 1691 „provisoiia⁶

429 1713 536 1798 magis
569 1734 667 1795 quam
703 1710 962 1796 „peremptonia“
999 1710 1077 1788 sint,
1109 1710 1255 1795 positiva
1284 1715 1320 1777 et
1349 1713 1531 1779 communis
1562 1718 1687 1799 apustio

428 1826 562 1887 mutuae
593 1818 753 1903 sphaerae
783 1817 947 1884 libertatis
971 1816 1114 1882 omnium
1137 1816 1322 1883 intercedat
1344 1839 1479 1885 necesse
1502 1824 1566 1886 est.
1616 1821 1687 1898 Quo

428 1930 540 1995 sociali
561 1934 653 2012 poeto
676 1926 709 1991 in
733 1924 847 1990 ordine
869 1924 912 1990 ad
935 1923 1148 1989 asserendam
1172 1928 1207 1990 et
1222 1925 1480 1991 conservandam
1507 1928 1686 2009 unicuique

428 2054 521 2100 snam
533 2032 697 2099 libertatis
710 2034 869 2098 externae
881 2031 1055 2114 sphaeram
1069 2030 1161 2108 inito,
1179 2030 1391 2097 constituitur
1402 2036 1536 2099 soricem
1548 2036 1685 2100 cicilie}

828 2178 859 2231 B.
878 2175 901 2233 J.
920 2174 948 2231 (1.
966 2175 1054 2232 maa
1071 2174 1277 2243 (laea-1814).

428 2276 497 2351 522.
590 2276 632 2356 Is,
663 2276 935 2360 quemadmodum
962 2276 997 2341 in
1020 2276 1239 2343 construendo
1263 2298 1349 2342 novo
1372 2297 1431 2341 sno
1455 2277 1686 2363 philosophiae

428 2388 611 2469 systemate
642 2382 837 2467 (subiectivo
867 2382 1063 2465 idealismn),
1094 2383 1144 2449 ita
1173 2383 1264 2448 etin
1287 2382 1544 2449 doctrinaiuris
1567 2384 1684 2449 Kantii

426 2492 633 2577 potissimum
657 2489 799 2573 vestigia
821 2492 1017 2573 prosecutus
1041 2492 1101 2555 est.
1146 2488 1263 2570 Itaque
1286 2489 1400 2554 eodem
1425 2488 1496 2554 fere
1518 2494 1684 2574 tempore.

428 2619 491 2681 quo
515 2598 601 2663 illius
625 2596 666 2661 de
689 2596 759 2661 iure
782 2594 911 2661 theoria
934 2594 968 2660 in
990 2594 1096 2661 lucem
1114 2593 1247 2677 prodiit,
1270 2593 1390 2659 similia
1405 2594 1477 2678 ipse
1491 2594 1578 2661 iuris
1594 2597 1684 2680 prin·

427 2704 522 2787 cipis,
547 2723 606 2768 suo
630 2706 742 2769 tamen
764 2701 940 2785 systemati
963 2700 1148 2768 methodica
1171 2702 1421 2768 accommodata
1443 2706 1478 2768 et
1500 2702 1546 2768 ad
1569 2708 1683 2769 extre-

428 2829 516 2874 mum
539 2806 817 2874 subiectivismum
843 2808 987 2885 evoluta,
1011 2808 1259 2891 profitebatur&

516 2914 646 2979 Pariter
668 2914 754 2979 enim
778 2915 956 2981 alibertotc
972 2914 1104 2979 subiecti
1119 2915 1291 2980 rationalis
1305 2917 1475 2997 tamquam
1491 2914 1681 2998 adaequato

428 3020 588 3106 principio
612 3020 821 3103 proficiscens
846 3018 1015 3103 analytica
1037 3020 1157 3085 mentis
1181 3019 1373 3104 operatione
1396 3040 1461 3085 non
1477 3021 1589 3086 solum
1605 3022 1682 3087 iuris

427 3132 462 3193 et
489 3126 572 3210 legis
601 3126 770 3204 iuridicae‚
800 3126 858 3193 sed
882 3130 917 3191 et
940 3126 1110 3192 societatis
1134 3126 1241 3191 civilis
1264 3146 1303 3191 ac
1326 3128 1503 3210 potestatis
1527 3128 1681 3212 publicae

427 3237 620 3319 conceptum
651 3232 792 3299 deducit.
838 3233 901 3299 Est
931 3236 1042 3298 autem
1066 3232 1197 3297 libertos
1220 3234 1398 3299 secundnm
1420 3232 1549 3313 siches,
1580 3236 1681 3301 etiam

427 3362 492 3425 qua
515 3341 617 3407 libero
640 3341 816 3405 consaldus
839 3341 884 3405 od
901 3348 1001 3419 estro,
1026 3358 1091 3403 non
1106 3338 1212 3403 solnm
1228 3340 1430 3423 postulatum
1446 3340 1590 3407 rationis
1607 3362 1681 3407 oon·

427 3468 567 3530 eoquens
591 3445 778 3511 libertatem
799 3445 974 3523 internam,
999 3447 1037 3509 ut
1052 3444 1194 3510 Kantius
1210 3446 1358 3522 docebat,
1383 3445 1442 3511 sed
1456 3449 1679 3513 immediatam

427 3558 462 3619 et
485 3553 661 3618 essentiale
685 3551 882 3617 elementum
907 3550 1009 3635 ipsius
1036 3549 1273 3616 rationalitatis
1283 3553 1306 3617 4.
1337 3551 1473 3630 Eadem,
1497 3574 1592 3618 mere
1616 3553 1680 3617 lor·

426 3660 644 3764 affl,
660 3692 751 3762 jedem
770 3691 918 3745 Menscben
937 3690 1014 3745 kraft
1031 3690 1308 3745 seinerMenscbbeit
1324 3692 1607 3747 zustebendaRscht
1633 3693 1679 3747 un
1772 3737 1773 3748 .

427 3783 590 3849 onpeborene
611 3780 765 3849 Gleichboit,
784 3780 810 3833 d.
830 3779 848 3832 i.
867 3779 910 3833 die
923 3777 1168 3847 Unabbtngigkeit
1185 3778 1262 3833 nicht
1279 3796 1312 3833 zu
1330 3779 1484 3833 mebrerem
1503 3798 1561 3835 von
1577 3782 1679 3835 andem

427 3869 584 3923 verbunden
604 3886 637 3921 zu
656 3868 779 3933 werden,
806 3866 847 3921 als
866 3884 942 3920 worn
962 3884 1026 3919 man
1044 3868 1085 3919 eie
1103 3866 1307 3935 wecbselseitig
1324 3867 1393 3921 aucb
1413 3867 1565 3921 verbinden
1590 3868 1679 3922 hnn:

428 3956 525 4011 mitbin
550 3956 593 4009 die
612 3954 736 4020 Qualitas
762 3956 811 4009 des
829 3953 979 4008 Meneohen
1005 3954 1065 4007 sein
1083 3957 1189 4022 ricem
1207 3956 1283 4009 Hero·
1302 3954 1357 4022 (sui
1375 3954 1455 4023 iuris)
1475 3973 1510 4009 au
1528 3956 1607 4016 sein:
1633 3956 1678 4009 im-

427 4045 551 4115 gleioben
577 4046 621 4099 die
646 4046 721 4099 einea
745 4045 963 4098 unooechouenon
988 4045 1130 4096 Monam
1158 4043 1247 4111 (iusti)
1262 4085 1269 4097 .
1283 4084 1310 4097 ..
1337 4043 1445 4098 endlich
1469 4045 1542 4099 aucb
1568 4046 1614 4099 die
1633 4046 1679 4099 Be

427 4136 528 4203 fugnis,
547 4134 596 4187 das
615 4150 703 4202 gagen
723 4132 822 4187 andere
842 4150 875 4187 zu
893 4134 957 4197 tun,
976 4149 1034 4186 was
1053 4148 1088 4185 an
1106 4132 1166 4187 sich
1184 4132 1266 4187 ihnen
1285 4133 1334 4187 dae
1353 4133 1416 4187 lbra
1434 4134 1512 4188 nicht
1529 4134 1679 4189 schmnlen

428 4224 543 4278 ...allo
568 4223 642 4277 dicae
661 4221 825 4289 Belugnisse
843 4219 934 4286 liogen
960 4220 1046 4273 echon
1070 4220 1109 4273 im
1127 4220 1236 4290 Prinzip
1256 4220 1304 4275 der
1322 4220 1513 4287 angeborencn
1531 4221 1676 4277 Freibcit·

427 4314 456 4369 L.
476 4332 499 4368 c.
519 4312 677 4379 Einteilung
695 4311 743 4363 der
761 4308 950 4374 Rechtslehre,
968 4309 992 4361 B
1012 4309 1051 4378 (p.
1070 4308 1128 4376 38).

519 4404 527 4435 ¹
547 4400 588 4455 Ol.
608 4399 786 4455 Rechtslebre
804 4398 817 4451 I
838 4399 861 4464 1,
881 4400 897 4466 ᾖ
918 4399 1000 4467 lsqq
1020 4398 1057 4467 (p.
1076 4399 1110 4452 47
1124 4401 1180 4465 sq).

517 4490 588 4545 'Gt
608 4490 626 4543 1.
647 4508 670 4543 e.
689 4488 705 4557 5
727 4488 759 4542 15
781 4489 818 4558 (p.
839 4487 901 4554 68);
922 4486 1096 4541 Staaterecht
1113 4487 1131 4555 ἦ
1149 4487 1249 4555 44sqq
1270 4486 1308 4556 (p.
1329 4487 1382 4540 144
1393 4487 1468 4556 sqq).

517 4582 527 4613 ³
549 4578 721 4645 ‚Grundlege
746 4577 793 4631 des
813 4575 995 4630 Naturreohts
1019 4576 1090 4629 nach
1109 4574 1262 4644 Prinzipian
1289 4576 1337 4629 der
1355 4574 1676 4636 Wiesenscbastalohre‘
1770 4563 1771 4566 Ἴ

428 4669 497 4723 Jena
515 4668 568 4721 und
590 4666 700 4736 Leipzig
720 4665 906 4720 taso-1797.
944 4664 1039 4719 sumu.
1059 4663 1163 4718 Werke
1181 4664 1229 4729 ΙΙΙ,
1248 4664 1340 4719 Berlin
1362 4664 1442 4719 1845.

517 4760 527 4789 ⁴
549 4756 614 4823 „uin
635 4753 773 4809 endliohas
791 4753 983 4822 vernilnftiges
995 4753 1098 4807 Wesen
1117 4752 1190 4805 kann
1209 4752 1270 4807 sicb
1288 4752 1377 4807 selbot
1392 4752 1470 4807 nieht
1487 4757 1590 4819 setaen,
1609 4756 1678 4809 ohne

427 4842 486 4899 sich
512 4844 571 4897 eine
596 4844 664 4897 frete
690 4840 890 4897 Wirkssmkeit
915 4840 1141 4895 zuznscbreiben‘
1170 4841 1183 4894 Ι
1208 4840 1225 4909 ἕ
1253 4839 1267 4893 l
1293 4841 1331 4910 (p.
1359 4841 1415 4909 17).
1456 4840 1562 4907 ‚Dnrcb
1588 4842 1677 4897 dieses
1769 4863 1771 4900 ι

428 4932 524 4988 Setzen
544 4931 634 4985 seinse
647 4928 816 4998 Vermbgeus
835 4947 882 4983 zur
900 4930 987 4983 ireien
1000 4927 1202 4983 Wirksamkeit
1219 4930 1291 4982 aetat
1308 4929 1365 4982 und
1383 4929 1524 4983 beetimmt
1541 4930 1593 4985 dae
1611 4930 1676 4985 Ver·

427 5020 598 5076 nunitwosen
617 5020 677 5072 eine
697 5018 863 5073 Sinnenwelt
882 5034 977 5073 ausser
995 5017 1079 5072 eicb.“
1119 5018 1149 5072 L.
1168 5035 1191 5071 c.
1210 5017 1227 5085 5
1246 5018 1263 5071 2
1283 5017 1322 5087 (p.
1341 5017 1398 5085 23).
