<?xml version="1.0" encoding="UTF-8"?>
<!DOCTYPE html PUBLIC "-//W3C//DTD XHTML 1.0 Transitional//EN"
    "http://www.w3.org/TR/xhtml1/DTD/xhtml1-transitional.dtd">
<html xmlns="http://www.w3.org/1999/xhtml" xml:lang="en" lang="en">
 <head>
  <title>
</title>
<meta http-equiv="Content-Type" content="text/html;charset=utf-8" />
  <meta name='ocr-system' content='tesseract 3.04.00' />
  <meta name='ocr-capabilities' content='ocr_page ocr_carea ocr_par ocr_line ocrx_word'/>
</head>
<body>
  <div class='ocr_page' id='page_1' title='image "./institutionesiu00meyegoog_0206.png"; bbox 0 0 3909 5842; ppageno 0'>
   <div class='ocr_carea' id='block_1_1' title="bbox 415 648 1424 722">
    <p class='ocr_par' dir='ltr' id='par_1_1' title="bbox 415 648 1424 722">
     <span class='ocr_line' id='line_1_1' title="bbox 415 648 1424 722; baseline 0.003 -18"><span class='ocrx_word' id='word_1_1' title='bbox 415 655 477 718; x_wconf 83' lang='lat'>154</span> <span class='ocrx_word' id='word_1_2' title='bbox 643 648 732 703; x_wconf 82' lang='lat' dir='ltr'>Sestio</span> <span class='ocrx_word' id='word_1_3' title='bbox 751 649 770 702; x_wconf 95' lang='lat' dir='ltr'>l.</span> <span class='ocrx_word' id='word_1_4' title='bbox 809 648 889 704; x_wconf 85' lang='lat' dir='ltr'>Liber</span> <span class='ocrx_word' id='word_1_5' title='bbox 906 649 940 704; x_wconf 85' lang='lat'>11.</span> <span class='ocrx_word' id='word_1_6' title='bbox 978 649 1068 722; x_wconf 83' lang='lat' dir='ltr'>Caput</span> <span class='ocrx_word' id='word_1_7' title='bbox 1085 652 1107 706; x_wconf 91' lang='grc' dir='ltr'>Ι.</span> <span class='ocrx_word' id='word_1_8' title='bbox 1144 651 1284 706; x_wconf 73' lang='lat' dir='ltr'>Atticulae</span> <span class='ocrx_word' id='word_1_9' title='bbox 1305 653 1328 706; x_wconf 86' lang='lat'>1.</span> <span class='ocrx_word' id='word_1_10' title='bbox 1365 651 1424 720; x_wconf 64' lang='lat'>53.</span> 
     </span>
    </p>
   </div>
   <div class='ocr_carea' id='block_1_2' title="bbox 411 828 1667 1111">
    <p class='ocr_par' dir='ltr' id='par_1_2' title="bbox 411 828 1667 1111">
     <span class='ocr_line' id='line_1_2' title="bbox 411 828 1667 916; baseline 0.002 -21"><span class='ocrx_word' id='word_1_11' title='bbox 411 829 585 896; x_wconf 88' lang='lat' dir='ltr'>sideratur.</span> <span class='ocrx_word' id='word_1_12' title='bbox 610 865 654 874; x_wconf 88' lang='lat'>-</span> <span class='ocrx_word' id='word_1_13' title='bbox 678 829 787 894; x_wconf 90' lang='lat' dir='ltr'>Prima</span> <span class='ocrx_word' id='word_1_14' title='bbox 810 849 887 912; x_wconf 87' lang='lat' dir='ltr'>pars</span> <span class='ocrx_word' id='word_1_15' title='bbox 910 828 1043 896; x_wconf 77' lang='lat' dir='ltr'>theseos</span> <span class='ocrx_word' id='word_1_16' title='bbox 1067 835 1119 896; x_wconf 90' lang='lat' dir='ltr'>est</span> <span class='ocrx_word' id='word_1_17' title='bbox 1143 830 1377 899; x_wconf 88' lang='lat' dir='ltr'>universaliter</span> <span class='ocrx_word' id='word_1_18' title='bbox 1391 853 1529 916; x_wconf 85' lang='lat' dir='ltr'>negans,</span> <span class='ocrx_word' id='word_1_19' title='bbox 1554 833 1667 900; x_wconf 81' lang='lat' dir='ltr'>altera</span> 
     </span>
     <span class='ocr_line' id='line_1_3' title="bbox 411 935 1666 1024; baseline 0.003 -22"><span class='ocrx_word' id='word_1_20' title='bbox 411 935 551 1002; x_wconf 86' lang='lat' dir='ltr'>relative</span> <span class='ocrx_word' id='word_1_21' title='bbox 574 939 714 1012; x_wconf 89' lang='lat' dir='ltr'>tanturn,</span> <span class='ocrx_word' id='word_1_22' title='bbox 744 936 829 1018; x_wconf 88' lang='lat' dir='ltr'>quod</span> <span class='ocrx_word' id='word_1_23' title='bbox 852 936 1031 1003; x_wconf 88' lang='lat' dir='ltr'>secundum</span> <span class='ocrx_word' id='word_1_24' title='bbox 1054 943 1178 1004; x_wconf 88' lang='lat' dir='ltr'>certam</span> <span class='ocrx_word' id='word_1_25' title='bbox 1202 937 1424 1004; x_wconf 89' lang='lat' dir='ltr'>condicionem</span> <span class='ocrx_word' id='word_1_26' title='bbox 1448 960 1522 1006; x_wconf 86' lang='lat' dir='ltr'>csse</span> <span class='ocrx_word' id='word_1_27' title='bbox 1544 939 1666 1024; x_wconf 83' lang='lat' dir='ltr'>possit,</span> 
     </span>
     <span class='ocr_line' id='line_1_4' title="bbox 413 1043 593 1111; baseline 0.017 -3"><span class='ocrx_word' id='word_1_28' title='bbox 413 1043 593 1111; x_wconf 86' lang='lat' dir='ltr'>affirmans.</span> 
     </span>
    </p>
   </div>
   <div class='ocr_carea' id='block_1_3' title="bbox 411 1179 1667 2336">
    <p class='ocr_par' dir='ltr' id='par_1_3' title="bbox 411 1179 1667 2336">
     <span class='ocr_line' id='line_1_5' title="bbox 502 1179 1667 1272; baseline 0.001 -20"><span class='ocrx_word' id='word_1_29' title='bbox 502 1179 662 1256; x_wconf 70' lang='lat' dir='ltr'>Probatur</span> <span class='ocrx_word' id='word_1_30' title='bbox 683 1199 760 1272; x_wconf 73' lang='lat' dir='ltr'>pars</span> <span class='ocrx_word' id='word_1_31' title='bbox 783 1180 808 1252; x_wconf 92' lang='grc' dir='ltr'>Ι.</span> <span class='ocrx_word' id='word_1_32' title='bbox 844 1183 941 1250; x_wconf 80' lang='lat' dir='ltr'>Ratio</span> <span class='ocrx_word' id='word_1_33' title='bbox 966 1185 1164 1268; x_wconf 87' lang='lat' dir='ltr'>ontologica,</span> <span class='ocrx_word' id='word_1_34' title='bbox 1189 1187 1366 1252; x_wconf 89' lang='lat' dir='ltr'>secundum</span> <span class='ocrx_word' id='word_1_35' title='bbox 1390 1208 1489 1272; x_wconf 90' lang='lat' dir='ltr'>quarn</span> <span class='ocrx_word' id='word_1_36' title='bbox 1513 1186 1667 1253; x_wconf 80' lang='lat' dir='ltr'><strong>actiones</strong></span> 
     </span>
     <span class='ocr_line' id='line_1_6' title="bbox 413 1289 1666 1377; baseline -0.001 -20"><span class='ocrx_word' id='word_1_37' title='bbox 413 1290 610 1357; x_wconf 78' lang='lat' dir='ltr'>naturaliter</span> <span class='ocrx_word' id='word_1_38' title='bbox 628 1289 785 1358; x_wconf 81' lang='lat' dir='ltr'>honestae</span> <span class='ocrx_word' id='word_1_39' title='bbox 802 1291 843 1358; x_wconf 89' lang='lat' dir='ltr'>ab</span> <span class='ocrx_word' id='word_1_40' title='bbox 859 1291 1042 1358; x_wconf 83' lang='lat' dir='ltr'>inhonestis</span> <span class='ocrx_word' id='word_1_41' title='bbox 1058 1291 1222 1369; x_wconf 85' lang='lat' dir='ltr'>differunt,</span> <span class='ocrx_word' id='word_1_42' title='bbox 1248 1293 1432 1375; x_wconf 78' lang='lat' dir='ltr'>[omoliter</span> <span class='ocrx_word' id='word_1_43' title='bbox 1447 1297 1581 1377; x_wconf 86' lang='lat' dir='ltr'>sumpta</span> <span class='ocrx_word' id='word_1_44' title='bbox 1596 1313 1666 1357; x_wconf 92' lang='lat' dir='ltr'>uon</span> 
     </span>
     <span class='ocr_line' id='line_1_7' title="bbox 412 1396 1665 1483; baseline 0 -19"><span class='ocrx_word' id='word_1_45' title='bbox 412 1402 522 1483; x_wconf 91' lang='lat' dir='ltr'>potest</span> <span class='ocrx_word' id='word_1_46' title='bbox 545 1418 618 1464; x_wconf 89' lang='lat' dir='ltr'>esse</span> <span class='ocrx_word' id='word_1_47' title='bbox 634 1396 756 1479; x_wconf 88' lang='lat' dir='ltr'>aliquid</span> <span class='ocrx_word' id='word_1_48' title='bbox 772 1401 818 1464; x_wconf 81' lang='lat' dir='ltr'>uel</span> <span class='ocrx_word' id='word_1_49' title='bbox 832 1417 893 1482; x_wconf 91' lang='lat' dir='ltr'>per</span> <span class='ocrx_word' id='word_1_50' title='bbox 909 1419 945 1463; x_wconf 91' lang='lat' dir='ltr'>se</span> <span class='ocrx_word' id='word_1_51' title='bbox 961 1397 1161 1476; x_wconf 84' lang='lat' dir='ltr'>inconstans,</span> <span class='ocrx_word' id='word_1_52' title='bbox 1183 1400 1431 1481; x_wconf 89' lang='lat' dir='ltr'>temporaneum</span> <span class='ocrx_word' id='word_1_53' title='bbox 1448 1405 1484 1465; x_wconf 88' lang='lat' dir='ltr'>et</span> <span class='ocrx_word' id='word_1_54' title='bbox 1500 1398 1665 1464; x_wconf 83' lang='lat' dir='ltr'>variabile</span> 
     </span>
     <span class='ocr_line' id='line_1_8' title="bbox 412 1502 1666 1588; baseline -0.001 -16"><span class='ocrx_word' id='word_1_55' title='bbox 412 1509 459 1572; x_wconf 84' lang='lat' dir='ltr'>cel</span> <span class='ocrx_word' id='word_1_56' title='bbox 473 1505 602 1571; x_wconf 91' lang='lat' dir='ltr'>ratione</span> <span class='ocrx_word' id='word_1_57' title='bbox 625 1502 676 1569; x_wconf 90' lang='lat' dir='ltr'>sui</span> <span class='ocrx_word' id='word_1_58' title='bbox 699 1503 875 1569; x_wconf 87' lang='lat' dir='ltr'>relativum</span> <span class='ocrx_word' id='word_1_59' title='bbox 898 1507 932 1570; x_wconf 90' lang='lat' dir='ltr'>et</span> <span class='ocrx_word' id='word_1_60' title='bbox 954 1523 971 1568; x_wconf 90' lang='lat' dir='ltr'>e</span> <span class='ocrx_word' id='word_1_61' title='bbox 995 1524 1054 1569; x_wconf 90' lang='lat' dir='ltr'>suo</span> <span class='ocrx_word' id='word_1_62' title='bbox 1071 1507 1230 1588; x_wconf 89' lang='lat' dir='ltr'>conceptu</span> <span class='ocrx_word' id='word_1_63' title='bbox 1246 1524 1306 1588; x_wconf 91' lang='lat' dir='ltr'>per</span> <span class='ocrx_word' id='word_1_64' title='bbox 1320 1525 1356 1570; x_wconf 91' lang='lat' dir='ltr'>se</span> <span class='ocrx_word' id='word_1_65' title='bbox 1372 1505 1579 1588; x_wconf 87' lang='lat' dir='ltr'>contingens,</span> <span class='ocrx_word' id='word_1_66' title='bbox 1602 1507 1666 1571; x_wconf 89' lang='lat' dir='ltr'>sed</span> 
     </span>
     <span class='ocr_line' id='line_1_9' title="bbox 413 1607 1666 1694; baseline 0.001 -18"><span class='ocrx_word' id='word_1_67' title='bbox 413 1611 510 1678; x_wconf 91' lang='lat' dir='ltr'>debet</span> <span class='ocrx_word' id='word_1_68' title='bbox 534 1631 606 1676; x_wconf 86' lang='lat' dir='ltr'>ease</span> <span class='ocrx_word' id='word_1_69' title='bbox 627 1607 808 1694; x_wconf 71' lang='lat' dir='ltr'>formaliter</span> <span class='ocrx_word' id='word_1_70' title='bbox 833 1609 968 1676; x_wconf 81' lang='lat' dir='ltr'>absoluti</span> <span class='ocrx_word' id='word_1_71' title='bbox 990 1611 1119 1694; x_wconf 80' lang='lat' dir='ltr'>eoloris,</span> <span class='ocrx_word' id='word_1_72' title='bbox 1140 1629 1206 1675; x_wconf 92' lang='lat' dir='ltr'>non</span> <span class='ocrx_word' id='word_1_73' title='bbox 1221 1631 1317 1676; x_wconf 90' lang='lat' dir='ltr'>secus</span> <span class='ocrx_word' id='word_1_74' title='bbox 1339 1632 1379 1677; x_wconf 91' lang='lat' dir='ltr'>ac</span> <span class='ocrx_word' id='word_1_75' title='bbox 1393 1612 1479 1677; x_wconf 90' lang='lat' dir='ltr'>ratio</span> <span class='ocrx_word' id='word_1_76' title='bbox 1496 1611 1666 1678; x_wconf 82' lang='lat' dir='ltr'>obiectiva</span> 
     </span>
     <span class='ocr_line' id='line_1_10' title="bbox 411 1715 1665 1800; baseline 0.001 -18"><span class='ocrx_word' id='word_1_77' title='bbox 411 1718 538 1800; x_wconf 87' lang='lat' dir='ltr'>logicae</span> <span class='ocrx_word' id='word_1_78' title='bbox 561 1715 723 1783; x_wconf 84' lang='lat' dir='ltr'>veritatis,</span> <span class='ocrx_word' id='word_1_79' title='bbox 741 1753 784 1761; x_wconf 96' lang='lat'><em>-</em></span> <span class='ocrx_word' id='word_1_80' title='bbox 800 1717 886 1782; x_wconf 88' lang='lat' dir='ltr'>Nam</span> <span class='ocrx_word' id='word_1_81' title='bbox 910 1715 1066 1799; x_wconf 89' lang='lat' dir='ltr'>quidquid</span> <span class='ocrx_word' id='word_1_82' title='bbox 1087 1715 1268 1783; x_wconf 89' lang='lat' dir='ltr'>iudicamus</span> <span class='ocrx_word' id='word_1_83' title='bbox 1290 1718 1468 1784; x_wconf 87' lang='lat' dir='ltr'>intrinsece</span> <span class='ocrx_word' id='word_1_84' title='bbox 1485 1717 1665 1785; x_wconf 86' lang='lat' dir='ltr'>honestum</span> 
     </span>
     <span class='ocr_line' id='line_1_11' title="bbox 412 1821 1664 1908; baseline 0.002 -21"><span class='ocrx_word' id='word_1_85' title='bbox 412 1824 465 1889; x_wconf 86' lang='lat' dir='ltr'>vel</span> <span class='ocrx_word' id='word_1_86' title='bbox 483 1821 700 1900; x_wconf 89' lang='lat' dir='ltr'>inhonestum,</span> <span class='ocrx_word' id='word_1_87' title='bbox 717 1821 750 1886; x_wconf 94' lang='lat' dir='ltr'>id</span> <span class='ocrx_word' id='word_1_88' title='bbox 766 1843 830 1887; x_wconf 93' lang='lat' dir='ltr'>non</span> <span class='ocrx_word' id='word_1_89' title='bbox 847 1821 1077 1906; x_wconf 84' lang='lat' dir='ltr'>contingenter</span> <span class='ocrx_word' id='word_1_90' title='bbox 1092 1827 1127 1889; x_wconf 89' lang='lat' dir='ltr'>et</span> <span class='ocrx_word' id='word_1_91' title='bbox 1141 1823 1363 1908; x_wconf 78' lang='lat' dir='ltr'>hypothetice,</span> <span class='ocrx_word' id='word_1_92' title='bbox 1387 1824 1445 1889; x_wconf 90' lang='lat' dir='ltr'>ssd</span> <span class='ocrx_word' id='word_1_93' title='bbox 1461 1826 1664 1904; x_wconf 82' lang='lat' dir='ltr'>necessario,</span> 
     </span>
     <span class='ocr_line' id='line_1_12' title="bbox 412 1927 1664 2014; baseline 0.002 -20"><span class='ocrx_word' id='word_1_94' title='bbox 412 1927 652 1996; x_wconf 84' lang='lat' dir='ltr'>invariabiliter</span> <span class='ocrx_word' id='word_1_95' title='bbox 675 1933 843 1995; x_wconf 90' lang='lat' dir='ltr'>aeternum</span> <span class='ocrx_word' id='word_1_96' title='bbox 868 1933 902 1996; x_wconf 88' lang='lat' dir='ltr'>et</span> <span class='ocrx_word' id='word_1_97' title='bbox 926 1931 1077 1996; x_wconf 90' lang='lat' dir='ltr'>absolute</span> <span class='ocrx_word' id='word_1_98' title='bbox 1098 1930 1167 1997; x_wconf 89' lang='lat' dir='ltr'>tale</span> <span class='ocrx_word' id='word_1_99' title='bbox 1190 1951 1264 1997; x_wconf 89' lang='lat' dir='ltr'>esse</span> <span class='ocrx_word' id='word_1_100' title='bbox 1285 1930 1478 2009; x_wconf 89' lang='lat' dir='ltr'>iudicamus,</span> <span class='ocrx_word' id='word_1_101' title='bbox 1503 1930 1664 2014; x_wconf 88' lang='lat' dir='ltr'>quemad-</span> 
     </span>
     <span class='ocr_line' id='line_1_13' title="bbox 412 2034 1666 2122; baseline 0.001 -22"><span class='ocrx_word' id='word_1_102' title='bbox 412 2035 543 2101; x_wconf 89' lang='lat' dir='ltr'>modum</span> <span class='ocrx_word' id='word_1_103' title='bbox 568 2034 718 2101; x_wconf 89' lang='lat' dir='ltr'>absolute</span> <span class='ocrx_word' id='word_1_104' title='bbox 741 2035 920 2100; x_wconf 87' lang='lat' dir='ltr'>asserimus</span> <span class='ocrx_word' id='word_1_105' title='bbox 943 2035 1101 2101; x_wconf 89' lang='lat' dir='ltr'>circulum</span> <span class='ocrx_word' id='word_1_106' title='bbox 1124 2056 1189 2101; x_wconf 91' lang='lat' dir='ltr'>non</span> <span class='ocrx_word' id='word_1_107' title='bbox 1212 2056 1285 2102; x_wconf 88' lang='lat' dir='ltr'>esse</span> <span class='ocrx_word' id='word_1_108' title='bbox 1308 2035 1518 2118; x_wconf 87' lang='lat' dir='ltr'>quadratum.</span> <span class='ocrx_word' id='word_1_109' title='bbox 1562 2039 1666 2122; x_wconf 74' lang='lat' dir='ltr'>Atqui</span> 
     </span>
     <span class='ocr_line' id='line_1_14' title="bbox 412 2139 1665 2227; baseline 0.002 -19"><span class='ocrx_word' id='word_1_110' title='bbox 412 2142 520 2208; x_wconf 89' lang='lat' dir='ltr'>nullus</span> <span class='ocrx_word' id='word_1_111' title='bbox 550 2145 719 2227; x_wconf 90' lang='lat' dir='ltr'>respectus</span> <span class='ocrx_word' id='word_1_112' title='bbox 750 2139 904 2208; x_wconf 86' lang='lat' dir='ltr'>utilitatis</span> <span class='ocrx_word' id='word_1_113' title='bbox 938 2141 1170 2224; x_wconf 90' lang='lat' dir='ltr'>cuiuscumque</span> <span class='ocrx_word' id='word_1_114' title='bbox 1203 2141 1255 2208; x_wconf 89' lang='lat' dir='ltr'>his</span> <span class='ocrx_word' id='word_1_115' title='bbox 1289 2143 1455 2226; x_wconf 83' lang='lat' dir='ltr'>requisitis</span> <span class='ocrx_word' id='word_1_116' title='bbox 1490 2143 1665 2227; x_wconf 86' lang='lat' dir='ltr'>praeditus</span> 
     </span>
     <span class='ocr_line' id='line_1_15' title="bbox 412 2249 715 2336; baseline -0.013 -20"><span class='ocrx_word' id='word_1_117' title='bbox 412 2254 473 2316; x_wconf 84' lang='lat' dir='ltr'>sat.</span> <span class='ocrx_word' id='word_1_118' title='bbox 520 2249 616 2336; x_wconf 73' lang='lat' dir='ltr'>Ergo.</span> <span class='ocrx_word' id='word_1_119' title='bbox 643 2301 649 2314; x_wconf 92' lang='lat'><strong>.</strong></span> <span class='ocrx_word' id='word_1_120' title='bbox 675 2300 715 2312; x_wconf 91' lang='lat'>..</span> 
     </span>
    </p>
   </div>
   <div class='ocr_carea' id='block_1_4' title="bbox 410 2380 1664 4490">
    <p class='ocr_par' dir='ltr' id='par_1_4' title="bbox 410 2380 1664 4490">
     <span class='ocr_line' id='line_1_16' title="bbox 502 2380 1664 2464; baseline 0.003 -18"><span class='ocrx_word' id='word_1_121' title='bbox 502 2381 616 2448; x_wconf 91' lang='lat' dir='ltr'>Proh.</span> <span class='ocrx_word' id='word_1_122' title='bbox 647 2381 795 2446; x_wconf 90' lang='lat' dir='ltr'>minor:</span> <span class='ocrx_word' id='word_1_123' title='bbox 826 2380 1056 2464; x_wconf 86' lang='lat' dir='ltr'>Quascumque</span> <span class='ocrx_word' id='word_1_124' title='bbox 1079 2380 1112 2446; x_wconf 93' lang='lat' dir='ltr'>iu</span> <span class='ocrx_word' id='word_1_125' title='bbox 1136 2382 1266 2449; x_wconf 90' lang='lat' dir='ltr'>actione</span> <span class='ocrx_word' id='word_1_126' title='bbox 1288 2383 1375 2448; x_wconf 90' lang='lat' dir='ltr'>ratio</span> <span class='ocrx_word' id='word_1_127' title='bbox 1399 2382 1555 2450; x_wconf 83' lang='lat' dir='ltr'>utilitatis</span> <span class='ocrx_word' id='word_1_128' title='bbox 1583 2405 1664 2449; x_wconf 90' lang='lat' dir='ltr'>con·</span> 
     </span>
     <span class='ocr_line' id='line_1_17' title="bbox 412 2487 1664 2572; baseline 0.001 -18"><span class='ocrx_word' id='word_1_129' title='bbox 412 2489 587 2564; x_wconf 88' lang='lat' dir='ltr'>sideratur,</span> <span class='ocrx_word' id='word_1_130' title='bbox 618 2487 689 2552; x_wconf 90' lang='lat' dir='ltr'>sive</span> <span class='ocrx_word' id='word_1_131' title='bbox 712 2487 754 2552; x_wconf 90' lang='lat' dir='ltr'>ed</span> <span class='ocrx_word' id='word_1_132' title='bbox 778 2488 898 2554; x_wconf 91' lang='lat' dir='ltr'>bonum</span> <span class='ocrx_word' id='word_1_133' title='bbox 921 2487 1088 2572; x_wconf 87' lang='lat' dir='ltr'>proprium</span> <span class='ocrx_word' id='word_1_134' title='bbox 1112 2488 1244 2570; x_wconf 89' lang='lat' dir='ltr'>agentis</span> <span class='ocrx_word' id='word_1_135' title='bbox 1266 2489 1338 2554; x_wconf 88' lang='lat' dir='ltr'>sive</span> <span class='ocrx_word' id='word_1_136' title='bbox 1360 2489 1404 2554; x_wconf 90' lang='lat' dir='ltr'>ad</span> <span class='ocrx_word' id='word_1_137' title='bbox 1426 2489 1547 2555; x_wconf 87' lang='lat' dir='ltr'>bouum</span> <span class='ocrx_word' id='word_1_138' title='bbox 1571 2510 1664 2556; x_wconf 92' lang='lat' dir='ltr'>com-</span> 
     </span>
     <span class='ocr_line' id='line_1_18' title="bbox 413 2592 1664 2677; baseline -0.001 -15"><span class='ocrx_word' id='word_1_139' title='bbox 413 2615 510 2662; x_wconf 86' lang='lat' dir='ltr'>mune</span> <span class='ocrx_word' id='word_1_140' title='bbox 540 2598 574 2660; x_wconf 91' lang='lat' dir='ltr'>et</span> <span class='ocrx_word' id='word_1_141' title='bbox 604 2592 735 2671; x_wconf 89' lang='lat' dir='ltr'>sociale,</span> <span class='ocrx_word' id='word_1_142' title='bbox 765 2592 798 2657; x_wconf 94' lang='lat' dir='ltr'>in</span> <span class='ocrx_word' id='word_1_143' title='bbox 829 2597 969 2677; x_wconf 88' lang='lat' dir='ltr'>utroque</span> <span class='ocrx_word' id='word_1_144' title='bbox 993 2614 1072 2659; x_wconf 89' lang='lat' dir='ltr'>casu</span> <span class='ocrx_word' id='word_1_145' title='bbox 1094 2593 1176 2660; x_wconf 88' lang='lat' dir='ltr'>baec</span> <span class='ocrx_word' id='word_1_146' title='bbox 1199 2593 1372 2660; x_wconf 88' lang='lat' dir='ltr'>disiunctio</span> <span class='ocrx_word' id='word_1_147' title='bbox 1395 2595 1564 2662; x_wconf 88' lang='lat' dir='ltr'>subsistit:</span> <span class='ocrx_word' id='word_1_148' title='bbox 1596 2600 1664 2661; x_wconf 67' lang='lat' dir='ltr'>Aa!</span> 
     </span>
     <span class='ocr_line' id='line_1_19' title="bbox 413 2699 1664 2783; baseline 0 -15"><span class='ocrx_word' id='word_1_149' title='bbox 413 2703 478 2770; x_wconf 87' lang='lat' dir='ltr'>ista</span> <span class='ocrx_word' id='word_1_150' title='bbox 502 2701 629 2768; x_wconf 89' lang='lat' dir='ltr'>utilitas</span> <span class='ocrx_word' id='word_1_151' title='bbox 651 2699 795 2768; x_wconf 85' lang='lat' dir='ltr'>refertur</span> <span class='ocrx_word' id='word_1_152' title='bbox 819 2700 860 2766; x_wconf 87' lang='lat' dir='ltr'>ad</span> <span class='ocrx_word' id='word_1_153' title='bbox 885 2702 1004 2766; x_wconf 91' lang='lat' dir='ltr'>bouum</span> <span class='ocrx_word' id='word_1_154' title='bbox 1028 2700 1159 2783; x_wconf 90' lang='lat' dir='ltr'>aliquod</span> <span class='ocrx_word' id='word_1_155' title='bbox 1182 2699 1322 2766; x_wconf 89' lang='lat' dir='ltr'>hominis</span> <span class='ocrx_word' id='word_1_156' title='bbox 1345 2701 1399 2766; x_wconf 90' lang='lat' dir='ltr'>vel</span> <span class='ocrx_word' id='word_1_157' title='bbox 1422 2700 1590 2768; x_wconf 88' lang='lat' dir='ltr'>hominum</span> <span class='ocrx_word' id='word_1_158' title='bbox 1605 2723 1664 2768; x_wconf 90' lang='lat' dir='ltr'>ac·</span> 
     </span>
     <span class='ocr_line' id='line_1_20' title="bbox 413 2806 1663 2891; baseline 0 -17"><span class='ocrx_word' id='word_1_159' title='bbox 413 2808 586 2884; x_wconf 86' lang='lat' dir='ltr'>cidentale,</span> <span class='ocrx_word' id='word_1_160' title='bbox 610 2807 801 2890; x_wconf 85' lang='lat' dir='ltr'>temporale,</span> <span class='ocrx_word' id='word_1_161' title='bbox 825 2807 1074 2891; x_wconf 87' lang='lat' dir='ltr'>hypotheticum</span> <span class='ocrx_word' id='word_1_162' title='bbox 1097 2811 1132 2874; x_wconf 93' lang='lat' dir='ltr'>et</span> <span class='ocrx_word' id='word_1_163' title='bbox 1146 2806 1385 2886; x_wconf 90' lang='lat' dir='ltr'>secundarium,</span> <span class='ocrx_word' id='word_1_164' title='bbox 1409 2815 1466 2874; x_wconf 76' lang='lat' dir='ltr'>oet</span> <span class='ocrx_word' id='word_1_165' title='bbox 1480 2807 1525 2873; x_wconf 92' lang='lat' dir='ltr'>ad</span> <span class='ocrx_word' id='word_1_166' title='bbox 1540 2807 1663 2874; x_wconf 92' lang='lat' dir='ltr'>bonum</span> 
     </span>
     <span class='ocr_line' id='line_1_21' title="bbox 413 2912 1664 2998; baseline 0.001 -18"><span class='ocrx_word' id='word_1_167' title='bbox 413 2916 574 2980; x_wconf 87' lang='lat' dir='ltr'>humanae</span> <span class='ocrx_word' id='word_1_168' title='bbox 604 2915 744 2978; x_wconf 89' lang='lat' dir='ltr'>naturae</span> <span class='ocrx_word' id='word_1_169' title='bbox 774 2912 967 2996; x_wconf 90' lang='lat' dir='ltr'>simpliciter</span> <span class='ocrx_word' id='word_1_170' title='bbox 996 2913 1064 2979; x_wconf 86' lang='lat' dir='ltr'>tale</span> <span class='ocrx_word' id='word_1_171' title='bbox 1094 2917 1128 2980; x_wconf 87' lang='lat' dir='ltr'>et</span> <span class='ocrx_word' id='word_1_172' title='bbox 1155 2933 1214 2998; x_wconf 90' lang='lat' dir='ltr'>per</span> <span class='ocrx_word' id='word_1_173' title='bbox 1237 2933 1273 2978; x_wconf 89' lang='lat' dir='ltr'>se</span> <span class='ocrx_word' id='word_1_174' title='bbox 1295 2933 1483 2996; x_wconf 88' lang='lat' dir='ltr'>supremum</span> <span class='ocrx_word' id='word_1_175' title='bbox 1506 2918 1579 2980; x_wconf 88' lang='lat' dir='ltr'>tum</span> <span class='ocrx_word' id='word_1_176' title='bbox 1602 2914 1664 2981; x_wconf 92' lang='lat' dir='ltr'>ho·</span> 
     </span>
     <span class='ocr_line' id='line_1_22' title="bbox 414 3019 1663 3106; baseline 0.001 -21"><span class='ocrx_word' id='word_1_177' title='bbox 414 3019 510 3085; x_wconf 89' lang='lat' dir='ltr'>minis</span> <span class='ocrx_word' id='word_1_178' title='bbox 539 3023 610 3086; x_wconf 90' lang='lat' dir='ltr'>tum</span> <span class='ocrx_word' id='word_1_179' title='bbox 640 3019 801 3084; x_wconf 88' lang='lat' dir='ltr'>humanae</span> <span class='ocrx_word' id='word_1_180' title='bbox 831 3019 1011 3086; x_wconf 88' lang='lat' dir='ltr'>societatis.</span> <span class='ocrx_word' id='word_1_181' title='bbox 1058 3021 1130 3085; x_wconf 85' lang='lat' dir='ltr'>Iam</span> <span class='ocrx_word' id='word_1_182' title='bbox 1159 3042 1232 3086; x_wconf 83' lang='lat' dir='ltr'>cero</span> <span class='ocrx_word' id='word_1_183' title='bbox 1261 3019 1290 3085; x_wconf 92' lang='lat' dir='ltr'>si</span> <span class='ocrx_word' id='word_1_184' title='bbox 1316 3024 1477 3106; x_wconf 61' lang='lat' dir='ltr'>primam:</span> <span class='ocrx_word' id='word_1_185' title='bbox 1505 3019 1578 3105; x_wconf 86' lang='lat' dir='ltr'>ipse</span> <span class='ocrx_word' id='word_1_186' title='bbox 1608 3042 1663 3086; x_wconf 88' lang='lat' dir='ltr'>re·</span> 
     </span>
     <span class='ocr_line' id='line_1_23' title="bbox 413 3123 1662 3210; baseline 0.004 -20"><span class='ocrx_word' id='word_1_187' title='bbox 413 3129 545 3210; x_wconf 89' lang='lat' dir='ltr'>spectus</span> <span class='ocrx_word' id='word_1_188' title='bbox 575 3125 730 3192; x_wconf 85' lang='lat' dir='ltr'>utilitatis</span> <span class='ocrx_word' id='word_1_189' title='bbox 759 3145 885 3191; x_wconf 88' lang='lat' dir='ltr'>omnem</span> <span class='ocrx_word' id='word_1_190' title='bbox 912 3125 961 3190; x_wconf 90' lang='lat' dir='ltr'>sui</span> <span class='ocrx_word' id='word_1_191' title='bbox 985 3123 1118 3190; x_wconf 87' lang='lat' dir='ltr'>termini</span> <span class='ocrx_word' id='word_1_192' title='bbox 1141 3125 1377 3191; x_wconf 87' lang='lat' dir='ltr'>accidentalem</span> <span class='ocrx_word' id='word_1_193' title='bbox 1401 3125 1662 3194; x_wconf 85' lang='lat' dir='ltr'>variabilitatem</span> 
     </span>
     <span class='ocr_line' id='line_1_24' title="bbox 412 3230 1663 3318; baseline 0.001 -19"><span class='ocrx_word' id='word_1_194' title='bbox 412 3231 605 3318; x_wconf 86' lang='lat' dir='ltr'>participat;</span> <span class='ocrx_word' id='word_1_195' title='bbox 630 3232 658 3297; x_wconf 90' lang='lat' dir='ltr'>si</span> <span class='ocrx_word' id='word_1_196' title='bbox 682 3236 836 3298; x_wconf 82' lang='lat' dir='ltr'>alterum:</span> <span class='ocrx_word' id='word_1_197' title='bbox 859 3236 1016 3298; x_wconf 91' lang='lat' dir='ltr'>constans</span> <span class='ocrx_word' id='word_1_198' title='bbox 1040 3231 1169 3314; x_wconf 90' lang='lat' dir='ltr'>quidem</span> <span class='ocrx_word' id='word_1_199' title='bbox 1193 3231 1248 3297; x_wconf 90' lang='lat' dir='ltr'>ille</span> <span class='ocrx_word' id='word_1_200' title='bbox 1271 3233 1344 3310; x_wconf 91' lang='lat' dir='ltr'>erit,</span> <span class='ocrx_word' id='word_1_201' title='bbox 1375 3230 1434 3297; x_wconf 89' lang='lat' dir='ltr'>sed</span> <span class='ocrx_word' id='word_1_202' title='bbox 1456 3232 1586 3299; x_wconf 89' lang='lat' dir='ltr'>ratione</span> <span class='ocrx_word' id='word_1_203' title='bbox 1610 3235 1663 3300; x_wconf 91' lang='lat' dir='ltr'>sui</span> 
     </span>
     <span class='ocr_line' id='line_1_25' title="bbox 412 3337 1662 3423; baseline 0.001 -17"><span class='ocrx_word' id='word_1_204' title='bbox 412 3340 542 3406; x_wconf 85' lang='lat' dir='ltr'>termini</span> <span class='ocrx_word' id='word_1_205' title='bbox 573 3361 632 3406; x_wconf 88' lang='lat' dir='ltr'>nee</span> <span class='ocrx_word' id='word_1_206' title='bbox 662 3360 721 3423; x_wconf 89' lang='lat' dir='ltr'>per</span> <span class='ocrx_word' id='word_1_207' title='bbox 750 3359 786 3404; x_wconf 86' lang='lat' dir='ltr'>se</span> <span class='ocrx_word' id='word_1_208' title='bbox 816 3337 1009 3423; x_wconf 89' lang='lat' dir='ltr'>simpliciter</span> <span class='ocrx_word' id='word_1_209' title='bbox 1038 3337 1244 3404; x_wconf 88' lang='lat' dir='ltr'>necessarius</span> <span class='ocrx_word' id='word_1_210' title='bbox 1267 3359 1327 3404; x_wconf 91' lang='lat' dir='ltr'>nec</span> <span class='ocrx_word' id='word_1_211' title='bbox 1350 3338 1576 3406; x_wconf 87' lang='lat' dir='ltr'>characterem</span> <span class='ocrx_word' id='word_1_212' title='bbox 1602 3341 1662 3406; x_wconf 89' lang='lat' dir='ltr'>ab·</span> 
     </span>
     <span class='ocr_line' id='line_1_26' title="bbox 413 3444 1663 3530; baseline 0.002 -18"><span class='ocrx_word' id='word_1_213' title='bbox 413 3446 511 3512; x_wconf 84' lang='lat' dir='ltr'>soluti</span> <span class='ocrx_word' id='word_1_214' title='bbox 535 3445 657 3510; x_wconf 88' lang='lat' dir='ltr'>valoris</span> <span class='ocrx_word' id='word_1_215' title='bbox 682 3445 863 3512; x_wconf 89' lang='lat' dir='ltr'>continens.</span> <span class='ocrx_word' id='word_1_216' title='bbox 909 3445 987 3530; x_wconf 87' lang='lat' dir='ltr'>Ipsa</span> <span class='ocrx_word' id='word_1_217' title='bbox 1010 3446 1097 3510; x_wconf 90' lang='lat' dir='ltr'>enim</span> <span class='ocrx_word' id='word_1_218' title='bbox 1119 3444 1259 3510; x_wconf 90' lang='lat' dir='ltr'>hominis</span> <span class='ocrx_word' id='word_1_219' title='bbox 1282 3444 1462 3524; x_wconf 84' lang='lat' dir='ltr'>beat-itudo,</span> <span class='ocrx_word' id='word_1_220' title='bbox 1492 3468 1578 3529; x_wconf 89' lang='lat' dir='ltr'>quae</span> <span class='ocrx_word' id='word_1_221' title='bbox 1609 3453 1663 3516; x_wconf 86' lang='lat' dir='ltr'>est</span> 
     </span>
     <span class='ocr_line' id='line_1_27' title="bbox 412 3551 1662 3636; baseline 0.002 -20"><span class='ocrx_word' id='word_1_222' title='bbox 412 3572 584 3636; x_wconf 87' lang='lat' dir='ltr'>supremus</span> <span class='ocrx_word' id='word_1_223' title='bbox 607 3551 680 3616; x_wconf 86' lang='lat' dir='ltr'>finis</span> <span class='ocrx_word' id='word_1_224' title='bbox 703 3551 852 3617; x_wconf 89' lang='lat' dir='ltr'>internus</span> <span class='ocrx_word' id='word_1_225' title='bbox 875 3551 1024 3630; x_wconf 89' lang='lat' dir='ltr'>hominis,</span> <span class='ocrx_word' id='word_1_226' title='bbox 1049 3557 1084 3618; x_wconf 92' lang='lat' dir='ltr'>et</span> <span class='ocrx_word' id='word_1_227' title='bbox 1107 3551 1147 3616; x_wconf 92' lang='lat' dir='ltr'>ad</span> <span class='ocrx_word' id='word_1_228' title='bbox 1168 3572 1262 3634; x_wconf 89' lang='lat' dir='ltr'>quem</span> <span class='ocrx_word' id='word_1_229' title='bbox 1279 3551 1365 3616; x_wconf 89' lang='lat' dir='ltr'>bona</span> <span class='ocrx_word' id='word_1_230' title='bbox 1381 3573 1510 3634; x_wconf 91' lang='lat' dir='ltr'>quoque</span> <span class='ocrx_word' id='word_1_231' title='bbox 1525 3553 1662 3620; x_wconf 83' lang='lat' dir='ltr'>socialia</span> 
     </span>
     <span class='ocr_line' id='line_1_28' title="bbox 413 3657 1662 3742; baseline 0.002 -18"><span class='ocrx_word' id='word_1_232' title='bbox 413 3663 532 3726; x_wconf 89' lang='lat' dir='ltr'>cuncta</span> <span class='ocrx_word' id='word_1_233' title='bbox 555 3658 682 3723; x_wconf 88' lang='lat' dir='ltr'>demum</span> <span class='ocrx_word' id='word_1_234' title='bbox 707 3657 909 3735; x_wconf 89' lang='lat' dir='ltr'>ordinantur,</span> <span class='ocrx_word' id='word_1_235' title='bbox 934 3679 997 3722; x_wconf 76' lang='lat' dir='ltr'>noer</span> <span class='ocrx_word' id='word_1_236' title='bbox 1017 3665 1061 3723; x_wconf 82' lang='lat' dir='ltr'>est</span> <span class='ocrx_word' id='word_1_237' title='bbox 1077 3679 1141 3742; x_wconf 83' lang='lat' dir='ltr'>quo</span> <span class='ocrx_word' id='word_1_238' title='bbox 1156 3659 1231 3723; x_wconf 82' lang='lat' dir='ltr'>tolia</span> <span class='ocrx_word' id='word_1_239' title='bbox 1249 3665 1276 3722; x_wconf 83' lang='lat' dir='ltr'>et</span> <span class='ocrx_word' id='word_1_240' title='bbox 1291 3661 1482 3724; x_wconf 68' lang='lat' dir='ltr'>rationetur·</span> <span class='ocrx_word' id='word_1_241' title='bbox 1497 3661 1662 3726; x_wconf 79' lang='lat' dir='ltr'>absolutae</span> 
     </span>
     <span class='ocr_line' id='line_1_29' title="bbox 411 3763 1661 3848; baseline -0.001 -16"><span class='ocrx_word' id='word_1_242' title='bbox 411 3768 617 3842; x_wconf 81' lang='lat' dir='ltr'>necessitatis,</span> <span class='ocrx_word' id='word_1_243' title='bbox 641 3765 698 3829; x_wconf 88' lang='lat' dir='ltr'>sed</span> <span class='ocrx_word' id='word_1_244' title='bbox 722 3764 883 3830; x_wconf 87' lang='lat' dir='ltr'>relativae</span> <span class='ocrx_word' id='word_1_245' title='bbox 906 3767 1047 3839; x_wconf 88' lang='lat' dir='ltr'>tantum,</span> <span class='ocrx_word' id='word_1_246' title='bbox 1072 3767 1188 3848; x_wconf 88' lang='lat' dir='ltr'>utpote</span> <span class='ocrx_word' id='word_1_247' title='bbox 1210 3763 1329 3829; x_wconf 85' lang='lat' dir='ltr'>bonurn</span> <span class='ocrx_word' id='word_1_248' title='bbox 1355 3768 1528 3830; x_wconf 89' lang='lat' dir='ltr'>creaturae</span> <span class='ocrx_word' id='word_1_249' title='bbox 1552 3769 1587 3831; x_wconf 91' lang='lat' dir='ltr'>et</span> <span class='ocrx_word' id='word_1_250' title='bbox 1609 3767 1661 3831; x_wconf 91' lang='lat' dir='ltr'>in-</span> 
     </span>
     <span class='ocr_line' id='line_1_30' title="bbox 413 3869 1662 3956; baseline 0 -18"><span class='ocrx_word' id='word_1_251' title='bbox 413 3893 512 3956; x_wconf 88' lang='lat' dir='ltr'>super</span> <span class='ocrx_word' id='word_1_252' title='bbox 541 3871 717 3936; x_wconf 88' lang='lat' dir='ltr'>secundum</span> <span class='ocrx_word' id='word_1_253' title='bbox 744 3871 906 3936; x_wconf 87' lang='lat' dir='ltr'>humanae</span> <span class='ocrx_word' id='word_1_254' title='bbox 929 3869 1094 3936; x_wconf 88' lang='lat' dir='ltr'>libertatis</span> <span class='ocrx_word' id='word_1_255' title='bbox 1117 3891 1212 3936; x_wconf 87' lang='lat' dir='ltr'>usum</span> <span class='ocrx_word' id='word_1_256' title='bbox 1236 3869 1508 3938; x_wconf 87' lang='lat' dir='ltr'>condicionatum.</span> <span class='ocrx_word' id='word_1_257' title='bbox 1555 3871 1662 3954; x_wconf 86' lang='lat' dir='ltr'>Igitur</span> 
     </span>
     <span class='ocr_line' id='line_1_31' title="bbox 413 3975 1659 4063; baseline -0.001 -19"><span class='ocrx_word' id='word_1_258' title='bbox 413 4000 453 4044; x_wconf 90' lang='lat' dir='ltr'>ns</span> <span class='ocrx_word' id='word_1_259' title='bbox 476 3980 547 4063; x_wconf 88' lang='lat' dir='ltr'>ipse</span> <span class='ocrx_word' id='word_1_260' title='bbox 571 3978 700 4061; x_wconf 89' lang='lat' dir='ltr'>quidem</span> <span class='ocrx_word' id='word_1_261' title='bbox 723 3980 893 4062; x_wconf 89' lang='lat' dir='ltr'>respectus</span> <span class='ocrx_word' id='word_1_262' title='bbox 917 3976 1056 4044; x_wconf 88' lang='lat' dir='ltr'>actionis</span> <span class='ocrx_word' id='word_1_263' title='bbox 1079 3977 1119 4042; x_wconf 90' lang='lat' dir='ltr'>ad</span> <span class='ocrx_word' id='word_1_264' title='bbox 1144 3975 1283 4042; x_wconf 82' lang='lat' dir='ltr'>hominis</span> <span class='ocrx_word' id='word_1_265' title='bbox 1306 3975 1553 4054; x_wconf 88' lang='lat' dir='ltr'>beatitudinem,</span> <span class='ocrx_word' id='word_1_266' title='bbox 1577 3977 1659 4043; x_wconf 89' lang='lat' dir='ltr'>siin</span> 
     </span>
     <span class='ocr_line' id='line_1_32' title="bbox 412 4083 1658 4168; baseline 0.001 -18"><span class='ocrx_word' id='word_1_267' title='bbox 412 4106 452 4152; x_wconf 89' lang='lat' dir='ltr'>ea</span> <span class='ocrx_word' id='word_1_268' title='bbox 481 4085 697 4152; x_wconf 87' lang='lat' dir='ltr'>subiectivum</span> <span class='ocrx_word' id='word_1_269' title='bbox 728 4085 858 4168; x_wconf 86' lang='lat' dir='ltr'>agentis</span> <span class='ocrx_word' id='word_1_270' title='bbox 888 4085 1008 4150; x_wconf 90' lang='lat' dir='ltr'>bonum</span> <span class='ocrx_word' id='word_1_271' title='bbox 1037 4106 1120 4150; x_wconf 83' lang='lat' dir='ltr'>mere</span> <span class='ocrx_word' id='word_1_272' title='bbox 1147 4083 1456 4164; x_wconf 87' lang='lat' dir='ltr'>eudaemonologice</span> <span class='ocrx_word' id='word_1_273' title='bbox 1478 4089 1658 4168; x_wconf 87' lang='lat' dir='ltr'>spectetur,</span> 
     </span>
     <span class='ocr_line' id='line_1_33' title="bbox 410 4189 1659 4277; baseline -0.001 -19"><span class='ocrx_word' id='word_1_274' title='bbox 410 4193 577 4277; x_wconf 80' lang='lat' dir='ltr'>formalem</span> <span class='ocrx_word' id='word_1_275' title='bbox 602 4193 761 4259; x_wconf 89' lang='lat' dir='ltr'>rationem</span> <span class='ocrx_word' id='word_1_276' title='bbox 786 4192 1008 4275; x_wconf 88' lang='lat' dir='ltr'>outologicam</span> <span class='ocrx_word' id='word_1_277' title='bbox 1032 4191 1188 4267; x_wconf 90' lang='lat' dir='ltr'>continet,</span> <span class='ocrx_word' id='word_1_278' title='bbox 1215 4191 1256 4256; x_wconf 94' lang='lat' dir='ltr'>ob</span> <span class='ocrx_word' id='word_1_279' title='bbox 1279 4212 1378 4274; x_wconf 86' lang='lat' dir='ltr'>quam</span> <span class='ocrx_word' id='word_1_280' title='bbox 1399 4189 1459 4256; x_wconf 87' lang='lat' dir='ltr'>illa</span> <span class='ocrx_word' id='word_1_281' title='bbox 1482 4189 1659 4257; x_wconf 86' lang='lat' dir='ltr'>intrinsece</span> 
     </span>
     <span class='ocr_line' id='line_1_34' title="bbox 411 4295 1658 4380; baseline 0 -16"><span class='ocrx_word' id='word_1_282' title='bbox 411 4300 551 4365; x_wconf 88' lang='lat' dir='ltr'>honesta</span> <span class='ocrx_word' id='word_1_283' title='bbox 581 4299 643 4363; x_wconf 89' lang='lat' dir='ltr'>dici</span> <span class='ocrx_word' id='word_1_284' title='bbox 674 4299 803 4366; x_wconf 88' lang='lat' dir='ltr'>debeat.</span> <span class='ocrx_word' id='word_1_285' title='bbox 851 4301 880 4364; x_wconf 82' lang='lat' dir='ltr'>A</span> <span class='ocrx_word' id='word_1_286' title='bbox 904 4297 1033 4364; x_wconf 82' lang='lat' dir='ltr'>fortiori</span> <span class='ocrx_word' id='word_1_287' title='bbox 1062 4318 1140 4380; x_wconf 85' lang='lat' dir='ltr'>ergo</span> <span class='ocrx_word' id='word_1_288' title='bbox 1164 4298 1204 4362; x_wconf 91' lang='lat' dir='ltr'>de</span> <span class='ocrx_word' id='word_1_289' title='bbox 1228 4297 1316 4362; x_wconf 92' lang='lat' dir='ltr'>omni</span> <span class='ocrx_word' id='word_1_290' title='bbox 1339 4295 1404 4364; x_wconf 92' lang='lat' dir='ltr'>alio</span> <span class='ocrx_word' id='word_1_291' title='bbox 1426 4297 1584 4364; x_wconf 83' lang='lat' dir='ltr'>utilitatis</span> <span class='ocrx_word' id='word_1_292' title='bbox 1606 4319 1658 4364; x_wconf 89' lang='lat' dir='ltr'>re·</span> 
     </span>
     <span class='ocr_line' id='line_1_35' title="bbox 411 4404 876 4490; baseline 0.002 -20"><span class='ocrx_word' id='word_1_293' title='bbox 411 4409 526 4490; x_wconf 89' lang='lat' dir='ltr'>spectu</span> <span class='ocrx_word' id='word_1_294' title='bbox 549 4404 582 4470; x_wconf 94' lang='lat' dir='ltr'>id</span> <span class='ocrx_word' id='word_1_295' title='bbox 605 4405 791 4487; x_wconf 88' lang='lat' dir='ltr'>negandum</span> <span class='ocrx_word' id='word_1_296' title='bbox 816 4407 876 4471; x_wconf 88' lang='lat' dir='ltr'>est.</span> 
     </span>
    </p>
   </div>
   <div class='ocr_carea' id='block_1_5' title="bbox 411 4541 1660 5053">
    <p class='ocr_par' dir='ltr' id='par_1_5' title="bbox 411 4541 1660 5053">
     <span class='ocr_line' id='line_1_36' title="bbox 500 4541 1659 4635; baseline -0.002 -23"><span class='ocrx_word' id='word_1_297' title='bbox 500 4541 659 4616; x_wconf 68' lang='lat' dir='ltr'>Probatur</span> <span class='ocrx_word' id='word_1_298' title='bbox 680 4561 757 4635; x_wconf 76' lang='lat' dir='ltr'>para</span> <span class='ocrx_word' id='word_1_299' title='bbox 780 4541 820 4613; x_wconf 91' lang='lat' dir='ltr'>II.</span> <span class='ocrx_word' id='word_1_300' title='bbox 861 4543 949 4610; x_wconf 93' lang='lat' dir='ltr'>Ordo</span> <span class='ocrx_word' id='word_1_301' title='bbox 973 4549 1165 4610; x_wconf 74' lang='lat' dir='ltr'>iacturarum</span> <span class='ocrx_word' id='word_1_302' title='bbox 1189 4545 1512 4629; x_wconf 80' lang='lat' dir='ltr'>eudaemonolopicuc,</span> <span class='ocrx_word' id='word_1_303' title='bbox 1536 4545 1659 4628; x_wconf 89' lang='lat' dir='ltr'>quoad</span> 
     </span>
     <span class='ocr_line' id='line_1_37' title="bbox 411 4649 1659 4733; baseline 0.001 -19"><span class='ocrx_word' id='word_1_304' title='bbox 411 4671 503 4715; x_wconf 87' lang='lat' dir='ltr'>suam</span> <span class='ocrx_word' id='word_1_305' title='bbox 537 4669 684 4732; x_wconf 91' lang='lat' dir='ltr'>quaeque</span> <span class='ocrx_word' id='word_1_306' title='bbox 716 4649 950 4733; x_wconf 86' lang='lat' dir='ltr'>perfectionem</span> <span class='ocrx_word' id='word_1_307' title='bbox 986 4649 1154 4732; x_wconf 86' lang='lat' dir='ltr'>dirigitur,</span> <span class='ocrx_word' id='word_1_308' title='bbox 1195 4669 1237 4714; x_wconf 89' lang='lat' dir='ltr'>ex</span> <span class='ocrx_word' id='word_1_309' title='bbox 1267 4649 1370 4733; x_wconf 88' lang='lat' dir='ltr'>ipsius</span> <span class='ocrx_word' id='word_1_310' title='bbox 1407 4653 1569 4716; x_wconf 86' lang='lat' dir='ltr'>creatoris</span> <span class='ocrx_word' id='word_1_311' title='bbox 1604 4671 1659 4717; x_wconf 89' lang='lat' dir='ltr'>or·</span> 
     </span>
     <span class='ocr_line' id='line_1_38' title="bbox 412 4754 1660 4841; baseline 0.002 -21"><span class='ocrx_word' id='word_1_312' title='bbox 412 4755 578 4822; x_wconf 90' lang='lat' dir='ltr'>diuatioue</span> <span class='ocrx_word' id='word_1_313' title='bbox 602 4776 675 4820; x_wconf 90' lang='lat' dir='ltr'>cum</span> <span class='ocrx_word' id='word_1_314' title='bbox 699 4755 812 4821; x_wconf 88' lang='lat' dir='ltr'>ordine</span> <span class='ocrx_word' id='word_1_315' title='bbox 836 4755 926 4821; x_wconf 87' lang='lat' dir='ltr'>finali</span> <span class='ocrx_word' id='word_1_316' title='bbox 949 4754 1103 4822; x_wconf 85' lang='lat' dir='ltr'>rationali</span> <span class='ocrx_word' id='word_1_317' title='bbox 1126 4775 1185 4820; x_wconf 90' lang='lat' dir='ltr'>seu</span> <span class='ocrx_word' id='word_1_318' title='bbox 1210 4755 1418 4841; x_wconf 77' lang='lat' dir='ltr'>deorutolopieo</span> <span class='ocrx_word' id='word_1_319' title='bbox 1441 4757 1660 4823; x_wconf 87' lang='lat' dir='ltr'>materialiter</span> 
     </span>
     <span class='ocr_line' id='line_1_39' title="bbox 412 4861 1660 4946; baseline 0.002 -18"><span class='ocrx_word' id='word_1_320' title='bbox 412 4862 563 4946; x_wconf 88' lang='lat' dir='ltr'>congruit</span> <span class='ocrx_word' id='word_1_321' title='bbox 586 4863 630 4943; x_wconf 90' lang='lat' dir='ltr'>(n.</span> <span class='ocrx_word' id='word_1_322' title='bbox 656 4863 812 4943; x_wconf 85' lang='lat'>31—33).</span> <span class='ocrx_word' id='word_1_323' title='bbox 859 4861 897 4926; x_wconf 91' lang='lat' dir='ltr'>ln</span> <span class='ocrx_word' id='word_1_324' title='bbox 921 4861 1034 4927; x_wconf 89' lang='lat' dir='ltr'>eodem</span> <span class='ocrx_word' id='word_1_325' title='bbox 1058 4861 1145 4926; x_wconf 87' lang='lat' dir='ltr'>enirn</span> <span class='ocrx_word' id='word_1_326' title='bbox 1168 4861 1295 4927; x_wconf 89' lang='lat' dir='ltr'>obiecto</span> <span class='ocrx_word' id='word_1_327' title='bbox 1319 4865 1353 4928; x_wconf 88' lang='lat' dir='ltr'>et</span> <span class='ocrx_word' id='word_1_328' title='bbox 1376 4861 1520 4929; x_wconf 89' lang='lat' dir='ltr'>humana</span> <span class='ocrx_word' id='word_1_329' title='bbox 1538 4867 1660 4930; x_wconf 85' lang='lat' dir='ltr'>natura</span> 
     </span>
     <span class='ocr_line' id='line_1_40' title="bbox 412 4967 1658 5053; baseline 0.002 -21"><span class='ocrx_word' id='word_1_330' title='bbox 412 4968 602 5052; x_wconf 87' lang='lat' dir='ltr'>simpliciter</span> <span class='ocrx_word' id='word_1_331' title='bbox 631 4967 799 5053; x_wconf 88' lang='lat' dir='ltr'>perficitur</span> <span class='ocrx_word' id='word_1_332' title='bbox 828 4972 862 5033; x_wconf 91' lang='lat' dir='ltr'>et</span> <span class='ocrx_word' id='word_1_333' title='bbox 892 4968 1075 5033; x_wconf 85' lang='lat' dir='ltr'>obiectivus</span> <span class='ocrx_word' id='word_1_334' title='bbox 1104 4967 1275 5034; x_wconf 87' lang='lat' dir='ltr'>rationalis</span> <span class='ocrx_word' id='word_1_335' title='bbox 1305 4969 1384 5034; x_wconf 95' lang='lat' dir='ltr'>ordo</span> <span class='ocrx_word' id='word_1_336' title='bbox 1410 4969 1590 5035; x_wconf 90' lang='lat' dir='ltr'>secuudum</span> <span class='ocrx_word' id='word_1_337' title='bbox 1612 4971 1658 5048; x_wconf 91' lang='lat' dir='ltr'>id,</span> 
     </span>
    </p>
   </div>
   <div class='ocr_carea' id='block_1_6' title="bbox 0 0 1960 5842">
    <p class='ocr_par' dir='ltr' id='par_1_6' title="bbox 0 0 1960 5842">
     <span class='ocr_line' id='line_1_41' title="bbox 0 0 1960 5842; baseline 0 0"><span class='ocrx_word' id='word_1_338' title='bbox 0 0 1960 5842; x_wconf 95' lang='lat' dir='ltr'> </span> 
     </span>
    </p>
   </div>
  </div>
 </body>
</html>
