3909 5842
411 684 476 748 450
623 678 713 734 Sectio
732 678 766 733 11.
804 676 884 732 Liber
903 678 936 732 ll.
975 678 1066 749 Caput
1085 678 1120 733 11.
1156 676 1297 731 Articulus
1316 676 1342 730 3.
1379 674 1439 743 §2-

410 857 585 918 theismnm“
610 858 779 931 substituit,
799 859 919 919 nomine
940 858 1036 935 magis
1058 877 1145 935 quam
1166 877 1199 917 re
1220 858 1258 917 ab
1278 856 1332 916 illo
1353 855 1513 916 diversum.
1556 854 1666 925 Quam·
1769 841 1770 914 i

411 974 499 1031 quam
527 954 604 1014 enim
625 956 689 1015 Deo
720 975 786 1015 esse
815 956 983 1015 absolutum
1006 974 1059 1033 per
1080 974 1114 1015 se
1134 954 1182 1013 sui
1203 953 1357 1013 conscium
1377 957 1408 1012 et
1428 953 1666 1013 transscendens

411 1051 550 1111 mundum
565 1052 717 1120 attribuat,
732 1052 776 1111 ita
789 1056 888 1111 tamen
903 1052 1043 1111 mundum
1057 1052 1088 1110 in
1102 1052 1153 1111 illo
1169 1049 1313 1111 contineri
1329 1048 1492 1121 existimat,
1511 1056 1547 1108 ut
1559 1069 1665 1109 secun·

413 1147 480 1207 dum
502 1168 587 1207 suum
609 1167 677 1207 esse
698 1167 763 1207 cum
779 1168 814 1207 eo
828 1147 1007 1207 identificari
1020 1148 1167 1208 videatur,
1197 1146 1303 1223 Itaque
1317 1146 1348 1205 in
1362 1147 1490 1218 homine,
1512 1146 1666 1223 propriam

412 1246 505 1306 vitam
527 1251 650 1323 agente,
679 1251 829 1322 tamquam
850 1266 904 1305 suo
926 1232 1017 1323 quasi
1040 1266 1153 1321 organo
1181 1245 1268 1304 simul
1289 1245 1371 1303 Dens
1400 1263 1485 1303 suam
1507 1244 1603 1303 vitam
1625 1245 1666 1302 di·
1770 1311 1771 1340 1

412 1345 512 1403 vinnm
534 1343 653 1404 evolvit.
682 1342 766 1401 Haec
786 1342 852 1401 idea
874 1342 941 1401 dein
962 1348 1024 1401 tum
1045 1342 1152 1402 ethicis
1173 1348 1236 1401 tum
1256 1342 1391 1401 iuridicis
1410 1342 1566 1419 principiis
1582 1362 1665 1419 prse-
1770 1345 1771 1410 t

413 1440 505 1513 sidet;
535 1440 695 1500 secundum
724 1459 811 1517 quam
839 1440 870 1499 in
897 1459 931 1499 re
957 1441 1063 1500 morali
1083 1440 1253 1499 Kantianus
1280 1440 1430 1517 purismus
1450 1441 1527 1506 (Fac
1554 1442 1664 1500 bonnm

413 1538 481 1599 boni
502 1538 596 1616 ipsius
618 1536 721 1603 causa)
744 1538 895 1609 statuitur,
917 1542 964 1598 ius
985 1543 1085 1597 autem
1107 1538 1274 1615 concipitur
1293 1542 1443 1615 tamquam
1457 1540 1589 1597 tolclitoe
1602 1558 1666 1597 oon-

413 1640 558 1697 ditionum
574 1636 776 1712 temporalium
797 1639 873 1695 vitoe
886 1638 1052 1713 rationalis,
1071 1656 1122 1696 acu
1141 1639 1182 1697 acl
1195 1638 1379 1696 obtinetdum
1392 1637 1565 1695 rationalem
1578 1637 1666 1709 finem

415 1744 476 1793 tum
497 1738 643 1792 internum
663 1734 789 1793 bominis
818 1742 879 1793 lum
909 1742 1060 1793 externum
1080 1738 1153 1793 vitoe
1180 1734 1296 1794 socialis
1307 1739 1324 1793 ¹.
1352 1766 1391 1775 —
1418 1731 1503 1792 Inter
1531 1733 1599 1793 eine
1626 1734 1665 1792 di·
1771 1803 1772 1822 Χ

416 1832 547 1909 scipulos
567 1830 753 1907 potissimum
773 1831 944 1890 nominandi
966 1837 1037 1891 sunt
1057 1833 1095 1892 H.
1116 1834 1232 1893 Alnme
1252 1832 1359 1906 (Gours
1379 1832 1416 1891 de
1437 1831 1517 1890 droit
1537 1833 1667 1900 nannet,

414 1928 501 1988 Paris
518 1928 611 2000 1838;
634 1928 825 2005 Philosophia
840 1928 892 1987 des
906 1928 1019 1989 Rechts
1033 1930 1093 1989 und
1108 1929 1161 1989 des
1175 1929 1306 2003 Stantes,
1328 1933 1356 1991 6.
1370 1930 1457 2001 aun,
1480 1929 1572 1989 Wien
1589 1930 1665 1988 1870

413 2025 460 2085 bie
483 2026 589 2099 1871);
612 2026 692 2085 dn.
706 2027 743 2085 A.
758 2026 855 2085 Rdder
876 2024 1067 2101 (Grundzuge
1088 2027 1140 2086 dee
1162 2026 1360 2087 Naturrecbte
1381 2026 1452 2086 oder
1474 2027 1528 2085 der
1542 2026 1666 2085 Rechts·

413 2122 610 2202 philosophie,
632 2122 769 2193 nnufl,
791 2120 912 2199 Leipzig
933 2123 994 2182 und
1015 2122 1196 2200 Heidelberg
1219 2124 1440 2198 leco-1863).

504 2221 555 2280 Fr.
570 2221 607 2279 D.
622 2220 657 2279 E.
672 2220 932 2279 Schleiernmrlrrr'
953 2220 1178 2292 (1768-1834)
1200 2219 1231 2278 in
1244 2218 1432 2297 philosophia
1452 2239 1564 2278 novam
1577 2238 1665 2295 quan·

415 2318 480 2377 darn
503 2315 680 2394 Spinozismi
707 2316 831 2376 formam
860 2317 1015 2393 professus
1042 2316 1073 2375 in
1093 2318 1195 2376 multis
1223 2316 1331 2395 partim
1352 2316 1536 2391 Schellingio
1557 2316 1665 2393 partim

414 2416 541 2491 Hegelio
569 2414 793 2491 appropinquat.
843 2412 905 2491 lpsi
933 2433 1049 2491 quoque
1076 2415 1133 2474 boc
1160 2415 1348 2486 universum,
1376 2419 1439 2473 tum
1465 2418 1578 2473 natura
1606 2420 1665 2471 tum

414 2511 539 2571 mundus
561 2510 693 2583 ethicus,
719 2530 879 2588 perennem
901 2532 1072 2588 processum
1094 2512 1230 2582 exhibet,
1261 2530 1318 2588 quo
1339 2512 1468 2571 obsoluw
1488 2514 1588 2585 rolin,
1615 2530 1665 2586 per

415 2626 448 2667 se
468 2607 692 2685 impersonalis,
721 2628 755 2667 se
782 2608 892 2685 iugiter
912 2609 1055 2681 realizet,
1084 2614 1115 2668 et
1141 2610 1258 2685 quidem
1285 2608 1317 2667 in
1344 2608 1452 2667 mundo
1480 2608 1583 2667 ethico
1610 2626 1664 2666 me
1773 2635 1774 2648 κ

416 2704 517 2764 disnte
538 2704 694 2765 activitate
715 2706 845 2765 humana
865 2710 1016 2783 tamquam
1036 2706 1253 2784 personalitas,
1281 2705 1350 2763 dein
1369 2710 1522 2781 tamquam
1544 2705 1663 2766 familia.

417 2808 514 2861 statue
536 2803 682 2879 publicus,
704 2803 850 2886 Ecclesia.
878 2804 917 2863 Et
938 2804 982 2863 sic
1002 2809 1085 2864 totus
1105 2804 1174 2863 finis
1196 2803 1313 2862 ethicus
1332 2808 1474 2862 versatur
1493 2802 1525 2859 in
1547 2801 1665 2859 unifica·

416 2900 499 2959 tione
521 2904 551 2958 et
578 2899 663 2977 quasi
692 2901 964 2976 componetratione
985 2907 1112 2961 naturae
1133 2906 1165 2960 et
1185 2900 1326 2970 rationis,
1355 2900 1393 2958 ad
1413 2918 1501 2975 quem
1528 2900 1619 2958 finem
1636 2898 1665 2956 in

416 2998 566 3057 hominum
588 2996 798 3056 communitate
819 2996 1024 3074 complendum
1046 2998 1136 3057 etiam
1156 3003 1255 3058 status
1282 2997 1417 3075 publicus
1438 2996 1611 3067 ordinatur,
1636 2996 1664 3053 in

417 3114 509 3171 eoque
529 3099 594 3169 ius,
621 3100 771 3171 tamquam
802 3096 901 3154 ethica
927 3101 1031 3155 mutua
1050 3096 1157 3155 relatio
1178 3096 1361 3171 singulorum
1382 3095 1414 3153 in
1436 3094 1541 3154 ordine
1562 3094 1601 3153 ad
1620 3114 1664 3153 ea·

416 3199 502 3253 terna
522 3198 649 3252 naturae
670 3194 816 3254 obiectc³⁸

506 3291 571 3350 Joh.
594 3290 646 3350 Fr.
662 3292 808 3351 Herbart⁴
831 3290 1056 3365 (1776-1841)
1078 3291 1295 3369 philosophiam
1316 3292 1353 3349 ab
1374 3290 1531 3349 idealismo
1553 3290 1593 3349 ad
1612 3308 1664 3347 em-

416 3387 541 3464 piricum
561 3388 661 3464 potius
682 3388 854 3448 realismnm
874 3406 1018 3447 revocare
1041 3388 1174 3464 suscepit
1192 3406 1346 3463 novaeque
1368 3387 1491 3446 scholae
1506 3386 1663 3459 (,Herbar·

416 3484 550 3555 tianee“)
572 3504 679 3544 nomen
701 3484 790 3544 dedit.
825 3485 920 3544 Deum
941 3484 1059 3562 quidem
1079 3484 1266 3562 personalem
1287 3489 1320 3543 ut
1340 3483 1510 3557 theologice
1530 3500 1663 3541 necessa·

417 3582 508 3653 rium,
530 3601 586 3641 neo
607 3602 666 3642 non
688 3583 805 3642 animae
825 3582 1078 3641 immortalitatem
1099 3602 1154 3641 suo
1174 3581 1261 3641 modo
1282 3580 1428 3655 agnoscit.
1469 3580 1549 3639 Dum
1571 3586 1663 3639 auten

417 3679 448 3738 in
469 3678 597 3738 veritate
619 3679 824 3757 philosophica
845 3679 1016 3755 indaganda
1036 3680 1195 3756 aquadam
1215 3678 1386 3738 methodica
1406 3678 1508 3754 scepsi
1528 3677 1663 3736 inchoan·

419 3776 484 3835 dum
516 3781 546 3835 et
573 3776 779 3853 metaphysica
809 3776 905 3836 solum
935 3782 968 3835 ut
998 3776 1172 3836 mediatrice
1203 3776 1240 3834 ad
1269 3775 1469 3851 cognitionem
1497 3773 1663 3851 empiricam

419 3872 560 3933 utendum
581 3891 648 3933 esse
670 3880 789 3946 censet,
817 3892 924 3933 revera
949 3878 1049 3933 tamen
1077 3873 1239 3932 innumeris
1262 3872 1431 3933 arbitreriis
1451 3872 1663 3933 assertionibus

419 3978 507 4047 atque
528 3971 678 4045 figmentis
699 3990 793 4046 neque
809 3990 892 4031 suum
908 3970 1108 4047 empirismum
1128 3989 1224 4046 noque
1237 3968 1473 4045 metaphysicam
1488 3988 1663 4045 magnopere

510 4122 517 4153 ¹
540 4118 610 4183 ,Das
630 4118 720 4173 Ganze
740 4119 788 4173 der
806 4118 950 4174 zeitlichen
971 4117 1147 4186 Bedingtheit
1165 4118 1214 4171 dee
1226 4116 1458 4172 Vernnnltlebons
1476 4119 1544 4173 oder
1561 4118 1609 4173 der
1620 4118 1664 4171 Er·

419 4208 549 4275 reichung
568 4208 616 4261 der
634 4206 983 4276 Vernunftbestimmung“,
1003 4206 1206 4277 Ennyklopttdie
1225 4207 1273 4260 der
1285 4204 1460 4276 Philosophia
1478 4208 1549 4271 476;
1568 4207 1603 4262 cf.
1615 4206 1665 4261 Ab

420 4298 475 4351 ries
494 4297 542 4350 des
562 4294 687 4367 Systems
705 4300 757 4351 etc.
776 4298 820 4351 46.

509 4385 519 4417 ¹
544 4384 586 4437 Ad
612 4384 730 4439 ethicam
756 4387 784 4438 et
809 4384 852 4439 ius
877 4387 992 4437 naturae
1018 4383 1086 4437 baec
1112 4383 1170 4437 eius
1198 4400 1280 4453 opere
1306 4382 1459 4452 pertinent:
1487 4382 1664 4439 Grundlinien

419 4475 494 4528 einer
518 4472 609 4526 Kritik
634 4473 682 4527 der
706 4472 863 4541 bisherigen
887 4472 1067 4537 Sittenlehre,
1096 4472 1178 4535 1803;
1204 4476 1232 4525 et
1257 4471 1416 4541 posthuma:
1440 4472 1572 4527 Entwnrf
1594 4473 1664 4526 eines

419 4564 545 4633 Systems
564 4560 612 4614 der
631 4560 811 4625 Sittenlebre,
840 4562 923 4625 1835;
950 4559 1100 4614 Grundriss
1126 4559 1174 4613 der
1198 4557 1437 4629 pbilosophischen
1456 4559 1558 4623 Ethilr,
1585 4561 1664 4619 1841:

418 4650 469 4705 Die
488 4648 576 4705 Lebre
595 4666 656 4703 vom
676 4648 761 4713 Stant,
783 4650 859 4704 1845.

510 4740 520 4771 ³
540 4738 580 4791 Cf.
602 4738 678 4791 Stabl
696 4738 713 4791 l.
734 4756 756 4792 c.
776 4738 827 4791 521
842 4756 882 4806 sq.

509 4827 613 4880 ⁴Inter
639 4826 755 4896 plurima
781 4826 836 4881 alia
855 4844 936 4897 opera
962 4827 1087 4897 scripsit:
1112 4825 1283 4893 Allgemeine
1308 4823 1467 4895 praktische
1485 4822 1665 4893 Philosophie,

421 4916 504 4979 180&
531 4916 620 4971 Knrze
639 4915 842 4986 llnzylrloptdie
861 4916 909 4969 der
928 4914 1117 4985 philosophie,
1143 4931 1193 4968 aus
1219 4912 1396 4984 prslrtischen
1415 4911 1664 4983 Geaichtspnnkten

419 5005 578 5069 entworlen‚
599 5005 682 5069 1831;
701 5004 880 5074 Analytiscbe
893 5003 1083 5071 Beleuchtung
1096 5004 1145 5058 des
1157 5001 1338 5057 Naturrechte
1351 5000 1406 5055 und
1419 5001 1468 5055 der
1479 4999 1575 5065 hlorel,
1591 5000 1663 5055 1836.
