3909 5842
395 689 459 753 486
642 684 731 739 Sectio
751 685 783 739 ΙΙ.
822 686 902 740 Liber
919 686 953 740 ll.
992 686 1081 755 Caput
1098 685 1147 739 111.
1184 688 1244 739 Art
1263 685 1289 738 2.
1326 684 1387 752 §2

396 861 464 933 575.
552 859 724 933 Sdhtllum.
768 870 878 941 Quodsi
899 872 946 931 ius
968 872 1059 932 etism
1078 872 1111 931 in
1130 873 1308 932 individuale
1328 874 1359 930 et
1372 872 1476 930 scente
1489 869 1646 933 dividitur.

396 968 470 1027 haec
490 966 612 1045 partitio
633 987 692 1027 non
714 974 761 1029 est
781 969 854 1029 iuris
875 969 994 1047 proprie
1015 988 1068 1028 seu
1089 969 1194 1029 stricte
1214 968 1295 1038 dicti,
1324 968 1361 1027 de
1387 987 1444 1044 quo
1464 968 1515 1027 hic
1536 968 1648 1043 agilon,

396 1065 448 1124 ssd
476 1066 578 1127 latiore
604 1086 689 1126 seneen
717 1068 843 1145 accepti,
872 1073 959 1145 prout
987 1066 1104 1127 scilicet
1124 1086 1183 1126 non
1204 1066 1298 1125 solum
1319 1066 1482 1125 relationes
1502 1066 1649 1125 iuridicas

396 1162 524 1223 hominis
553 1168 583 1222 et
608 1163 805 1239 obligationes
827 1164 947 1224 socialis
968 1164 1110 1233 iustitiae,
1138 1164 1192 1223 sed
1212 1163 1376 1223 universim
1396 1163 1497 1222 omnis
1517 1163 1649 1223 hominis

396 1260 505 1331 officia,
533 1260 623 1319 etiam
650 1262 750 1321 ethica
777 1268 808 1322 et
834 1262 984 1339 religiosa,
1014 1261 1228 1339 complectitur.
1271 1259 1369 1329 Quare
1396 1264 1443 1319 ins
1465 1262 1649 1320 individuale

396 1358 493 1434 quoad
514 1376 576 1417 rem
597 1377 662 1417 oum
684 1362 801 1435 periali
821 1362 911 1419 etliaa
933 1359 1077 1435 congruit.
1119 1359 1213 1419 Simili
1233 1358 1350 1418 ratione
1370 1356 1443 1417 iuris
1467 1358 1648 1416 vocabulum

396 1460 564 1531 usurpatur,
586 1454 635 1513 ubi
650 1460 784 1516 uniuersa
805 1460 924 1516 maelis
940 1458 1122 1534 philosophia
1135 1456 1303 1533 promiscue
1323 1458 1371 1513 ins
1388 1462 1513 1514 naneae
1528 1454 1647 1523 dicitnr,

396 1557 458 1611 tum
481 1552 608 1611 ethicam
628 1558 690 1611 tum
710 1554 757 1613 ius
779 1559 904 1613 naturae
919 1554 1031 1614 sociale
1049 1574 1102 1613 seu
1115 1552 1235 1631 proprie
1249 1553 1360 1611 dictum
1375 1550 1648 1629 comprehendens:

396 1668 481 1725 quern
502 1654 635 1709 veterum
656 1670 767 1711 morem
787 1651 819 1711 in
840 1652 973 1727 generali
994 1651 1187 1729 inscriptione
1208 1652 1313 1711 harum
1330 1649 1594 1723 „Institutionum‘
1619 1654 1650 1707 st

397 1764 452 1805 nos
474 1746 569 1806 secuti
589 1766 699 1809 sumus.

536 1904 608 1987 §2
645 1906 713 1971 Ius
743 1928 817 1991 pro
848 1908 1065 1975 facultate
1094 1907 1243 1973 morali
1274 1909 1505 1990 acceptum.

397 2024 466 2097 5¹76.
549 2031 738 2096 Secundum
761 2030 846 2097 hanc
869 2030 1141 2114 significationem
1163 2030 1237 2097 iura
1259 2030 1416 2113 distingui
1439 2030 1566 2095 solent:

490 2136 516 2199 1.
542 2135 658 2202 Realia
682 2144 710 2203 et
728 2139 924 2222 personalia.
964 2136 1063 2202 Cuius
1084 2135 1274 2222 partitionis
1296 2156 1361 2201 non
1385 2134 1502 2201 eadem
1516 2154 1654 2218 semper

398 2241 431 2304 et
461 2240 547 2322 apud
578 2262 691 2308 omnes
714 2242 893 2327 scriptores
915 2243 1002 2309 ratio
1025 2246 1087 2311 est.
1134 2242 1329 2326 Plerumque
1351 2246 1464 2308 tamen
1485 2245 1540 2307 ias
1564 2244 1653 2309 reale

398 2343 593 2426 (dingliches
624 2348 702 2415 oder
726 2347 959 2431 Saohenrecht)
991 2351 1025 2415 et
1048 2353 1099 2415 ins
1119 2353 1287 2437 personale
1310 2347 1548 2433 (persdnliches
1571 2347 1654 2414 oder

398 2449 672 2535 Personenrecht)
702 2455 788 2521 idem
817 2454 1014 2539 significant,
1045 2454 1132 2538 quod
1158 2454 1244 2539 apud
1268 2458 1400 2521 veteres
1421 2458 1474 2521 ins
1497 2458 1534 2519 in
1558 2478 1596 2520 re
1618 2462 1652 2519 et

397 2558 448 2621 ins
465 2560 510 2624 ad
525 2583 601 2643 rem,
626 2581 684 2626 seu
700 2562 829 2629 ratione
844 2564 999 2628 materiae
1015 2562 1270 2644 distinguuntur,
1294 2566 1393 2646 prout
1408 2560 1537 2627 scilicet
1552 2560 1654 2625 alicui

398 2664 555 2747 competit
584 2665 635 2732 ius
662 2666 694 2732 in
718 2688 788 2733 rem
811 2670 994 2733 immediate
1015 2666 1086 2734 eius
1107 2668 1268 2752 potestati
1290 2668 1345 2733 vel
1367 2666 1571 2751 possessioni
1594 2666 1653 2732 ob·

399 2768 540 2851 noxiam,
565 2777 624 2839 aut
646 2774 680 2838 in
703 2794 771 2839 rem
796 2796 817 2839 a
840 2778 932 2841 certa
954 2794 1096 2859 persona
1118 2774 1173 2839 vel
1196 2772 1296 2839 certis
1316 2771 1465 2857 personis
1476 2780 1655 2861 praestan·

401 2874 485 2941 dane.
510 2916 553 2925 -
580 2879 674 2945 Alias
696 2879 754 2946 illa
777 2880 908 2947 nomina
931 2884 1134 2965 usurpantur
1162 2880 1205 2943 ad
1232 2878 1499 2962 distinguendum
1522 2876 1654 2943 varium

399 2981 537 3067 modurn,
562 3006 624 3067 quo
650 2986 700 3052 ius
724 2986 857 3069 aliquod
880 2986 1003 3052 homini
1026 2990 1213 3070 competere
1228 2988 1263 3051 et
1277 2984 1451 3050 inhaerere
1465 2986 1597 3069 potest;
1621 2988 1655 3049 et

399 3085 447 3152 its
470 3088 644 3173 aliquando
663 3094 852 3179 personalia
875 3092 1028 3157 dicuntur
1050 3093 1132 3170 iura,
1158 3112 1242 3173 quae
1264 3092 1393 3158 ratione
1408 3090 1459 3155 sui
1475 3110 1654 3175 personam

401 3190 549 3261 afficiunt
581 3197 675 3281 eique
707 3197 894 3265 immediate
925 3198 1109 3275 inhaerent,
1142 3197 1191 3263 uti
1213 3198 1265 3263 ius
1287 3196 1392 3262 vitam
1415 3195 1654 3262 conservandi:

401 3302 503 3365 realia
526 3322 616 3381 vero,
647 3325 732 3385 quae
754 3324 914 3389 personae
937 3324 1002 3369 non
1025 3324 1086 3387 per
1108 3325 1154 3383 se,
1179 3302 1238 3368 sed
1260 3307 1374 3369 nante
1396 3305 1446 3368 rei
1469 3300 1654 3386 cuiuspiam

401 3402 579 3473 adveniunt
609 3413 643 3475 et
673 3412 809 3475 eatenus
839 3408 988 3493 proxime
1018 3408 1111 3491 quasi
1138 3408 1187 3474 rei
1209 3407 1381 3473 inhaerere
1404 3405 1654 3490 concipiuntur:

400 3508 448 3575 ita
471 3512 663 3597 quicumque
687 3514 822 3580 fundum
848 3514 943 3593 emit,
975 3515 1028 3581 cui
1051 3536 1182 3581 annexa
1211 3520 1263 3581 est
1286 3514 1452 3599 exemptio
1475 3514 1518 3579 ab
1542 3534 1655 3579 annuo

399 3614 534 3693 tributo,
559 3618 610 3683 ius
633 3618 727 3684 huius
752 3618 969 3705 exemptionis
993 3620 1133 3703 acquirit
1155 3624 1323 3702 tamquam
1347 3620 1488 3697 ,resle“.

491 3726 520 3791 2.
538 3726 619 3791 lara
635 3734 770 3791 connata
786 3724 961 3807 (absoluta,
979 3726 1171 3809 originaria)
1188 3730 1222 3792 et
1238 3728 1395 3812 acquisito
1410 3722 1655 3809 (hypothetica,

400 3826 606 3913 adventitia),
631 3836 729 3915 prout
752 3854 864 3899 eorum
887 3834 1135 3899 fundamentum
1152 3853 1211 3897 seu
1225 3832 1342 3898 titulus
1357 3831 1428 3915 ipso
1444 3830 1538 3897 facto
1553 3832 1655 3896 realis

401 3938 600 4003 exsistentiae
628 3937 767 4004 hominis
798 3944 856 4007 aut
885 3939 975 4005 facto
1006 3938 1114 4021 aliquo
1145 3938 1216 4004 sive
1242 3937 1428 4003 necessario
1452 3936 1525 4002 sive
1548 3936 1655 4001 libero

400 4040 446 4106 illi
471 4045 604 4129 insuper
628 4047 789 4113 accedente
813 4046 1033 4113 constituitur.

401 4250 428 4303 in
455 4250 502 4304 der
528 4251 755 4306 ausdrflclrliehen
782 4249 951 4317 Verleihung
979 4250 1043 4303 oder
1070 4248 1118 4302 der
1146 4246 1414 4316 stillschweigeuden
1439 4246 1572 4314 Duldung
1601 4264 1653 4300 von

401 4338 487 4392 seiten
507 4338 555 4393 des
574 4338 690 4403 Staatss,
710 4358 735 4393 es
754 4340 848 4393 lestelrt
865 4339 939 4391 nieht
957 4356 1009 4391 aas
1027 4342 1131 4405 eipener
1149 4338 1245 4405 Kroft,
1263 4339 1383 4391 condem
1400 4336 1489 4389 durch
1507 4337 1653 4404 Atletrenp

402 4442 452 4480 con
477 4430 559 4481 seiten
584 4430 630 4482 des
649 4431 761 4482 Staates.
799 4430 864 4481 Dies
886 4429 936 4495 pill
961 4428 1031 4479 ancli
1055 4442 1106 4480 oon
1126 4427 1176 4479 der
1194 4426 1366 4479 cenezaeo»
1383 4426 1494 4479 Kirelee.
1532 4424 1575 4479 Ob
1594 4425 1653 4478 ihre

403 4514 498 4582 uigens
518 4516 689 4584 Aullsssung
709 4516 769 4569 eine
787 4514 886 4568 andere
905 4514 956 4578 ist,
981 4515 1037 4568 und
1055 4514 1089 4568 ob
1108 4514 1156 4566 der
1180 4511 1414 4567 mittelalterliche
1433 4511 1513 4564 Stnst
1531 4510 1654 4564 dissolbe

403 4604 584 4665 anerlrsnnts,
611 4604 644 4657 ob
663 4604 706 4657 ein
725 4602 910 4656 Jahrtauseud
935 4602 1068 4656 hindurch
1095 4601 1145 4655 dns
1164 4602 1207 4655 ius
1225 4602 1386 4655 canonicum
1403 4599 1445 4653 als
1463 4599 1654 4666 selbstandigs

403 4688 595 4759 Rechtsquslle
614 4692 681 4759 gall,
700 4692 774 4745 kann
793 4692 837 4744 fur
856 4691 900 4745 die
919 4690 1030 4758 heutige
1043 4690 1255 4753 Wissensohsit,
1274 4706 1353 4742 wenn
1367 4689 1408 4743 sie
1419 4686 1481 4741 sicli
1492 4687 1653 4755 flberzengt.

403 4778 466 4832 dass
485 4778 558 4833 disse
577 4780 749 4847 Aullassung
767 4781 816 4833 mit
836 4780 897 4833 dem
913 4778 1017 4833 Wesen
1036 4779 1085 4832 dee
1104 4778 1197 4832 Stasts
1215 4777 1269 4831 und
1283 4776 1388 4831 Rechts
1406 4776 1591 4829 unversinbsr
1610 4776 1654 4832 ist.

403 4866 591 4935 ehensowenig
609 4868 790 4936 massgebsud
808 4868 866 4922 sein
886 4868 927 4921 als
946 4868 990 4920 die
1008 4866 1095 4920 Lehre
1114 4866 1163 4920 der
1175 4865 1339 4932 Kirche(‘?!)
1360 4882 1415 4918 von
1433 4863 1483 4918 der
1494 4864 1654 4931 Bswegm

404 4955 451 5009 der
469 4954 557 5009 Sonne
575 4974 620 5009 um
640 4957 682 5009 die
696 4956 766 5010 Erds
784 4956 829 5009 fiir
848 4956 891 5009 dio
910 4956 1021 5023 heutige
1034 4957 1229 5008 astronomia*
1260 4954 1303 5008 of.
1324 4958 1380 5007 not
1393 4971 1420 5023 p.
1433 4952 1486 5007 373
1500 4952 1547 5019 (dc
1559 4952 1584 5005 3.
1598 4952 1654 5005 edi·

404 5045 477 5097 tione
496 5045 605 5114 operis).
