3909 5842
404 677 447 743 98
629 672 719 730 Sectis
737 674 759 729 I.
796 673 877 730 Liber
894 675 915 732 l.
952 673 1042 746 Caput
1060 674 1107 729 111.
1143 672 1285 730 Articutus
1303 676 1329 730 3.
1365 674 1427 743 52.

409 851 621 931 ‚detectabile
643 853 822 919 secuudum
845 873 988 933 sensum,
1011 850 1045 919 in
1064 854 1223 935 quantum
1239 852 1422 939 appetitum
1438 852 1502 918 sibi
1517 852 1668 936 adaptat

404 958 643 1042 quodammodo
665 962 702 1025 11
725 958 920 1038 conformat,
944 963 1062 1027 causat
1085 980 1245 1043 emerem
1265 958 1298 1025 in
1321 962 1481 1041 quantum
1501 978 1590 1025 vero
1607 957 1667 1023 ab·

403 1086 481 1131 sens
497 1064 639 1133 attrahit
653 1064 695 1131 ad
710 1086 748 1131 se
763 1064 881 1149 ipsum,
898 1069 1016 1132 causat
1031 1068 1314 1153 concrepisceettem
1321 1090 1335 1148 ;
1349 1064 1384 1130 in
1399 1066 1565 1148 quantum
1583 1084 1668 1129 vero

404 1192 563 1257 praesens
585 1172 714 1255 quietat
735 1172 771 1238 in
792 1194 830 1239 se
852 1173 935 1257 ipso,
965 1178 1083 1240 causet
1112 1174 1362 1239 delectationem⁸
1377 1172 1399 1237 ¹.
1453 1170 1555 1238 Unde
1589 1190 1669 1254 pro·

403 1277 513 1362 prium
540 1276 825 1362 concupiscentiae
854 1278 1018 1346 obiectum
1049 1278 1220 1345 dicendum
1251 1283 1304 1345 est
1332 1276 1453 1343 bouum
1475 1277 1668 1343 mcundum

404 1404 536 1450 11111111
559 1384 755 1453 detectsbile
778 1406 844 1451 non
866 1386 1027 1465 absolute,
1051 1384 1109 1451 sed
1132 1384 1190 1451 snb
1213 1386 1338 1451 ratione
1360 1384 1514 1450 absentis.

493 1490 565 1557 Usu
593 1490 746 1573 loquendi
773 1496 886 1559 1111111
910 1490 1196 1577 concupiscentiae
1218 1490 1412 1557 vocabulum
1437 1510 1505 1555 non
1529 1508 1672 1573 semper

404 1601 473 1663 tam
497 1597 612 1665 stricte
635 1598 678 1663 ad
700 1620 799 1664 onam
822 1598 999 1683 specialem
1015 1598 1202 1684 passionem
1218 1597 1437 1665 denotandam
1453 1600 1671 1671 1111111111,

403 1702 463 1768 sed
492 1703 670 1769 secuudum
701 1724 906 1771 communem
934 1704 1079 1787 aliquam
1105 1703 1267 1771 rationem
1290 1702 1332 1769 ad
1355 1703 1466 1788 plures
1489 1724 1561 1768 non
1589 1724 1672 1767 raro

405 1808 604 1877 extenditur.
651 1809 721 1887 Quo
750 1832 849 1877 sensu
879 1810 1018 1894 quilibet
1047 1810 1223 1894 aliquando
1253 1808 1416 1894 passionis
1439 1814 1567 1887 motus,
1603 1830 1672 1891 quo

405 1935 509 1997 agens
530 1914 565 1983 in
583 1917 702 1983 bonum
718 1916 916 1985 detectsbite
930 1918 1047 1996 fertur,
1072 1918 1143 1983 sive
1158 1920 1344 2001 respectum
1361 1915 1454 1981 ardui
1469 1914 1672 1981 admixtum

405 2021 506 2089 habet
534 2020 607 2090 sive
637 2044 714 2102 non,
744 2028 854 2093 motus
876 2023 1161 2110 concupiscentiae
1185 2024 1314 2093 dicitur.
1338 2060 1383 2071 —
1405 2024 1522 2107 Longe
1547 2028 1672 2091 autem

404 2127 512 2212 magis
527 2150 549 2196 a
563 2131 697 2215 propria
718 2152 780 2198 sua
802 2131 1043 2216 significatione
1066 2132 1205 2199 alienari
1229 2130 1516 2215 concupiscentiae
1541 2150 1674 2196 nornen

405 2234 603 2302 censendum
633 2240 695 2315 est,
724 2238 781 2303 ubi
809 2238 891 2305 illud
913 2238 955 2305 de
977 2237 1049 2322 ipsc
1072 2237 1221 2323 appetitu
1245 2238 1400 2303 rationali
1422 2256 1479 2302 seu
1504 2235 1673 2321 appetitu

404 2342 482 2409 boui
503 2342 708 2410 delectabilis
722 2346 900 2411 secundum
916 2345 1079 2411 rationem
1094 2344 1247 2429 usurpari
1269 2342 1441 2425 contingit.
1472 2341 1552 2408 Hoc
1574 2342 1672 2408 enim

405 2469 504 2515 sensu
532 2448 703 2517 intellecta
732 2450 998 2536 concupiscentis
1030 2450 1161 2536 proprie
1195 2450 1357 2517 rationem
1392 2446 1562 2533 passionis
1601 2466 1673 2513 ncn

404 2553 516 2632 habet,
546 2574 586 2621 eo
616 2556 702 2637 quod
731 2555 903 2623 tendentia
931 2556 965 2621 in
988 2556 1109 2622 bonum
1132 2556 1271 2622 rationis
1293 2559 1331 2623 ut
1352 2554 1423 2621 tale
1446 2553 1675 2637 aliquatenus

405 2660 472 2727 iam
495 2659 635 2726 rationis
657 2660 821 2729 delectum
845 2666 881 2729 et
903 2662 1050 2745 reginum
1073 2661 1108 2727 in
1131 2661 1280 2747 appetitu
1303 2664 1477 2746 supponet.

405 2798 471 2870 122.
562 2802 747 2868 Secundum
762 2802 985 2871 habitudinem
1003 2802 1044 2870 ad
1060 2802 1241 2871 voluntatis
1258 2799 1568 2869 determinationem
1584 2824 1674 2868 con·
1771 2892 1772 2903 ἵ

408 2906 611 2991 cupiscentis
634 2908 844 2993 disttnpniter
867 2908 1065 2975 antecedens
1088 2914 1122 2976 et
1146 2928 1357 2991 consequens.
1396 2906 1603 2974 Antecedens
1630 2930 1675 2975 ea

408 3012 535 3091 dicitur,
553 3034 637 3097 quae
652 3015 834 3081 antevertit
849 3036 978 3081 omnem
994 3017 1176 3084 voluntatis
1191 3016 1328 3082 liberum
1345 3034 1541 3081 consensum
1557 3012 1676 3081 adeo-

407 3139 471 3203 que
501 3120 591 3185 nutlo
620 3118 717 3187 modo
741 3142 761 3187 a
783 3121 967 3188 voluntatis
996 3120 1132 3206 imperio
1162 3120 1321 3207 procedit,
1351 3120 1409 3187 sed
1439 3142 1511 3187 eam
1546 3120 1676 3205 potius

407 3224 511 3293 allicit
522 3225 564 3291 ad
577 3228 687 3291 actum
698 3226 883 3309 ponendum
894 3226 1152 3309 praeexsistenti
1164 3226 1448 3313 concupiscentiae
1462 3246 1674 3309 congruum.

409 3334 606 3420 Consequens
636 3334 747 3398 autem
777 3352 818 3399 ea
844 3336 995 3413 vocatur,
1026 3354 1124 3416 quam
1147 3334 1303 3401 voluntas
1325 3334 1430 3400 bbere
1451 3334 1579 3401 directe
1610 3336 1675 3401 vel

406 3438 567 3506 indirecte
589 3436 761 3515 excitavit,
786 3442 820 3505 et
842 3460 928 3522 quae
950 3440 1044 3525 proin
1067 3440 1154 3507 itlius
1177 3444 1289 3507 actum
1312 3440 1532 3523 consequitur.
1564 3440 1675 3508 Talis

407 3567 440 3613 v.
464 3566 497 3628 g.
529 3549 580 3611 est
610 3546 779 3629 appetitus
808 3545 960 3613 1111111111
982 3550 1101 3625 motus,
1131 3546 1183 3613 cui
1212 3546 1368 3613 voluntas
1392 3546 1494 3611 tibere
1516 3547 1675 3629 praebet

408 3650 611 3718 occasionem
641 3650 711 3717 sive
741 3650 866 3719 directe
894 3652 1063 3719 incitando
1094 3652 1148 3719 vel
1181 3652 1365 3719 roborando
1395 3650 1466 3717 sive
1495 3650 1674 3721 indirecte

407 3778 473 3824 nou
495 3756 678 3823 amovendo
702 3778 846 3837 cansam,
869 3779 968 3841 quam
991 3759 1110 3826 tollere
1133 3762 1244 3844 potest
1267 3762 1302 3825 et
1325 3758 1433 3825 debet.
1479 3757 1556 3841 Ipsa
1578 3758 1674 3825 dein

408 3866 595 3930 antecedens
617 3861 882 3947 concupiscentia
903 3866 1015 3949 potest
1038 3863 1093 3929 vel
1116 3863 1263 3947 perfecte
1285 3862 1340 3929 vet
1365 3862 1557 3947 imperfecte
1578 3866 1674 3931 tan-
1772 3872 1773 3881 ³

407 3975 479 4037 tum
501 3969 683 4037 voluntatis
706 3990 899 4036 consensum
923 3973 1135 4037 antevertere
1157 3974 1193 4037 et
1216 3975 1353 4037 eatenus
1376 3974 1429 4036 est
1450 3969 1503 4035 vel
1517 3972 1674 4055 perfecte

408 4076 461 4141 vel
485 4076 664 4162 inperfecte
687 4076 895 4143 antecedens.

499 4180 769 4265 Concupiscentia
791 4204 991 4269 conrseqeens,
1016 4204 1099 4265 quae
1116 4182 1215 4249 etiam
1232 4204 1401 4249 censensus
1417 4180 1545 4260 dicitnr,
1569 4180 1671 4251 citra

409 4310 505 4355 omne
528 4286 660 4353 dubium
684 4290 736 4353 est
758 4289 940 4354 voluntarie
963 4294 998 4355 et
1013 4290 1125 4356 libere.
1157 4288 1261 4355 Immo
1284 4288 1317 4355 in
1341 4288 1525 4355 actionibus
1547 4288 1668 4369 matis,

408 4416 493 4479 quae
516 4396 599 4460 fiunt
621 4413 664 4459 ex
687 4392 952 4478 concupiscentia
973 4394 1035 4461 tali
1055 4397 1171 4461 directe
1186 4396 1300 4471 libers,
1326 4394 1452 4460 directa
1468 4394 1566 4461 etiam
1582 4415 1667 4462 ma·

408 4504 482 4571 litia
504 4499 677 4585 reperitur,
707 4500 783 4583 quia
806 4500 960 4567 voluutas
983 4522 1047 4567 non
1071 4501 1253 4568 succumbit
1281 4500 1469 4579 tentationi,
1499 4500 1557 4565 sed
1580 4521 1665 4567 eam

409 4609 519 4698 potius
541 4609 711 4691 provocat.
742 4606 858 4690 ltaque
882 4608 1017 4674 desole
1040 4603 1305 4693 concupiscentia
1328 4608 1525 4674 antecedente
1540 4610 1665 4689 quaeri

409 4720 616 4801 atiquatenus
638 4716 758 4796 potest,
782 4714 943 4795 quomodo
966 4736 1003 4780 11
1026 4714 1148 4781 habeat
1170 4714 1212 4781 ad
1228 4712 1450 4779 voluntarium
1466 4716 1500 4779 et
1515 4712 1663 4779 liberum

408 4827 442 4893 in
466 4822 605 4898 actibus,
630 4818 684 4901 qui
709 4840 751 4884 ex
773 4818 832 4885 itta
853 4822 1113 4905 proficiscuntur.
1161 4820 1257 4887 Unde
1280 4818 1325 4887 sit

502 5025 510 5057 ¹
530 5023 557 5076 S.
580 5021 682 5089 rtem„
700 5018 728 5073 S.
746 5016 830 5072 111111.
851 5017 875 5081 1,
892 5014 918 5078 2,
936 5031 963 5082 q.
979 5010 1026 5077 80,
1046 5030 1070 5067 1.
1090 5010 1114 5067 2.
