3909 5842
435 681 499 746 282
661 678 751 733 Sectio
769 679 790 733 l.
828 679 908 733 Liber
926 679 973 734 IV.
1011 679 1100 750 Caput
1119 681 1138 734 Ι.
1178 679 1318 735 1111111111
1337 680 1361 736 2.
1399 681 1461 748 §2-

433 859 600 923 moraliter
622 862 758 935 certnm,
783 861 971 923 teneremur
995 858 1106 938 1111,
1132 878 1217 941 quae
1232 863 1403 942 praestare
1419 879 1485 924 non
1503 878 1694 942 possumus.

435 965 656 1049 Motoplryaico
678 962 764 1028 anim
787 962 959 1042 certitudo,
992 963 1056 1030 nisi
1086 965 1127 1030 de
1157 963 1270 1048 primis
1302 969 1336 1032 et
1366 965 1582 1048 generalibus
1611 965 1695 1048 legis

434 1069 596 1136 naturalis
625 1068 793 1154 principiis
822 1073 857 1136 et
886 1070 927 1136 de
957 1069 1008 1150 iis,
1040 1091 1124 1153 quae
1147 1069 1224 1136 inde
1247 1072 1436 1139 immediate
1460 1077 1495 1139 et
1519 1093 1600 1138 cum
1625 1073 1695 1137 evi·

436 1175 548 1242 dentia
578 1176 792 1255 deducuntur,
823 1177 937 1242 baberi
968 1178 1099 1242 omnino
1130 1177 1253 1260 nequit.
1300 1179 1387 1264 Erpo
1417 1179 1471 1244 vel
1494 1179 1531 1245 in
1554 1179 1600 1245 iis
1625 1202 1695 1244 om·

434 1283 541 1362 nibus,
558 1303 642 1366 quae
658 1286 846 1350 concretam
862 1282 1094 1368 principiorum
1110 1283 1364 1368 applicationem
1381 1289 1545 1369 spectant,
1574 1287 1695 1352 volun·

435 1389 518 1456 tatis
549 1389 780 1456 determinatio
813 1393 866 1455 est
896 1394 1056 1474 perpetuo
1089 1390 1328 1474 suspendenda,
1363 1393 1449 1474 qnod
1481 1413 1548 1458 non
1584 1394 1695 1459 minus

436 1496 614 1563 absurdum
636 1517 734 1578 quam
757 1496 956 1580 impossibile
978 1501 1048 1572 est;
1073 1497 1126 1562 vel
1150 1497 1276 1563 censeri
1299 1497 1398 1564 debet
1420 1499 1591 1566 dictamen
1616 1522 1695 1566 con-

436 1601 594 1668 scientiae
616 1604 780 1667 moraliter
803 1611 922 1666 comum
944 1602 1108 1686 sufficere,
1140 1607 1178 1668 ut
1202 1625 1244 1669 ex
1267 1624 1306 1669 eo
1330 1603 1468 1670 honeste
1490 1605 1695 1688 prudenter·

438 1730 501 1793 que
525 1728 673 1791 agamus.

438 1848 502 1922 tlt.
592 1845 777 1920 Corollaria.
814 1849 840 1915 Ι.
871 1848 932 1926 Qui
962 1849 995 1914 in
1027 1849 1124 1916 dubio
1152 1853 1294 1937 practico
1324 1849 1402 1932 (etsi
1430 1871 1502 1916 cum
1527 1851 1697 1934 probabili

437 1955 556 2022 iudicio
586 1953 627 2020 dc
655 1954 816 2021 alterutra
838 1953 947 2038 parte)
972 1960 1135 2034 versatur,
1167 1956 1275 2035 debet,
1306 1955 1334 2020 si
1357 1978 1421 2040 quo
1444 1957 1541 2022 modo
1567 1962 1695 2040 potest.

436 2062 518 2128 illud
541 2062 602 2127 sibi
617 2062 800 2138 resolvere;
824 2061 853 2126 si
868 2060 902 2126 id
917 2063 1008 2128 nullo
1024 2063 1120 2128 modo
1137 2066 1257 2147 potest,
1282 2063 1323 2128 ab
1340 2063 1573 2146 amplectenda
1590 2064 1696 2131 alter

437 2175 514 2237 utra
536 2174 632 2254 parte
652 2169 819 2236 abstinere
833 2172 977 2248 tenetur,
1002 2175 1060 2236 aut
1076 2171 1251 2250 actionem,
1276 2171 1302 2235 si
1319 2192 1373 2236 res
1389 2171 1525 2255 patitur,
1551 2191 1698 2256 suspen·

438 2277 526 2355 dere,
557 2280 616 2342 aut
638 2275 760 2358 eligere
784 2279 912 2359 padam
935 2279 1092 2359 tutiorem,
1122 2276 1143 2343 i.
1169 2298 1196 2343 e.
1223 2297 1305 2355 eam,
1337 2299 1402 2360 qua
1425 2275 1638 2359 obligationi,
1672 2278 1698 2343 si

438 2383 526 2448 forte
549 2382 700 2460 exsistat,
725 2383 877 2448 satisfiat.
911 2383 961 2448 De
985 2382 1082 2447 dubio
1106 2404 1222 2466 nempe
1244 2389 1385 2470 practico
1408 2383 1440 2448 in
1464 2384 1578 2467 specie
1605 2387 1699 2451 valet

438 2490 587 2555 axioma:
617 2489 670 2565 ,In
695 2489 800 2554 dubiis
823 2487 928 2554 tutior
950 2509 1028 2571 pars
1052 2493 1104 2556 est
1127 2490 1311 2572 eligenda“.

527 2603 569 2670 Π.
595 2605 712 2670 Modra
736 2606 877 2670 solvendi
899 2605 1032 2670 dubium
1051 2609 1229 2690 practicam
1254 2607 1392 2672 directos
1414 2611 1448 2672 et
1462 2607 1622 2690 proxime
1639 2609 1699 2674 ad·

439 2710 599 2776 bibendus
622 2711 656 2775 in
680 2732 718 2776 eo
743 2711 826 2776 situs
849 2715 910 2789 est,
935 2717 973 2778 ut
995 2713 1144 2778 studiosa
1166 2713 1425 2795 investigatione
1448 2733 1612 2779 conemur
1631 2715 1699 2780 dis·

440 2817 570 2883 solvere
603 2817 734 2882 dubium
767 2821 929 2883 remotum
961 2838 1020 2883 seu
1050 2817 1299 2902 speculativum,
1331 2819 1416 2884 unde
1439 2818 1519 2884 illud
1545 2827 1699 2888 emanat.

440 2943 557 3007 nempe
588 2923 631 2989 ad
662 2944 802 2989 examen
825 2925 1010 2990 revocando
1034 2930 1207 3007 utramque
1230 2925 1284 2990 vel
1307 2925 1502 2992 alterutram
1526 2945 1571 2990 ex
1597 2949 1699 3010 prae·

442 3027 551 3093 missis
575 3028 768 3112 syllogismi,
793 3030 878 3094 unde
902 3029 1067 3096 conclusio
1091 3030 1238 3114 practica
1259 3029 1409 3096 redditur
1430 3031 1539 3108 dubia,
1565 3033 1699 3098 scilicet

443 3134 651 3213 ,maiorem“,
683 3135 710 3201 si
734 3136 866 3201 dubium
890 3137 971 3202 iuris
995 3135 1122 3220 (legis),
1156 3137 1365 3216 ,minorem“,
1396 3138 1424 3202 si
1445 3137 1579 3203 dubium
1614 3139 1698 3206 facti

440 3241 550 3308 fuerit.

439 3377 504 3451 313.
593 3380 767 3454 Sohdlium.
797 3390 880 3461 Quae
901 3392 937 3452 de
959 3391 1143 3452 conscientia
1164 3393 1252 3452 dubia
1273 3391 1437 3468 generatim
1459 3392 1572 3464 valent,
1596 3393 1700 3453 dubiis

440 3487 530 3545 etiam
550 3487 707 3564 practicis,
730 3489 835 3565 quibus
857 3489 1041 3548 conscientia
1062 3491 1239 3566 scrupulosa
1259 3489 1290 3548 in
1311 3489 1400 3548 rebus
1421 3487 1551 3548 maxime
1572 3489 1699 3566 liquidis

440 3583 552 3644 irretiri
572 3585 658 3655 solet,
678 3586 799 3646 nonnisi
820 3585 947 3646 discrete
969 3587 1113 3664 applicari
1134 3591 1261 3665 possunt
1273 3591 1288 3647 ¹.
1329 3585 1482 3646 Eiusmodi
1504 3586 1612 3658 dubia,
1636 3607 1699 3646 non

440 3685 501 3738 tam
533 3682 698 3741 rationibus
733 3702 819 3759 quam
851 3683 920 3743 lusu
951 3683 1173 3760 imaginationis
1201 3684 1341 3754 fundata,
1373 3684 1546 3760 plerumque
1573 3684 1699 3744 interno

440 3777 600 3838 iudicantis
620 3779 747 3840 rationis
768 3781 920 3857 suffragio,
941 3801 1002 3842 non
1023 3784 1161 3842 obstante
1182 3782 1291 3841 mentis
1309 3780 1518 3858 trepidatione,
1540 3785 1698 3858 tamquam

440 3875 639 3952 imprudentia
659 3877 734 3936 satis
763 3883 1000 3954 cognoscentem
1029 3898 1085 3955 quo
1114 3897 1184 3938 casu
1209 3877 1350 3936 moralem
1371 3877 1579 3936 certitudinem
1601 3879 1698 3938 dicta·

441 3972 529 4032 minis
551 3972 752 4032 conscientiae
773 3994 833 4034 non
853 3975 1027 4035 necessario
1049 3975 1219 4047 excludunt,
1242 3979 1345 4052 utpote
1366 3975 1443 4050 quod
1465 3975 1496 4034 in
1517 3973 1629 4036 indicio
1650 3995 1697 4036 ra-

440 4069 546 4142 tionis,
574 4089 634 4129 111
661 4070 692 4129 in
721 4071 861 4147 figmento
882 4071 1105 4147 imaginationis
1126 4071 1272 4132 consistit.
1314 4071 1452 4130 Praetice
1480 4076 1580 4130 autem
1602 4075 1696 4139 omni,

441 4168 490 4244 qui
510 4167 568 4227 hoa
588 4169 690 4228 morbo
711 4169 837 4239 laborat,
859 4169 1072 4228 consulendum
1094 4174 1149 4242 est,
1171 4174 1204 4230 ut
1224 4189 1278 4247 per
1292 4169 1456 4246 simplicem
1472 4169 1696 4228 oboedientiam

441 4267 479 4325 ab
507 4265 629 4325 alterius
650 4265 708 4325 viri
734 4266 889 4342 prudentis
910 4267 1025 4326 ratione
1054 4266 1119 4325 duci
1149 4285 1181 4326 se
1212 4266 1292 4326 sinat
1319 4269 1350 4324 st
1377 4265 1408 4325 in
1430 4265 1527 4325 aliano
1548 4266 1696 4341 regimine

440 4363 621 4440 praesidium
642 4363 786 4422 adversus
806 4362 944 4440 propriae
964 4361 1189 4440 imaginationis
1210 4363 1338 4422 ludibria
1359 4367 1491 4438 quaerat

523 4469 636 4528 Similia
664 4469 700 4528 de
729 4469 913 4529 conscientia
940 4471 1083 4548 perplexa
1109 4469 1233 4529 dicenda
1263 4475 1340 4530 sunt.
1383 4469 1494 4540 Quodsi
1522 4468 1588 4544 quis
1618 4469 1693 4529 eius·

441 4565 519 4624 modi
542 4565 711 4625 difficultati
731 4566 879 4626 obnoxius
893 4567 1126 4626 irrationabilem
1141 4586 1226 4626 suum
1240 4585 1369 4626 errorem
1384 4566 1467 4640 (talis
1483 4567 1561 4625 enim
1576 4585 1694 4644 semper

443 4667 490 4721 111
510 4663 610 4740 opinio
637 4664 754 4740 peccati
782 4683 800 4722 a
826 4683 860 4723 11
888 4665 1059 4724 necessario
1088 4664 1300 4738 committendi)
1332 4664 1479 4740 deponere
1507 4670 1638 4739 nequeat
1664 4671 1692 4722 ct

442 4760 550 4835 agendi
569 4761 735 4820 necessitas
756 4767 877 4838 urgeat,
900 4763 976 4838 quod
997 4763 1094 4822 minus
1114 4761 1222 4820 malum
1245 4761 1303 4820 sibi
1322 4761 1456 4833 videtur,
1479 4761 1690 4837 amplectatnr3

444 4920 500 4926 -..—
510 4921 755 4929 η...-

535 5015 541 5046 ¹
563 5013 606 5067 ct.
626 5015 737 5081 stiores,
757 5015 797 5067 lle
816 5013 876 5067 bon.
896 5016 925 5066 11
942 5013 1006 5067 mal.
1027 5013 1095 5082 disp.
1118 5013 1158 5079 12,
1178 5017 1245 5067 1111.
1265 5013 1290 5077 2,
1310 5013 1326 5081 5
1346 5013 1377 5076 8;
1397 5017 1465 5067 sect.
1485 5015 1510 5067 i.
