3909 5842
419 679 484 742 234
634 674 724 730 Sestio
742 676 762 730 Ι.
799 674 881 731 Liber
899 676 947 732 Ill.
986 677 1075 747 Caput
1094 677 1127 731 ll.
1166 675 1307 732 Articulus
1326 679 1351 731 4.
1390 677 1450 744 52.

418 873 482 935 quo
505 851 683 936 perfectior
705 852 781 919 boni
805 874 825 919 a
848 875 884 920 se
907 854 1087 938 contempti
1111 855 1255 939 cognitio
1279 859 1314 921 et
1337 877 1401 938 quo
1421 855 1525 922 maior
1541 855 1672 921 subiec-

418 959 490 1024 tiva
519 958 589 1024 eius
619 959 652 1024 in
682 980 721 1024 eo
751 960 935 1044 spernendo
965 961 1062 1045 culpa
1092 960 1270 1028 exstiterit.
1317 963 1418 1048 Atqui
1441 963 1530 1027 Deus
1560 961 1594 1026 in
1620 981 1670 1038 eo,

419 1067 506 1148 quod
535 1087 594 1150 per
623 1066 755 1131 modum
778 1071 918 1133 naturae
940 1067 1106 1134 stabiliter
1129 1067 1255 1132 eunctis
1278 1067 1462 1132 hominibus
1486 1067 1671 1142 denuntiat,

419 1193 525 1255 neque
551 1174 665 1238 ludere
693 1194 800 1256 neque
829 1178 959 1240 mutata
990 1173 1178 1240 condicione
1204 1173 1267 1239 sibi
1297 1174 1523 1241 contradicere
1547 1179 1670 1258 potest.

419 1279 507 1367 Erpa
537 1280 675 1345 eandem
704 1281 902 1346 naturaliter
930 1280 1117 1347 intimatam
1148 1281 1231 1365 legis
1258 1281 1460 1346 sanctionem
1484 1281 1517 1344 in
1540 1281 1671 1347 ratione

418 1386 566 1454 iustitiae
588 1387 689 1452 etiam
712 1386 860 1470 poenalis
882 1387 1076 1470 perfectam,
1102 1407 1175 1452 cum
1198 1387 1232 1452 in
1255 1387 1317 1452 hae
1341 1386 1411 1454 vita
1434 1388 1586 1454 effectum
1610 1387 1670 1453 ba-

419 1495 498 1560 bere
517 1499 670 1577 nequeat,
693 1515 754 1578 pro
770 1493 840 1560 vita
855 1493 969 1560 futura
983 1496 1110 1560 firmam
1126 1498 1299 1577 ratamque
1316 1515 1388 1560 esse
1412 1495 1583 1559 dicendum
1607 1497 1669 1560 eet.

420 1632 490 1707 264.
579 1637 713 1719 Argum.
738 1637 784 1702 ΙΙ.
831 1636 865 1700 Ε
885 1639 1043 1702 communi
1065 1638 1229 1702 bominem
1250 1640 1459 1721 persuasione
1488 1637 1523 1701 in
1555 1639 1669 1701 intinm

420 1744 628 1808 eonscientiae
656 1762 726 1807 eece
753 1742 907 1824 fundate.
954 1741 1162 1810 Universalis
1192 1741 1357 1807 hominum
1390 1742 1570 1827 persuasio,
1604 1762 1670 1824 qua

422 1847 455 1912 in
484 1848 692 1930 agnoscenda
721 1849 796 1931 lege
826 1848 969 1914 naturali
996 1848 1153 1914 divinitus
1176 1847 1328 1913 cordibus
1350 1847 1510 1932 inscripta
1532 1868 1670 1913 consen-

421 1955 509 2020 tiunt
539 1954 682 2038 (viden.
708 1957 772 2022 249
801 1956 889 2038 251),
923 1976 988 2020 non
1019 1955 1125 2020 minus
1155 1955 1374 2020 universalem
1405 1975 1599 2020 consensum
1629 1953 1670 2018 de

422 2059 566 2125 eiusdem
589 2062 758 2129 sanctione
782 2061 938 2127 divinitus
961 2061 1130 2146 proposita
1153 2059 1361 2126 coniunctum
1384 2059 1493 2128 habet.
1527 2058 1670 2124 Invinci-

421 2166 532 2232 biliter
544 2167 629 2232 enim
641 2166 674 2232 id
686 2167 791 2251 ipsum
804 2167 942 2250 singulis
954 2170 1099 2232 testatur
1111 2165 1321 2246 conscientia,
1340 2187 1405 2249 qua
1417 2165 1594 2248 adiguntur
1606 2186 1670 2230 non

421 2275 526 2340 solum
543 2274 637 2356 quasi
651 2275 685 2338 in
701 2294 738 2338 se
754 2274 867 2340 audire
883 2293 998 2338 vocem
1015 2273 1077 2337 Dei
1092 2278 1129 2339 ut
1144 2271 1356 2354 legislatoris,
1381 2273 1439 2337 sed
1454 2271 1552 2337 simul
1568 2275 1605 2336 ut
1621 2291 1671 2336 re-

421 2381 640 2446 muneratoris
656 2381 813 2445 bonorum
831 2384 865 2446 et
877 2379 1016 2444 vindicis
1031 2379 1190 2444 malorum
1203 2379 1310 2445 sancti
1327 2383 1361 2444 et
1372 2378 1449 2444 iusti
1461 2377 1606 2443 revereri
1619 2381 1671 2442 at-

422 2509 486 2572 que
497 2488 624 2555 timere.
656 2487 701 2553 llt
713 2506 909 2568 quamquam
922 2486 964 2552 de
974 2485 1045 2570 ipso
1059 2487 1149 2550 mode
1161 2485 1256 2550 huius
1269 2484 1541 2550 remunerationis
1554 2487 1589 2550 et
1600 2484 1671 2548 vin-

423 2595 531 2662 dictae
547 2593 633 2678 apud
650 2594 759 2658 varios
782 2592 923 2675 gentiles
938 2592 1077 2676 populos
1092 2612 1200 2674 vagae
1219 2591 1393 2656 admodum
1409 2595 1467 2656 aut
1483 2591 1584 2656 etiarn
1601 2591 1671 2655 Deo

423 2700 529 2766 minus
545 2699 664 2782 dignae
694 2699 861 2782 opiniones
884 2699 1059 2780 aliquando
1084 2697 1250 2779 vigebant,
1279 2697 1365 2762 huno
1391 2701 1503 2762 tamen
1527 2697 1669 2762 omniurn

422 2814 606 2890 temporum
630 2805 837 2888 omniumque
861 2805 1008 2888 gentium
1033 2825 1234 2870 communem
1252 2803 1354 2868 fuisse
1375 2824 1506 2868 sensum
1523 2807 1672 2870 constat:

424 2934 488 2978 non
511 2913 616 2977 solum
640 2912 787 2978 homines
809 2913 841 2977 in
866 2913 928 2978 bac
950 2912 1022 2978 vita
1044 2911 1176 2978 mortali
1200 2911 1357 2992 degentes
1381 2911 1572 2992 frequenter
1594 2909 1672 2976 iusti

424 3018 564 3084 numinis
587 3019 640 3083 vel
664 3019 903 3103 beneplacitum
927 3019 981 3083 vel
1004 3039 1154 3084 severam
1179 3015 1495 3083 animadversionem
1519 3015 1672 3098 experiri,

423 3125 482 3191 sed
505 3126 605 3191 etiam
629 3125 756 3190 animos
779 3125 907 3209 corpori
930 3124 1127 3208 superstites
1150 3123 1293 3189 eiusdem
1317 3121 1437 3187 iudicio
1460 3121 1622 3187 reservari
1639 3127 1674 3188 et

422 3232 496 3298 ideo
519 3232 617 3315 longe
640 3230 804 3296 diversam
828 3231 972 3295 futuram
997 3229 1068 3294 fore
1098 3233 1219 3294 sortem
1248 3227 1468 3312 improborum
1496 3230 1596 3309 atque
1622 3225 1672 3291 in-

423 3337 619 3404 nocentium.
658 3335 695 3401 ld
712 3335 797 3400 enim
814 3335 936 3419 passim
954 3337 1073 3400 cuncta
1089 3333 1159 3399 fere
1174 3333 1401 3416 religiosorum
1418 3332 1540 3399 rituum
1557 3353 1672 3398 monu-

423 3447 535 3509 menta
565 3445 841 3518 commonstrant;
872 3462 977 3522 neque
1007 3439 1252 3506 universalitati
1282 3443 1317 3505 et
1346 3437 1553 3504 constantiae
1576 3438 1671 3504 huius

423 3549 643 3634 persuasionis
659 3570 697 3614 eo
714 3549 887 3631 quicquam
906 3546 1100 3625 detrahitur,
1118 3546 1204 3629 quod
1220 3545 1309 3611 nullo
1324 3567 1389 3610 non
1405 3549 1555 3628 tempore
1571 3543 1670 3627 aliqui

423 3657 623 3733 exstiterint,
655 3656 719 3737 qui,
752 3656 803 3720 vel
831 3653 1038 3738 scepticismo
1062 3653 1115 3718 vel
1139 3652 1374 3718 materialismo
1398 3651 1570 3737 depravati
1594 3657 1630 3717 et
1653 3673 1673 3717 a

425 3767 544 3828 natura
574 3761 729 3829 rationali
762 3762 952 3845 degeneres,
985 3759 1076 3825 illam
1109 3757 1170 3824 sibi
1204 3779 1406 3824 communem
1437 3779 1510 3822 esse
1533 3761 1672 3823 naturae

423 3890 537 3935 vocem
561 3868 813 3937 dissimularent.

423 4011 493 4083 265.
585 4008 771 4082 Corollaria.
807 4010 833 4077 Ι.
858 4011 983 4076 Eadem
1007 4009 1168 4076 naturalis
1185 4007 1365 4084 beatitudo,
1390 4026 1474 4088 quae
1492 4005 1672 4071 secundum

423 4139 516 4185 suam
541 4117 792 4183 correlationem
815 4138 887 4182 cum
911 4116 1055 4182 humana
1077 4120 1198 4182 natura
1221 4114 1291 4180 eius
1313 4115 1460 4180 abimum
1482 4112 1577 4196 finem
1594 4133 1671 4177 oon-

423 4223 541 4301 stituit,
558 4223 654 4288 simul
670 4223 847 4288 secundum
864 4221 1092 4287 disiunctivam
1115 4219 1347 4298 condicionem,
1372 4239 1437 4301 qua
1453 4238 1494 4284 ea
1509 4219 1671 4283 humanae

422 4329 569 4397 libertati
591 4333 637 4395 oet
659 4329 743 4411 legis
767 4327 996 4394 observatione
1012 4327 1217 4409 assequenda
1234 4329 1278 4392 rel
1293 4325 1363 4391 eiua
1379 4325 1557 4391 violatione
1573 4323 1671 4389 amit·

423 4438 524 4504 tenda
539 4435 742 4520 proponitur,
760 4437 950 4500 essentialem
970 4441 997 4498 et
1013 4435 1194 4517 completam
1211 4435 1288 4518 lepis
1301 4433 1465 4498 naturalis
1477 4433 1669 4496 sanctionem

424 4545 579 4610 exhibet

515 4745 524 4775 ¹
546 4741 730 4810 ,Ubicumque
749 4742 792 4794 eat
810 4737 909 4806 aliquia
927 4736 1036 4790 debitus
1055 4737 1120 4790 ordo
1139 4735 1172 4790 ad
1191 4737 1289 4802 finam,
1308 4739 1430 4806 oportet,
1449 4733 1521 4804 quod
1540 4733 1606 4789 ordo
1625 4733 1670 4789 illa

424 4832 457 4885 ad
476 4831 557 4884 finem
577 4830 666 4894 ducat,
685 4844 811 4883 recessim
830 4831 921 4880 autem
941 4826 975 4879 ab
994 4825 1186 4879 ordinatinem
1205 4824 1342 4879 excludat.
1368 4823 1408 4877 Ea
1425 4823 1503 4888 enirn,
1523 4827 1672 4892 quaesunt

423 4937 459 4974 ex
477 4919 537 4984 fine,
556 4917 749 4972 necessitatem
767 4914 919 4969 sortiuntur
937 4932 971 4968 ex
991 4915 1052 4979 fine,
1072 4918 1102 4967 ut
1120 4913 1227 4968 scilicet
1246 4931 1278 4967 sa
1297 4929 1409 4966 necasse
1428 4911 1465 4966 sit
1483 4927 1553 4976 essa,
1572 4911 1597 4966 si
1610 4911 1672 4967 finis

423 5007 520 5062 debeat
538 5005 624 5075 sequi,
644 5009 680 5068 et,
699 5004 739 5059 eia
751 5004 855 5073 absque
873 5002 1066 5074 impedimento
1080 5003 1284 5068 exsistentibus,
1304 5001 1366 5056 finis
1381 5003 1571 5070 consequatur.
1597 4999 1673 5056 Deus
