3909 5842
410 712 475 777 468
620 705 709 761 Sentio
728 707 761 761 11.
799 706 878 761 Liber
897 706 930 761 ll.
968 706 1058 777 Caput
1075 706 1123 761 llI.
1159 707 1301 762 Atticulae
1323 709 1345 761 1.
1382 707 1443 775 12.

410 886 533 969 guitur,
558 883 819 951 confundendam
843 904 908 949 non
932 905 1006 951 esse
1029 905 1101 951 cum
1127 886 1247 951 adnati
1266 887 1400 971 physico
1420 888 1576 970 pernitie,
1606 906 1673 951 ex·

410 998 505 1060 terna
534 991 615 1058 iuris
644 992 773 1070 comite,
805 1012 870 1075 qua
899 992 997 1059 huius
1027 994 1164 1059 effectus
1190 992 1292 1058 realis
1314 992 1496 1071 coactione,
1527 992 1557 1059 si
1581 1014 1673 1077 opus

411 1098 465 1173 sit,
497 1122 606 1165 renero
631 1098 821 1181 extorqueri
838 1098 951 1183 possit.
985 1099 1048 1164 Illa
1070 1098 1156 1165 enim
1177 1106 1381 1185 percomta
1403 1102 1537 1165 nanctis
1561 1108 1609 1165 eet
1634 1108 1671 1165 et

410 1205 444 1271 in
467 1204 634 1289 postulato
657 1203 795 1269 rationis
819 1203 968 1281 fundata,
991 1204 1130 1287 ideoque
1153 1202 1240 1270 sicut
1261 1204 1313 1270 ius
1334 1204 1441 1289 ipsum
1463 1203 1499 1269 in
1513 1207 1587 1270 toto
1603 1226 1671 1269 sno

410 1310 563 1378 rationali
587 1310 701 1392 vigore
731 1308 891 1390 subsistit,
924 1310 1054 1376 etiamsi
1085 1310 1174 1377 forte
1203 1332 1263 1395 per
1292 1315 1433 1379 externa
1462 1331 1572 1377 rerum
1604 1310 1669 1375 ad-

410 1419 523 1483 iuncta
544 1415 711 1482 sufficiens
735 1416 871 1500 physica
895 1416 1045 1501 potentia
1065 1416 1246 1483 coactionis
1262 1416 1443 1483 efficaciter
1457 1416 1670 1483 exercendae

412 1524 551 1591 deficiat.
584 1522 675 1599 Quod
699 1522 828 1605 quidem
852 1544 891 1588 eo
915 1523 1021 1606 magis
1044 1522 1097 1589 bic
1113 1524 1392 1607 praemonendum
1408 1523 1551 1601 videtur,
1576 1524 1668 1606 quod

410 1630 444 1695 in
467 1628 523 1695 illa
546 1630 618 1713 ipsa
641 1632 857 1715 conceptuum
880 1630 1073 1696 contusione
1096 1630 1277 1696 communis
1300 1630 1370 1696 fere
1396 1630 1667 1696 adversariorum

411 1756 502 1802 error
526 1740 561 1802 et
583 1734 760 1819 praecipua
783 1734 1028 1801 contradicendi
1050 1734 1137 1803 ratio
1160 1740 1314 1802 versatur
1325 1736 1347 1801 ¹.

500 1840 622 1917 Quibus
645 1842 836 1926 praemissis
858 1842 905 1908 ita
929 1841 1120 1909 ratiocinari
1143 1842 1237 1909 licet:

501 1950 638 2015 Moralis
661 1948 805 2033 efficacia
831 1952 923 2032 iuris,
955 1970 1021 2032 qua
1050 1948 1139 2015 inter
1161 1948 1309 2015 homines
1331 1969 1432 2014 verae
1455 1948 1668 2032 respectivae

412 2054 629 2137 obligationes
663 2056 816 2121 coactioni
849 2054 1004 2120 obnoxiae
1037 2054 1279 2137 producantur,
1313 2074 1373 2139 per
1406 2075 1443 2119 se
1474 2054 1667 2121 macario

412 2160 589 2227 comitatur
611 2183 732 2227 emnem
755 2162 991 2248 legislationem,
1016 2182 1101 2243 quae
1124 2163 1269 2227 ordinem
1292 2164 1420 2227 11111111
1443 2164 1591 2227 institiae
1604 2182 1667 2245 pro

412 2266 539 2333 obiecto
562 2266 663 2333 babet
686 2270 719 2332 et
742 2265 873 2332 aliunde
898 2266 1009 2333 debita
1036 2266 1290 2350 ,praecisione“,
1314 2267 1334 2333 i.
1352 2288 1381 2332 e.
1398 2268 1667 2351 promulgatione

412 2394 451 2440 ac
475 2373 747 2439 determinatione
770 2392 834 2439 non
859 2376 960 2439 caret.
992 2375 1092 2459 Atqui
1115 2394 1157 2439 ex
1179 2374 1276 2439 modo
1294 2374 1573 2458 praemonstratis
1586 2373 1666 2441 talis
1777 2375 1778 2432 l

413 2484 526 2546 exstat
548 2480 709 2545 naturalis
732 2478 906 2562 legislatio.
939 2479 1027 2563 Ergo
1049 2478 1153 2544 eidem
1177 2478 1304 2562 pariter
1321 2498 1402 2544 vera
1418 2478 1571 2545 efficacia
1586 2479 1665 2543 iuri·
1777 2461 1778 2488 ¹

412 2586 485 2653 dica
509 2586 706 2653 naturaliter
729 2584 901 2651 inhaereat
924 2605 1059 2651 neeesse
1083 2590 1144 2652 est.

412 2724 483 2797 560.
573 2722 798 2796 1101111111
821 2748 860 2791 en
883 2730 1064 2792 necessitate
1086 2726 1303 2811 philosophico
1326 2726 1522 2791 odorittendi
1537 2728 1593 2791 ina
1607 2748 1664 2792 nc·

412 2834 516 2897 tnrule
539 2830 682 2896 calidum
703 2850 763 2914 per
785 2853 817 2896 se
841 2839 870 2896 et
893 2834 1111 2898 antecedenter
1135 2834 1181 2897 cd
1202 2834 1254 2898 ina
1276 2836 1454 2917 positivum.

499 2936 592 3003 Haec
616 2935 796 3001 necessitas
820 2956 862 3001 ex
885 2936 1032 3021 pluribus
1054 2936 1259 3020 gravissimis
1282 2937 1464 3005 rationibus
1487 2942 1659 3020 tamqnam

411 3042 549 3109 totidem
573 3042 776 3123 argumentis
800 3042 978 3109 evincitur:

499 3150 634 3235 Argum.
659 3152 688 3215 1.
723 3150 806 3231 Qnio
830 3153 882 3215 111
906 3152 1056 3216 naturale
1068 3174 1128 3236 per
1142 3172 1176 3217 ae
1189 3152 1333 3216 calidum
1351 3159 1395 3216 est
1407 3150 1659 3234 fundamentum

413 3264 439 3321 et
462 3256 605 3323 condicio
628 3259 698 3321 aine
721 3278 785 3341 qna
806 3278 870 3323 non
893 3278 952 3343 pro
976 3259 1063 3323 omni
1085 3260 1156 3323 iure
1176 3260 1319 3343 positivo.

501 3361 574 3427 Nisi
607 3360 804 3428 admittatur
834 3362 1068 3428 antecedenter
1096 3362 1139 3427 ad
1168 3362 1219 3428 ius
1249 3362 1425 3446 positivum
1454 3361 1590 3444 aliquod
1614 3362 1660 3427 ins
1776 3369 1777 3432 ἢ

412 3474 551 3536 naturae
574 3488 634 3552 per
657 3488 693 3533 se
717 3467 872 3547 validum,
897 3467 947 3533 ius
962 3468 1069 3552 ipsum
1085 3468 1261 3551 positivum
1278 3490 1337 3534 sno
1352 3468 1542 3534 necessario
1557 3468 1659 3552 pbilo-

412 3575 545 3660 sophioo
569 3573 782 3639 fundamento
807 3572 1014 3644 destituitur:
1039 3574 1124 3657 quod
1140 3574 1315 3657 (obiectiva
1331 3572 1509 3657 loquendo)
1524 3572 1659 3657 supponi
1776 3593 1777 3620 1

412 3700 477 3746 non
510 3682 621 3764 potest
656 3678 718 3743 nisi
750 3698 809 3763 per
842 3680 1021 3745 absordum
1055 3684 1090 3745 st
1120 3679 1378 3764 philosophicum
1410 3683 1446 3745 et
1479 3678 1656 3745 inridicnm.

413 3784 689 3864 Quemadmodum
724 3784 808 3849 enim
843 3785 925 3850 fides
957 3784 1070 3850 lumini
1102 3786 1256 3864 naturali,
1289 3785 1368 3851 ordo
1400 3784 1657 3868 supernaturalis

413 3892 555 3959 naturali
580 3890 685 3973 logice
710 3890 958 3975 superstruitur,
989 3890 1086 3956 simili
1117 3892 1258 3974 quadam
1281 3892 1410 3957 ratione
1434 3894 1469 3957 ct
1492 3891 1657 3957 insomne

413 4026 480 4033 ---—
505 4024 669 4031 —-..—

504 4086 513 4118 ¹
531 4084 573 4139 Gt.
594 4084 619 4138 J.
638 4082 682 4137 Fr.
701 4100 728 4137 v.
748 4080 859 4137 Schulte
878 4082 924 4136 cit.
943 4098 969 4152 p.
988 4082 1042 4136 464
1060 4085 1116 4135 not.
1137 4082 1161 4137 1.
1193 4081 1284 4149 Magis
1302 4080 1391 4135 adbuc
1408 4082 1653 4135 characteristicum

413 4176 468 4239 est,
489 4172 560 4243 quod
578 4171 675 4225 scribit
693 4172 725 4225 li.
745 4188 767 4224 c.
787 4170 915 4239 1111119,
945 4168 1015 4237 ,Der
1033 4169 1129 4224 Zweck
1148 4170 1184 4223 im
1204 4168 1306 4223 Recbt'
1328 4168 1353 4223 1:
1380 4168 1451 4235 ,Das
1469 4168 1653 4237 erangarecbt

412 4263 497 4317 bildet
523 4263 572 4315 das
597 4262 715 4314 absolute
740 4262 867 4328 Monepcl
893 4260 940 4313 des
966 4258 1085 4313 Staatcs.
1100 4300 1106 4313 .
1121 4300 1148 4312 .,
1191 4258 1248 4313 1111
1276 4260 1363 4312 beisst
1390 4259 1456 4313 aber
1483 4260 1535 4313 mit
1559 4259 1650 4313 andern

413 4352 541 4405 Wmten:
569 4350 616 4404 der
634 4348 712 4403 Stant
738 4348 775 4402 ist
794 4348 836 4401 die
862 4348 967 4416 einzige
987 4346 1082 4412 Quclle
1101 4347 1149 4401 des
1168 4346 1284 4410 Recbta;
1311 4347 1382 4401 denn
1399 4344 1534 4409 Norrnan,
1559 4345 1651 4401 welche

413 4458 466 4495 von
486 4438 665 4508 demjenigsn,
685 4438 732 4491 der
751 4438 791 4491 sie
810 4436 942 4499 aulstellt,
962 4436 1039 4490 niobt
1058 4452 1219 4503 emwnngen
1238 4436 1347 4488 werden
1366 4434 1482 4499 konnen,
1501 4434 1561 4489 aind
1579 4434 1650 4488 kalne

413 4528 594 4583 Recbteadtze⁸
618 4526 655 4595 (p.
675 4526 749 4591 318).
781 4522 851 4591 ,Der
870 4542 932 4577 vom
952 4523 1046 4578 Staate
1065 4524 1093 4577 in
1114 4522 1229 4592 Vollang
1248 4526 1369 4591 gesetntc
1388 4522 1490 4590 Zwang
1507 4522 1591 4577 bildat
1606 4522 1649 4575 das

414 4616 537 4673 absolute
565 4614 713 4669 Kriterium
742 4613 790 4667 des
817 4612 933 4677 Rechts,
966 4612 1010 4667 ain
1037 4612 1201 4667 Rechtssatn
1228 4612 1298 4666 obne
1325 4610 1527 4680 Rccbtaavang
1552 4613 1588 4665 ist
1611 4610 1648 4663 ain

414 4704 610 4773 Widersprncb
630 4704 657 4756 in
676 4700 734 4757 sicb
754 4702 847 4767 solbet,
867 4702 910 4756 cin
930 4701 1031 4767 Fauor,
1050 4701 1099 4755 das
1117 4701 1194 4755 nicbt
1211 4700 1323 4765 brennt,
1342 4702 1386 4755 ein
1404 4700 1498 4765 Licbt,
1517 4700 1567 4755 das
1583 4696 1648 4753 niebt

414 4792 548 4847 lsucbtet'
573 4792 610 4862 (p.
630 4792 704 4859 322).
743 4790 876 4856 Quorsum
897 4790 1013 4859 denique
1031 4790 1100 4844 baec
1118 4789 1208 4843 omnia
1226 4790 1355 4853 tendant,
1374 4790 1449 4843 disce
1467 4806 1502 4843 ax
1520 4788 1577 4843 bia:
1602 4784 1648 4853 ,lis

415 4882 450 4935 111
473 4880 620 4933 zweifellos
646 4880 688 4933 eiu
715 4896 824 4946 grosser
843 4878 1008 4932 Fortschritt
1033 4878 1081 4931 der
1105 4876 1252 4931 moderncn
1271 4876 1543 4947 Recbtapbiloaopbie
1560 4890 1649 4945 gagen·

413 4970 481 5025 llber
499 4969 559 5022 dem
578 4967 707 5021 frbberen
725 4966 904 5031 Naturrecbt,
933 4967 997 5021 dass
1015 4968 1056 5021 sie
1075 4966 1119 5020 die
1138 4966 1304 5035 Bedinptlreit
1322 4968 1368 5019 dea
1385 4966 1481 5018 Rechts
1498 4966 1581 5019 duret
1603 4964 1646 5015 deu

416 5060 494 5112 Stant
513 5055 630 5109 erkanut
647 5054 701 5107 und
722 5054 865 5123 energisob
884 5054 1061 5109 1111111111Ιι
1086 5055 1123 5124 (p.
1143 5054 1218 5121 237).
