3909 5842
471 678 511 732 De
529 679 659 748 figmento
678 679 817 748 originarii
839 683 942 748 ,status
960 681 1090 734 naturael
1112 697 1166 734 non
1184 680 1303 734 socialis.
1446 683 1511 747 337

259 860 358 924 statu
381 859 520 924 naturae
544 858 658 936 oritur,
683 859 732 926 ait
759 859 898 936 ,bellum
923 857 1066 924 omnium
1090 858 1124 923 in
1146 861 1297 925 omnes“;
1322 858 1415 923 cuius
1430 857 1515 923 hanc

261 963 430 1030 rationem
452 964 578 1032 reddit:
608 966 757 1044 ,Natura
780 965 870 1032 dedit
893 964 1068 1048 unicuique
1089 965 1141 1030 ius
1163 963 1197 1030 in
1220 964 1343 1031 omnia:
1367 964 1429 1029 hoc
1452 967 1514 1040 est,

262 1069 298 1134 in
331 1074 422 1137 statu
452 1091 543 1138 mere
572 1073 714 1138 naturali
746 1071 817 1137 sive
844 1076 1022 1154 antequam
1045 1070 1193 1137 homines
1215 1070 1291 1136 ullis
1313 1069 1420 1154 pactis
1442 1091 1516 1136 sese

260 1175 407 1242 invicem
430 1177 694 1257 obstrinxissent,
719 1178 892 1262 unicuique
915 1179 1037 1245 licebat
1059 1178 1170 1244 fecere
1193 1198 1416 1262 quaecumque
1432 1176 1515 1244 etin

263 1302 499 1366 quoscumque,
523 1284 646 1352 licebat
669 1289 704 1350 et
725 1284 903 1370 possidere,
928 1285 987 1361 uti,
1011 1283 1077 1350 frui
1101 1284 1258 1360 omnibus,
1283 1304 1368 1366 quae
1383 1282 1518 1348 volebat

260 1391 300 1453 et
324 1392 467 1473 poterat.
486 1439 518 1456 ..
543 1390 619 1456 Frui
642 1393 755 1457 tumen
779 1390 832 1474 (eo
855 1391 939 1472 inre)
963 1412 1028 1456 non
1051 1393 1183 1474 poterat
1205 1394 1340 1474 propter
1362 1389 1515 1465 vicinum,

260 1494 323 1576 qui
347 1497 477 1578 aequali
499 1497 570 1563 iure
594 1500 628 1563 et
644 1498 774 1580 aequali
790 1498 823 1564 vi
838 1498 1077 1582 praetendebat
1091 1497 1178 1563 idern
1194 1519 1267 1564 esse
1281 1499 1431 1562 suum.“¹
1462 1496 1516 1560 Ex

259 1601 413 1666 naturali
443 1605 553 1668 eutem
583 1605 696 1671 mutuo
720 1613 803 1670 melu
827 1604 906 1670 oriri
929 1604 1008 1670 dicit
1031 1603 1228 1670 desiderium
1250 1602 1391 1669 exeundi
1415 1623 1433 1667 o
1455 1601 1518 1668 tali

261 1709 360 1772 statu
384 1711 419 1774 ot
442 1709 619 1790 quaerendi
641 1710 757 1777 socios
798 1710 1011 1788 „Hominibus
1032 1709 1066 1774 in
1090 1707 1180 1790 (hoc)
1195 1712 1286 1775 statu
1301 1708 1380 1774 belli
1394 1708 1517 1774 consti-

260 1813 351 1880 tutis
374 1815 582 1882 conservatio
606 1816 656 1882 sui
680 1816 833 1882 diuturno
856 1816 1044 1900 exspectari
1061 1837 1127 1881 non
1142 1819 1263 1899 potest.
1295 1814 1404 1892 Quare
1418 1835 1516 1896 quae

262 1921 407 1986 rendam
438 1943 511 1988 esse
541 1943 655 2007 pacem
685 1925 798 1987 rectae
827 1922 966 1988 rationis
995 1921 1159 1987 dictamen
1188 1923 1250 1999 est,
1279 1919 1342 1986 hoc
1369 1924 1430 1998 est,
1460 1920 1517 1985 lex

264 2031 428 2094 naturael
443 2031 466 2106 2,
500 2049 598 2111 quem
631 2030 738 2112 legem
771 2029 870 2094 etiam
904 2049 982 2094 mox
1014 2027 1143 2093 definit:
1183 2027 1374 2106 ,Dictumen
1405 2030 1517 2092 rectae

264 2133 408 2200 rationis
431 2135 519 2201 circa
542 2157 591 2214 ea,
616 2155 700 2218 quee
723 2135 853 2217 agenda
877 2136 930 2201 vel
954 2134 1137 2200 omittenda
1157 2133 1292 2200 suntad
1308 2133 1517 2199 vitaemem·

264 2241 468 2324 brorumque
498 2242 799 2320 conservationem,
833 2245 992 2325 quantum
1020 2241 1093 2306 lieri
1120 2243 1241 2325 potest,
1272 2240 1518 2306 diuturnam.“³

268 2348 389 2429 ltaque
404 2349 582 2414 secundum
594 2348 794 2415 Hobbesium
809 2348 976 2414 bominum
989 2348 1187 2414 consociatio
1200 2369 1218 2413 e
1230 2369 1291 2414 sua
1302 2346 1429 2428 origine
1440 2367 1518 2411 con·

267 2453 421 2537 cipieuda
444 2458 496 2522 est
513 2458 682 2537 tamquam
697 2463 826 2521 mutuae
838 2459 931 2542 pacis
947 2457 1116 2538 conventio,
1138 2475 1204 2519 non
1220 2474 1263 2520 ex
1278 2451 1517 2530 benevolentia,

266 2559 330 2624 sed
353 2581 395 2625 ex
416 2571 500 2626 melu
525 2569 551 2627 el
574 2563 757 2628 necessitate
778 2565 871 2642 inita,
896 2560 995 2626 alicui
1010 2560 1184 2626 armistitio
1199 2559 1287 2626 inter
1301 2559 1413 2625 hostes
1429 2579 1518 2625 com·

267 2667 430 2749 paranda.
446 2705 490 2715 —
509 2667 632 2732 Verum
657 2671 694 2733 ut
716 2668 794 2733 talis
817 2669 1027 2734 voluntatum
1050 2666 1250 2750 conspiratio
1273 2666 1316 2732 ad
1343 2686 1518 2731 conserva-

266 2773 394 2838 tionem
409 2773 501 2856 pacis
516 2774 668 2840 stebilem
691 2774 844 2852 sufficiat,
868 2795 966 2858 porro
988 2773 1176 2856 requiritur,
1199 2772 1257 2850 ait,
1285 2777 1340 2850 ,nt
1361 2793 1427 2837 una
1448 2793 1519 2837 om-

267 2880 359 2945 nium
377 2879 421 2944 sil
437 2880 630 2958 voluntas“;
656 2881 741 2962 quod
762 2880 851 2958 ,fieri
866 2901 932 2946 non
947 2883 1068 2964 potest,
1086 2879 1150 2944 nisi
1164 2879 1387 2962 unusquisque
1402 2879 1519 2944 volun-

267 2989 376 3053 tatem
392 3007 485 3052 suam
500 2987 636 3052 alterius
650 2991 757 3070 ouius,
772 2987 923 3052 nimirum
937 2987 1034 3051 unius
1048 2985 1188 3050 hominis
1201 2986 1255 3050 vel
1268 2984 1363 3049 unius
1380 2985 1518 3063 concilii,

269 3093 437 3158 voluntati
467 3092 515 3157 ita
544 3093 704 3171 subiiciat,
736 3096 773 3158 ut
803 3114 861 3177 pro
891 3092 1064 3158 voluntate
1095 3091 1237 3156 omnium
1261 3095 1295 3158 et
1318 3091 1519 3173 singulorum

268 3198 456 3264 babendum
472 3199 526 3278 sit,
546 3199 700 3282 quidquid
716 3200 756 3265 de
772 3199 812 3264 iis
827 3199 935 3278 rebus,
953 3219 1038 3282 quac
1052 3198 1239 3264 necessaria
1255 3202 1332 3263 sunt
1342 3199 1390 3264 cd
1405 3220 1520 3282 pacem

270 3325 488 3384 communem,
519 3305 574 3370 ille
604 3306 764 3371 voluerit“
777 3307 800 3370 4.
847 3305 892 3370 Et
920 3305 996 3370 huic
1023 3305 1174 3390 publicae
1197 3304 1361 3370 voluntati
1384 3305 1521 3370 attribui

269 3411 346 3476 vult
370 3411 570 3494 ,potentiam
584 3411 618 3476 in
634 3413 724 3478 cives
739 3411 886 3494 singulos
901 3415 1041 3488 tantam,
1066 3415 1222 3494 quantam
1238 3414 1335 3476 extra
1350 3410 1521 3477 civitatem

270 3518 494 3600 unusquisque
517 3519 618 3585 habet
640 3519 675 3583 in
698 3540 733 3584 se
756 3519 872 3602 ipsum,
896 3518 916 3584 i.
934 3539 962 3587 c.
987 3541 1144 3584 summum
1166 3518 1237 3583 sive
1260 3520 1446 3595 absolutum,
1470 3517 1521 3581 vi·

271 3627 364 3692 ribus
387 3624 542 3700 civitatis,
566 3645 672 3708 neque
695 3625 764 3690 ulle
787 3625 853 3690 alia
876 3645 913 3689 re
936 3624 1158 3690 limitandom“
1171 3626 1194 3690 ⁶.
1234 3624 1342 3706 Megia
1365 3623 1471 3690 adbuc
1486 3624 1521 3688 in

271 3755 333 3800 suo
362 3730 580 3809 ,Leviathan'‘
601 3732 685 3796 hono
701 3735 901 3814 potestatem
918 3734 1112 3812 exaggerat,
1137 3730 1231 3811 eique
1247 3729 1347 3796 etiam
1363 3731 1521 3796 moralem

272 3835 509 3904 conscientiam
540 3837 742 3904 subordinat.
772 3838 949 3919 -Atque
979 3837 1029 3903 ita
1059 3836 1188 3918 quidem
1218 3837 1352 3902 Hobbes
1381 3858 1400 3902 e
1430 3841 1521 3904 stetu

273 4051 415 4118 feliciter
445 4049 585 4116 deducit.
609 4049 751 4116 -Uno
781 4050 851 4115 fere
875 4049 1007 4114 saeculo
1029 4051 1106 4132 post
1129 4067 1202 4112 cum
1226 4068 1269 4112 ex
1292 4048 1406 4113 eodem
1429 4048 1522 4115 fonte

271 4157 411 4223 similem
435 4157 603 4240 politicum
627 4155 885 4233 absolutismum,
910 4155 968 4220 sed
992 4156 1238 4220 democraticum
1262 4154 1398 4219 deduxit

274 4296 344 4369 395.
435 4297 467 4364 J.
485 4299 518 4364 J.
536 4300 702 4364 Roueeeou
719 4295 981 4380 (1712-1778).
1014 4295 1105 4361 Inter
1128 4295 1197 4360 eius
1220 4295 1354 4379 scripta,
1380 4317 1463 4378 quae
1480 4296 1522 4360 ad

199 4417 202 4424 '
274 4404 359 4471 hano
375 4427 443 4470 rem
460 4405 637 4488 pertinent,
662 4403 860 4468 nominanda
875 4407 966 4469 sunt:
996 4402 1170 4479 ,Dieoours
1186 4423 1243 4466 sur
1258 4401 1409 4484 l'origine
1424 4407 1459 4468 et
1474 4402 1523 4467 les

276 4509 466 4575 fondemens
490 4511 530 4575 de
553 4509 733 4592 l’inegclite‘
757 4509 864 4593 parmi
887 4509 936 4574 les
959 4509 1124 4573 hommes“
1145 4508 1262 4590 (1753)
1277 4512 1312 4574 et
1327 4507 1523 4592 praesertim

283 4615 350 4690 ,Du
364 4619 493 4682 contrat
509 4617 619 4696 social,
638 4637 679 4680 ou
691 4615 855 4700 principes
868 4617 910 4680 du
922 4615 1009 4680 droit
1020 4615 1195 4698 politique“
1212 4615 1338 4697 (1761).
1351 4651 1395 4658 -
1405 4614 1523 4692 Quem·

278 4723 450 4788 admodum
467 4723 610 4800 Hobbes,
635 4721 682 4789 ita
706 4726 740 4788 et
763 4723 843 4807 ipse,
868 4722 966 4788 immo
990 4723 1088 4804 longe
1104 4722 1205 4787 etiam
1220 4741 1300 4804 prae
1315 4721 1371 4786 illo
1387 4741 1524 4804 expres·

369 4933 435 4987 ¹De
455 4933 599 4987 oivelll)
619 4934 661 4987 11.
770 4933 837 4986 ²1b.
860 4935 900 4986 15.
1010 4931 1168 4984 ⁸lb.111.

368 5021 524 5076 ‘lb.V6.
633 5021 821 5076 ⁸1b.v118.

330 5115 437 5169 Meyer,
452 5117 491 5158 lue
505 5116 617 5160 naturale.
635 5117 652 5158 1.
670 5117 711 5160 lid.
725 5117 745 5158 2.
