3909 5842
398 566 434 603 xa
934 548 1115 602 Prooemium.

399 728 671 814 Spirituulietioue
695 731 806 793 autem
831 725 1049 810 empirismus,
1074 724 1179 808 quiin
1195 724 1335 790 scientia
1351 722 1474 787 morali
1490 743 1512 787 a
1524 722 1662 807 poyeio-

399 836 499 918 lopicu
515 836 712 918 experientia
726 831 878 917 procedit
892 830 1128 915 (Shaitesbury
1143 827 1378 908 1671-1713)
1393 828 1553 909 illiusque
1569 826 1661 910 prin-

399 938 520 1022 cipium
548 938 583 1004 iu
612 939 723 1021 aliquo
750 937 932 1018 ,communi
962 958 1061 1003 sensu
1085 936 1218 1002 morali*
1246 934 1447 1001 naturaliter
1469 932 1661 998 hominibus

399 1044 519 1122 indito,
550 1046 603 1110 vel
633 1044 809 1123 ,instinctu
831 1043 1004 1110 rationali“
1034 1044 1087 1109 vel
1119 1064 1217 1108 sensu
1246 1040 1398 1119 ,moralis
1421 1040 1655 1124 sympathiaeg

400 1151 454 1215 vel
480 1150 631 1229 ,socialis
654 1150 923 1216 benevolentiae“
950 1148 1100 1232 proxime
1123 1148 1222 1214 eitum
1247 1168 1320 1212 esse
1343 1146 1451 1224 docet,
1475 1144 1513 1209 in
1532 1146 1660 1227 ,rotela

399 1256 534 1323 ecolica“
553 1257 688 1323 ducibus
709 1258 765 1323 tt.
782 1258 868 1323 Reid
883 1254 1135 1339 (ltro-1796)
1152 1259 1186 1321 ct
1202 1255 1384 1320 Huteleeaou
1401 1252 1660 1335 (roae-1747)

400 1363 612 1449 principalem
635 1385 729 1429 suam
752 1363 864 1429 sedem
887 1362 1013 1441 babuit,
1039 1367 1074 1429 et
1096 1382 1156 1447 per
1178 1361 1310 1427 modum
1333 1359 1515 1427 reactionis
1541 1364 1660 1425 contra

400 1469 564 1552 anglicum
598 1468 870 1536 materialismum
907 1468 1002 1550 eique
1033 1488 1194 1533 conexum
1232 1466 1475 1551 scepticismum
1512 1466 1659 1550 amplam

400 1597 503 1659 usque
525 1577 568 1643 ad
591 1598 749 1661 praesens
771 1576 843 1641 fere
865 1580 996 1659 tempus
1021 1574 1184 1642 culturam
1208 1578 1326 1640 nactus
1349 1580 1411 1641 est.

495 1683 603 1747 lertio
627 1685 758 1749 evolutio
786 1680 1060 1747 rationalisticam
1091 1702 1219 1746 morum
1245 1679 1390 1763 iurisque
1412 1677 1659 1763 philosophiam

402 1786 657 1872 comprehendit,
682 1807 766 1869 quae
790 1808 811 1851 a
833 1788 958 1853 Kontio
981 1786 1123 1852 formam
1146 1791 1181 1853 et
1204 1807 1322 1852 nomen
1346 1786 1485 1870 accepit,
1511 1789 1661 1871 iurisque

403 1916 424 1959 u
446 1897 627 1960 ueoralitote
651 1896 838 1976 diuortium,
863 1913 884 1957 a
907 1892 1083 1959 Thomaeio
1106 1894 1173 1959 iam
1196 1894 1405 1969 inchoatum,
1430 1892 1660 1977 philosophice

402 1999 590 2083 complevit.
622 1998 660 2063 ln
684 2000 785 2064 ethico
814 1998 1072 2073 ,autonomiam“
1100 1998 1239 2066 rationis
1263 2000 1311 2082 (et
1334 1998 1410 2064 hino
1434 1998 1659 2064 omnimodam

401 2105 687 2190 independentiam
711 2105 910 2171 moralitatis
928 2127 949 2171 a
964 2106 1137 2189 religione)
1161 2106 1280 2173 statuit
1295 2109 1330 2171 et
1346 2105 1537 2189 apathieum
1555 2125 1660 2187 quen·

403 2211 479 2278 dam
495 2212 697 2278 stoicismum
713 2211 935 2278 resuscitavit.
967 2214 1059 2278 Iuris
1074 2216 1238 2278 scientiam
1256 2216 1366 2278 autem
1383 2215 1490 2277 totam
1506 2232 1552 2276 ex
1567 2210 1659 2294 prin·

403 2318 487 2402 cipio
510 2318 720 2383 individualis
744 2317 908 2384 libertatis
932 2339 1005 2384 cum
1028 2319 1183 2386 libertate
1207 2318 1337 2401 aequali
1356 2317 1500 2383 omnium
1516 2317 1658 2382 aliorum

402 2424 591 2491 harmonice
615 2423 859 2508 componendae
882 2424 1107 2509 philosophice
1131 2428 1322 2491 construere
1337 2424 1494 2507 suscepit.
1526 2422 1595 2488 Sed
1618 2422 1658 2487 de

403 2534 467 2599 hac
490 2553 526 2597 re
549 2530 682 2597 uberius
704 2532 738 2597 in
762 2533 901 2599 decursu
924 2531 1009 2598 libri.

496 2639 621 2718 Quarta
647 2640 775 2703 evolutio
799 2636 854 2719 (de
878 2658 942 2720 qua
965 2636 1085 2702 ibidem
1109 2657 1171 2701 non
1196 2636 1303 2703 minus
1327 2638 1499 2702 enucleate
1522 2635 1657 2719 agetur)

405 2743 631 2829 philosophiae
650 2744 878 2826 ,reactiouem“
896 2748 1013 2809 contra
1028 2742 1228 2808 Kantianum
1250 2743 1330 2809 iuris
1348 2742 1653 2826 „subiectioramuw

406 2848 650 2933 complectitur3
675 2869 759 2931 quae
782 2850 912 2932 quidem
930 2851 1048 2935 duplae
1064 2852 1138 2914 orta
1155 2852 1216 2925 est,
1239 2852 1348 2934 primo
1364 2870 1384 2912 a
1398 2847 1560 2933 principio
1581 2848 1656 2925 ‚ob-

407 2956 545 3022 iectivo“
574 2954 793 3039 pantheistico
817 2954 1015 3036 (Schelling,
1041 2952 1179 3036 Hegel),
1204 2957 1306 3020 altero
1329 2975 1372 3019 ex
1394 2952 1553 3019 historico
1578 2946 1657 3017 iuris

406 3060 612 3146 positivismo
634 3059 857 3146 philosophice
881 3061 1013 3127 exculto
1033 3058 1156 3141 (Stahi)
1180 3060 1340 3143 proiecta.
1372 3059 1523 3141 Utraque
1547 3060 1657 3141 aliquo

406 3168 512 3246 modo,
536 3166 594 3232 illa
618 3165 747 3249 quidem
771 3167 911 3247 directe,
935 3167 1018 3232 haec
1041 3166 1201 3232 indirecte
1224 3170 1259 3233 et
1281 3172 1414 3251 praeter
1436 3166 1657 3233 subiectivum

406 3272 576 3341 consilium
606 3293 737 3337 suorum
770 3277 958 3351 auctorum,
992 3273 1099 3356 logice
1129 3272 1294 3338 concurrit
1325 3273 1367 3338 ad
1397 3273 1543 3337 moderni
1574 3274 1657 3337 iuria

400 3380 525 3465 publici
539 3379 702 3446 theoriam
717 3379 918 3445 tundendam
935 3384 1035 3462 atque
1047 3380 1289 3458 stabiliendam,
1307 3400 1390 3462 quae
1403 3383 1537 3462 sumptu
1548 3378 1658 3445 iustae

407 3485 571 3552 libertatis
594 3484 716 3563 civilis,
747 3486 847 3551 immo
877 3492 912 3553 et
935 3486 1174 3565 conscientiae,
1204 3490 1378 3573 potentiam
1408 3494 1508 3551 dutus
1535 3488 1659 3572 publici

407 3590 650 3656 ultramodum
673 3596 868 3675 exaggerat,
892 3592 972 3657 iuris
1001 3592 1298 3670 ,obiectivismum“
1328 3614 1400 3659 curn
1424 3592 1522 3675 legali
1540 3593 1659 3677 despo-

407 3697 505 3765 tiamo
529 3697 742 3765 confundens,

499 3805 619 3884 Quinto
649 3806 780 3870 evolutio
810 3809 845 3870 et
868 3806 1019 3869 extrema
1049 3825 1089 3871 ea
1113 3805 1252 3887 denique
1275 3806 1389 3871 vocari
1412 3810 1539 3889 potest,
1574 3827 1659 3887 quae

407 3908 504 3975 huius
521 3908 680 3993 temporis
696 3908 869 3976 scientiam
884 3910 1031 3976 studiose
1048 3912 1330 3977 antichristianum
1347 3910 1530 3993 distinguit,
1556 3914 1593 3977 et
1608 3934 1659 3977 re·

408 4014 631 4083 certissimam
654 4016 879 4101 philosophiae
903 4038 1029 4082 morum
1053 4038 1093 4082 ac
1116 4017 1234 4082 iurium
1258 4018 1407 4096 formam,
1431 4018 1459 4083 si
1474 4023 1589 4085 tamen
1613 4021 1659 4087 ita

408 4144 481 4189 eam
504 4122 617 4189 vocari
639 4124 692 4189 fas
715 4128 776 4202 est,
800 4122 951 4188 nimirum
973 4147 1056 4210 pure
1078 4128 1483 4210 naturaliaticopoaitiuam
1508 4134 1536 4191 et
1551 4138 1659 4213 aperte

409 4232 604 4297 utteisticam
629 4230 772 4297 exhibet.
804 4230 858 4295 Ad
880 4230 965 4296 hane
989 4229 1076 4296 omni
1093 4251 1153 4314 ope
1170 4231 1384 4297 excolendam
1409 4236 1519 4314 atque,
1544 4234 1572 4299 si
1587 4236 1658 4299 fieri

408 4337 523 4421 possit,
548 4337 689 4421 quodam
713 4340 877 4421 apparatu
901 4336 1098 4413 scientifico,
1126 4336 1338 4419 quantumvis
1361 4338 1519 4404 ementito
1543 4342 1579 4405 et
1601 4340 1657 4406 ab·

409 4443 518 4522 surdo,
543 4442 769 4509 exornandam
792 4442 1039 4509 internetionali
1057 4444 1198 4526 quadam
1216 4442 1441 4509 coniuratione
1457 4450 1595 4511 cunetas
1610 4445 1656 4509 in·

409 4548 497 4632 genii
519 4548 608 4613 vires
632 4547 824 4625 conferunt,
848 4552 1026 4631 quotquot,
1051 4549 1091 4614 de
1115 4548 1202 4613 omni
1226 4548 1370 4615 veritate
1393 4570 1525 4614 sensum
1549 4555 1655 4615 trans-

409 4654 587 4721 scendente
604 4654 829 4739 desperantes,
853 4654 985 4721 futuras
1001 4655 1233 4737 generationes
1249 4658 1360 4721 sociali
1376 4656 1538 4739 utteismo,
1564 4678 1655 4739 quern

409 4760 502 4825 brevi
525 4760 746 4826 universalem
769 4760 841 4825 fore
857 4764 1063 4844 exspectent,
1088 4760 1152 4825 iam
1169 4782 1255 4827 nunc
1270 4761 1516 4846 praeparandas
1533 4766 1569 4829 et
1584 4784 1655 4829 con·

410 4866 569 4933 ciliandas
592 4866 785 4949 suscipiunt.
