3909 5842
418 692 482 757 492
627 684 717 741 Sentio
737 685 770 739 ll.
809 682 890 739 Liber
909 685 944 739 ll.
982 684 1071 757 Caput
1090 687 1137 741 ΙΙΙ.
1175 684 1315 740 Articulus
1333 684 1359 738 8.
1395 684 1448 751 52

417 888 481 951 qua
504 867 625 933 talibus
649 865 800 931 absolute
815 868 850 931 et
865 864 1049 947 aequaliter
1064 867 1281 949 competente,
1306 865 1364 927 aut
1378 860 1413 926 in
1422 863 1665 946 pmsonols'tote,

417 974 570 1039 abaciam
593 970 704 1037 radice
727 970 814 1037 illius
837 970 1012 1048 libertatis,
1045 974 1219 1055 reponunt.
1260 968 1358 1035 Unde
1379 966 1498 1032 mirum
1522 986 1590 1031 non
1614 970 1666 1031 est

415 1080 448 1146 in
479 1079 606 1147 cunctis
636 1078 732 1144 modo
763 1076 916 1144 exhibiln's
946 1077 1027 1142 iuris
1055 1076 1205 1143 formulis
1234 1074 1350 1141 nullibi
1378 1073 1478 1139 ullam
1503 1072 1667 1139 rabonem

415 1184 529 1252 haberi
552 1183 631 1250 iuris
653 1184 816 1251 naturalis
839 1204 937 1250 sensu
963 1184 1150 1265 „obiectieo“
1175 1182 1303 1268 accepti
1320 1183 1342 1251 i.
1359 1202 1387 1249 e.
1412 1202 1478 1263 qua
1500 1180 1668 1264 significat

415 1294 511 1379 lepem
534 1290 703 1355 iuridicam
722 1310 781 1355 seu
796 1292 979 1357 obicetivom
994 1312 1141 1357 normam
1160 1294 1247 1374 insti,
1270 1290 1329 1355 sed
1344 1288 1425 1353 iuris
1441 1286 1575 1353 nomine
1589 1307 1667 1351 con-

416 1400 546 1464 stanter
559 1396 708 1478 intellegi
725 1399 856 1463 tantum
871 1394 932 1475 ius,
956 1396 1043 1479 quod
1061 1397 1162 1480 vulgo
1180 1396 1299 1462 dicitur
1325 1393 1581 1471 ,subiectivum‘
1601 1392 1623 1458 i.
1639 1412 1667 1459 e.

415 1504 621 1589 personalem
643 1501 825 1587 legitimam
848 1502 1044 1569 facultatem
1067 1502 1291 1587 (libertatem).
1328 1500 1383 1582 (V.
1406 1522 1438 1567 n.
1462 1499 1667 1582 saa-439.)

504 1608 708 1692 Ubicumque
730 1608 833 1691 igitur
854 1609 937 1675 haec
958 1610 1034 1676 idea
1056 1610 1128 1675 sive
1155 1608 1354 1689 ,libertalis‘
1373 1607 1446 1673 sive
1466 1606 1666 1691 ,personali-

415 1718 515 1783 tatis“
542 1716 620 1782 talis
643 1736 716 1782 esse
739 1715 953 1797 intellegitur,
978 1736 1044 1798 qus
1067 1720 1102 1783 et
1117 1716 1187 1800 ipse
1202 1718 1287 1781 iuna
1301 1722 1467 1799 conceptus
1483 1714 1665 1778 Kontiaao

416 1824 608 1889 Ficbteanus
631 1821 842 1899 construitur,
867 1822 998 1905 singula
1021 1825 1227 1905 argumenta,
1252 1821 1369 1905 quibus
1384 1820 1470 1885 idem
1486 1822 1665 1903 conceptus

415 1929 481 1995 ism
511 1949 613 2015 supra
635 1926 680 2010 (n.
706 1926 897 2009 525—535)
928 1926 1042 1995 critice
1064 1928 1259 2005 excluditur,
1290 1948 1312 1992 a
1333 1926 1463 1993 fortiori
1485 1926 1604 1991 valent
1626 1924 1665 1990 sd
1770 1909 1772 1922 ,

415 2040 534 2102 cuncta
557 2034 761 2101 excludenda
788 2054 934 2113 ,summa
956 2034 1037 2099 iuris
1052 2033 1244 2118 principia“,
1268 2052 1353 2116 quae
1367 2032 1417 2097 illi
1431 2034 1665 2115 superstruen-

415 2148 486 2218 tur;
522 2160 624 2225 quare
658 2140 794 2206 ulterior
827 2140 952 2207 thetica
985 2160 1096 2205 sorum
1129 2138 1287 2207 refutatio
1319 2137 1372 2203 hic
1401 2137 1521 2203 merito
1550 2156 1665 2221 super-

416 2248 484 2313 flua
507 2249 655 2331 apparet.
1495 2268 1501 2278 ·

416 2390 486 2463 584.
576 2392 623 2458 At
654 2412 732 2457 vero
765 2391 852 2458 iuter
879 2392 974 2457 huius
1004 2392 1136 2459 scholae
1165 2391 1342 2477 scriptores
1365 2412 1430 2457 non
1454 2390 1551 2475 pauci
1575 2390 1666 2455 inve-

417 2498 561 2576 niuntur,
587 2496 641 2580 qui
665 2497 728 2563 etsi
751 2497 865 2563 iisdem
888 2497 953 2564 illis
970 2498 1025 2563 vel
1041 2498 1200 2564 similibus
1215 2498 1333 2563 summi
1347 2496 1498 2582 principii
1516 2494 1667 2561 formulis
1772 2577 1773 2582 ἵ

416 2608 563 2683 utuntur,
587 2602 808 2688 philosophice
831 2609 943 2672 tamen
968 2625 1081 2669 earum
1104 2625 1237 2669 sensum
1259 2603 1473 2686 originarium
1497 2624 1519 2667 a
1542 2601 1666 2668 Kantio

416 2712 451 2775 et
465 2709 601 2777 Fichteo
623 2710 785 2776 intentum
809 2731 872 2775 non
897 2710 1097 2794 simpliciter,
1122 2710 1180 2775 sed
1203 2714 1333 2776 tantum
1356 2710 1417 2775 sub
1435 2708 1602 2793 implicita
1616 2729 1665 2772 re-

415 2815 603 2881 servatione
626 2816 795 2882 christiani
819 2814 984 2901 dogmatis
1007 2822 1177 2901 acceptum
1200 2816 1326 2895 volunt,
1352 2822 1452 2899 atque
1470 2815 1521 2880 ita
1536 2814 1666 2879 inieris

415 2918 620 3005 philosophis
642 2920 682 2987 iis
705 2920 937 3001 assimilantur,
969 2944 1051 3005 quos
1073 2922 1108 2987 in
1129 2944 1166 2988 re
1189 2922 1306 2988 morali
1332 2920 1661 3001 ,Semi-llantianos⁸

415 3026 663 3095 nominavimus.
710 3028 753 3093 Hi
783 3028 893 3113 igitur,
925 3028 1001 3093 dum
1031 3028 1156 3113 pariter
1186 3028 1221 3093 in
1250 3027 1416 3113 personali
1438 3027 1589 3092 libertate
1613 3030 1666 3091 ant

415 3131 520 3198 libera
541 3136 769 3219 personalitate
790 3134 929 3199 hominis
945 3156 1041 3200 omne
1055 3135 1106 3200 ius
1122 3133 1253 3201 fundari
1269 3132 1474 3211 existimant,
1496 3132 1533 3198 in
1549 3136 1666 3198 neutra

415 3242 525 3305 tamen
557 3240 698 3323 aliquem
722 3241 817 3306 linem
841 3240 970 3307 ratione
993 3241 1042 3306 sui
1067 3242 1255 3324 absolutum,
1288 3239 1429 3325 positive
1452 3238 1594 3305 excluso
1618 3259 1666 3304 re·

313 3424 316 3427 ,
415 3350 531 3428 spectu
555 3346 596 3411 ad
620 3346 770 3413 altiorem
794 3350 891 3413 finem
915 3348 1082 3425 moralem,
1107 3351 1301 3431 agnoscunt,
1329 3346 1389 3412 sed
1411 3344 1523 3430 potius
1546 3343 1667 3410 mentis

415 3452 638 3518 abstractione
670 3455 711 3519 ab
745 3454 831 3519 omni
862 3454 1020 3520 eiusmodi
1049 3460 1203 3537 respectu
1229 3452 1498 3539 praescindendo,
1532 3452 1568 3517 in
1599 3450 1666 3516 solo

416 3566 562 3645 conceptu
592 3558 754 3625 humanae
781 3559 945 3626 libertatis
969 3564 1004 3626 st
1025 3558 1273 3644 personalitatis
1296 3582 1381 3625 mere
1404 3560 1565 3624 abstracto
1591 3578 1667 3623 oon·

416 3662 597 3745 quiescunt,
628 3686 731 3747 eoque
758 3666 863 3731 omnis
886 3666 966 3731 iuris
991 3666 1160 3732 derivandi
1184 3687 1346 3732 summum
1368 3664 1565 3749 principium
1591 3685 1667 3730 con·

416 3772 499 3835 strui
522 3790 619 3853 posse
642 3770 856 3837 arbitrantur.

505 3874 620 3959 ltaque
636 3880 674 3943 ut
688 3874 763 3942 huic
779 3876 878 3944 etiam
894 3876 1037 3943 illusioni
1054 3898 1149 3943 omne
1160 3877 1347 3962 perfugium
1358 3875 1610 3961 praecludatur,
1627 3874 1667 3941 sit

503 4026 659 4110 Thebis
687 4027 846 4111 XLIX·
894 4052 937 4114 ln
967 4052 1115 4115 hominis
1142 4054 1302 4116 libertate
1329 4058 1390 4115 ant
1417 4052 1666 4130 personalitate

415 4165 482 4227 qua
502 4148 564 4209 tali
586 4152 620 4210 et
639 4148 813 4211 abstracte
834 4148 1050 4213 considerata
1070 4168 1238 4213 summum
1258 4151 1345 4214 iuris
1366 4149 1575 4228 principium
1590 4151 1665 4212 fun·

415 4245 488 4309 duri
509 4246 706 4309 nullatanus
727 4250 851 4323 potest.

415 4363 486 4435 585.
576 4362 736 4437 Probatur
758 4365 794 4435 1⁰.
833 4366 1027 4451 Supremum
1049 4368 1130 4434 iuris
1153 4370 1373 4452 cognoscendi
1395 4370 1608 4454 principium,
1632 4373 1667 4434 ut

415 4491 530 4535 verum
553 4492 626 4537 esse
649 4472 763 4555 possit,
792 4472 890 4540 debet
912 4495 1012 4557 super
1035 4496 1148 4541 verum
1171 4475 1252 4541 iuris
1274 4475 1523 4542 fundamentum
1548 4475 1666 4557 (ratio-

416 4576 504 4656 nale)
527 4576 668 4655 fundari,
692 4578 712 4645 i.
737 4600 764 4644 s.
790 4600 888 4663 super
909 4578 951 4658 id,
983 4580 1070 4663 quod
1092 4581 1218 4666 concipi
1240 4582 1341 4648 debet
1361 4586 1533 4664 tamquam
1557 4582 1666 4647 obiec-

416 4679 487 4746 tiva
510 4686 544 4747 et
565 4682 714 4748 formalis
737 4684 832 4763 ratio,
857 4685 899 4749 ob
915 4706 1013 4767 quam
1029 4686 1118 4751 Deus
1133 4708 1198 4769 qua
1213 4686 1386 4769 legislator
1402 4692 1544 4753 naturae
1560 4709 1665 4755 neces·

415 4788 503 4849 sorio
526 4787 707 4853 voluntatis
731 4788 862 4857 decreto
878 4790 951 4855 iura
967 4796 1001 4857 et
1020 4790 1100 4857 iuris
1117 4792 1225 4858 officia
1241 4792 1424 4859 constituta
1440 4792 1531 4859 velit.
1567 4794 1665 4879 Anni

416 4890 450 4955 in
479 4888 617 4957 hominis
643 4894 797 4961 libertate
821 4900 880 4962 aut
903 4898 1140 4979 personalitate
1163 4920 1228 4981 qua
1250 4898 1312 4965 tali
1335 4903 1370 4967 et
1393 4900 1567 4967 abstracto
1590 4918 1665 4965 con·

416 4994 561 5063 siderata
584 5018 696 5063 verum
719 4999 799 5065 iuris
821 5000 1070 5069 fundamentum
1092 5025 1158 5070 non
1181 5004 1377 5073 continetur.
1424 5006 1514 5089 Erpo
1536 5012 1603 5074 sto.
