3909 5842
719 699 758 754 De
777 697 882 754 ratione
900 699 990 754 meriti
1009 703 1037 753 et
1055 699 1188 754 demeriti.
1512 706 1572 770 181

330 876 431 943 dicari
454 873 582 961 potest;
607 897 709 960 quare
732 898 796 943 non
820 878 862 943 ad
885 877 1039 944 mundum
1063 877 1244 962 physicum,
1275 877 1333 944 sed
1357 878 1399 944 ad
1422 880 1575 944 mundum

330 987 480 1051 moralem
503 983 551 1048 illi
574 987 745 1067 respectus
768 983 910 1068 partium
935 983 976 1050 ad
994 1005 1092 1049 unum
1109 986 1215 1050 totum
1232 984 1421 1050 referantur
1436 988 1576 1068 oportet.

330 1090 607 1168 Quemadmodum
630 1111 747 1176 nempe
772 1111 814 1156 ex
837 1089 1063 1158 materialibus
1086 1090 1281 1156 entitatibus
1303 1094 1472 1174 tamquam
1500 1112 1578 1175 par·

329 1195 417 1262 tibus
441 1196 711 1281 componentibus
734 1196 877 1263 efficitur
900 1219 986 1263 unna
1001 1218 1119 1262 cosmoe
1132 1198 1293 1284 physicus,
1317 1196 1364 1262 ita
1381 1219 1399 1263 1
1415 1195 1578 1282 spirituali

274 1392 276 1396 Ι
331 1323 458 1386 quoque
483 1302 707 1370 communione
731 1303 875 1370 omnium
894 1303 1579 1371 1111111111111111111111111111111111

331 1412 463 1476 moratis
493 1408 608 1486 oritur,
640 1409 731 1474 cuius
762 1412 875 1494 partes
899 1411 1131 1494 componentes
1154 1413 1233 1476 sunt
1255 1409 1386 1492 singula
1409 1409 1579 1494 supposita

331 1515 507 1582 rationalia
522 1537 581 1582 seu
596 1536 767 1601 personae.
799 1515 916 1599 ltaque
940 1521 974 1582 et
998 1516 1140 1582 condicio
1156 1520 1233 1582 recti
1248 1518 1385 1600 ordinis,
1409 1537 1473 1599 quo
1489 1520 1579 1583 uter·

332 1642 394 1703 que
418 1621 577 1690 subsistat
607 1628 641 1690 et
672 1626 896 1702 conservetur,
927 1621 1042 1688 habita
1070 1622 1199 1689 ratione
1227 1622 1380 1689 diversae
1408 1624 1578 1704 materiae,

331 1728 485 1812 utrinque
514 1728 630 1794 similis
661 1749 734 1795 esse
764 1729 872 1808 debet,
896 1728 1024 1796 scilicet
1046 1728 1243 1795 conveniens
1261 1732 1427 1815 proportio
1450 1734 1580 1816 quonti-

331 1838 428 1901 totioo
449 1839 594 1922 portiom
618 1836 663 1902 od
685 1843 781 1902 totum
807 1843 835 1902 et
858 1839 941 1902 inter
963 1857 1006 1902 ae.
1042 1835 1088 1902 Et
1109 1835 1143 1901 in
1166 1835 1288 1902 mundo
1311 1835 1441 1919 quidem
1464 1835 1580 1903 morali

332 1940 414 2006 haec
436 1941 604 2026 proportio
629 1941 853 2024 quantitative
876 1941 942 2008 alia
965 1961 1126 2008 essenon
1149 1945 1262 2026 potest
1283 1942 1345 2008 nisi
1369 1963 1419 2022 ea,
1444 1943 1578 2025 quaein

332 2066 543 2130 personarum
569 2047 695 2114 inritus
718 2048 919 2127 continetur,
950 2047 1203 2131 uniuscuiusque
1226 2048 1377 2116 relationi
1401 2049 1513 2114 sociali
1537 2049 1580 2116 ad

333 2152 415 2220 alias
438 2175 596 2238 personas
619 2159 654 2222 et
676 2155 718 2220 ad
742 2158 846 2222 totam
871 2155 1138 2222 communitatem
1163 2155 1427 2222 accommodatis.

422 2267 492 2346 Qua
514 2270 695 2353 praemissa
718 2269 886 2354 analytica
910 2270 1182 2350 consideratione,
1205 2271 1254 2338 ita
1277 2271 1407 2337 demum
1430 2275 1580 2338 statuen-

334 2373 410 2440 durn
434 2376 572 2446 videtur.

422 2491 683 2575 Metaphysieum
712 2493 959 2576 fondamentum
990 2495 1125 2578 speciqlc
1155 2515 1193 2559 11
1218 2497 1387 2578 proprium
1410 2492 1581 2560 rationalis

334 2597 439 2662 nostri
468 2603 645 2682 conceptus
675 2597 784 2664 meriti
807 2620 846 2665 ac
870 2598 1022 2665 demeriti
1045 2604 1113 2666 est:
1142 2602 1221 2666 ordo
1240 2603 1457 2686 proportionis
1480 2622 1581 2685 qnon-

333 2705 474 2770 titotimre
497 2727 605 2770 rernm
630 2707 674 2770 od
698 2707 855 2771 mnndum
877 2709 1029 2772 moralem
1053 2708 1243 2792 applicatas.

423 2819 548 2903 Quippe
560 2821 646 2887 ratio
665 2820 807 2886 humana
822 2821 907 2886 hane
923 2822 1167 2905 proportionem
1183 2826 1351 2904 tamquam
1368 2824 1581 2888 neceesarium

335 2927 514 2992 elementum
539 2929 682 2993 universi
705 2929 831 2992 ordinis
855 2930 1027 2994 rotionotis
1050 2927 1219 3010 cognoscit
1242 2933 1276 2993 et
1299 2927 1342 2993 ad
1364 2927 1580 2994 imitationem

334 3029 436 3114 ipsius
451 3032 589 3099 rationis
605 3034 736 3100 divinae
752 3033 909 3118 postulat.
941 3033 1066 3100 Idcirco
1090 3034 1205 3117 exigit,
1229 3039 1267 3100 ut
1289 3035 1488 3101 mutationes
1511 3053 1581 3099 ma-

334 3138 469 3204 teriales
492 3139 587 3206 huius
611 3141 733 3206 ordinis
757 3140 981 3224 quantitativi,
1006 3162 1088 3222 quas
1103 3143 1234 3207 libertos
1250 3141 1418 3222 agentium
1434 3140 1581 3206 rationa-

334 3243 411 3308 lium
435 3249 553 3328 suapte
577 3252 696 3314 natura
719 3252 753 3314 et
776 3247 809 3312 vi
832 3247 963 3313 socialis
987 3246 1181 3326 commercii,
1206 3247 1301 3312 modo
1324 3267 1384 3330 per
1399 3266 1580 3324 excessum,

334 3350 430 3416 modo
460 3371 519 3435 per
542 3351 706 3420 defectum
730 3353 955 3420 convenientis
979 3352 1187 3436 quantitatis,
1217 3352 1339 3434 iugiter
1361 3351 1495 3429 inducit,
1521 3351 1581 3416 ali·

335 3475 397 3538 quo
421 3457 516 3523 modo
537 3463 797 3542 compensentur,
823 3465 857 3526 et
873 3459 914 3525 ad
932 3459 1103 3524 formalem
1119 3457 1339 3543 proportionis
1355 3457 1581 3540 integritatem

334 3562 541 3630 reducantur.
574 3565 609 3630 Id
626 3565 732 3650 ipsum
748 3587 783 3631 re
800 3586 879 3632 vera
896 3569 942 3645 fit,
968 3568 1043 3631 dum
1060 3566 1099 3644 ci,
1125 3565 1180 3650 qui
1202 3565 1324 3648 aliquid
1348 3568 1480 3649 praeter
1502 3563 1583 3628 iuris

335 3667 479 3735 debiturn
497 3671 594 3736 alteri
610 3673 767 3739 benevole
783 3677 943 3756 praestat,
961 3695 1004 3738 ex
1019 3672 1174 3738 rationali
1189 3671 1418 3738 aestimatione
1434 3673 1581 3736 eremitam

336 3775 554 3854 attribuimus,
578 3778 598 3844 i.
624 3799 651 3846 e.
677 3779 727 3844 ius
750 3778 882 3861 (saltem
907 3778 1098 3862 aequitatis)
1115 3779 1156 3844 ad
1172 3779 1310 3844 similem
1326 3798 1369 3843 ex
1385 3783 1480 3861 parte
1495 3775 1583 3843 illius

334 3882 601 3962 retributionem
632 3883 662 3949 ei
693 3905 782 3963 vero,
815 3885 869 3967 qui
899 3885 1062 3950 malevole
1092 3884 1189 3950 alteri
1219 3905 1313 3949 suum
1344 3883 1498 3962 detrahit,
1530 3885 1582 3948 ‹le-

335 3991 492 4073 meritnm,
523 3990 544 4056 1.
569 4013 596 4056 1.
622 3991 777 4070 debitum,
811 3991 858 4058 1111
887 3991 1149 4058 satisfactionem
1173 3992 1363 4076 praestandi
1386 3991 1457 4056 sive
1480 3990 1582 4055 libere

336 4096 406 4162 sive
429 4119 488 4182 per
510 4097 760 4182 impositionem.

336 4253 406 4326 204.
488 4267 537 4324 Ad
564 4267 682 4326 eandem
709 4286 771 4324 rem
791 4266 1000 4326 illustrandam
1020 4269 1152 4326 adonta:
1181 4269 1206 4324 1.
1227 4264 1351 4324 Moralis
1377 4264 1435 4323 iste
1457 4282 1582 4335 cosmos,

336 4366 482 4438 quatenus
504 4382 542 4422 ex
562 4364 697 4440 partibus
719 4363 880 4441 (personis)
901 4368 984 4423 recte
1005 4363 1150 4424 ordinatis
1171 4363 1358 4423 adinvicem
1379 4367 1410 4422 et
1430 4362 1468 4421 ad
1487 4365 1583 4420 totum

338 4457 538 4534 (societatem)
560 4461 713 4532 coalescit,
735 4461 811 4520 idem
834 4466 890 4532 est,
912 4479 998 4537 quem
1020 4464 1149 4521 ordinem
1171 4464 1300 4521 iustitiae
1319 4478 1471 4519 vocamus.
1499 4456 1583 4527 Quod

336 4556 363 4616 ei
385 4562 626 4631 consentaneum,
647 4561 767 4636 iustum,
787 4559 863 4635 quod
885 4557 913 4618 ei
934 4559 1114 4618 contrarium
1129 4563 1184 4630 eat,
1206 4561 1348 4617 iniustum
1362 4556 1496 4616 dicimus.
1523 4555 1583 4614 Ita·

337 4673 393 4730 que
414 4659 576 4731 conceptus
597 4655 669 4715 iusti
690 4659 721 4715 et
741 4655 854 4726 iniusti,
876 4655 975 4714 meriti
996 4661 1027 4714 et
1047 4655 1182 4715 demeriti
1203 4655 1242 4714 ad
1262 4674 1411 4714 commune
1430 4654 1583 4730 metaphy-

337 4749 429 4810 sieum
451 4750 674 4810 tundamentum
688 4757 875 4812 revocantur.
902 4751 1049 4829 Utrinque
1062 4751 1219 4812 rationalis
1234 4751 1387 4827 exigentia
1400 4750 1583 4826 agnoscitur,

337 4847 508 4926 postulans,
537 4854 571 4908 ut
591 4868 784 4927 unaquaeque
805 4856 943 4910 ereatura
963 4850 1136 4919 rationalis,
1156 4855 1306 4926 tamquam
1327 4867 1398 4926 pars
1418 4846 1583 4925 spiritualis

338 4947 566 5018 communionis,
596 4947 626 5006 in
654 4947 779 5024 quodam
807 4949 956 5026 spirituali
982 4949 1153 5026 aequilibrio
1173 4967 1239 5006 cum
1260 4946 1328 5006 aliis
1349 4945 1495 5005 creaturis
1517 4963 1583 5004 con·

337 5043 497 5116 similibus,
525 5049 586 5103 tum
615 5045 778 5121 singilatim
805 5049 867 5106 tum
894 5045 1051 5106 collectiva
1072 5045 1214 5122 sumptis,
1244 5045 1441 5105 contineatur.
1483 5043 1532 5102 Ita
1553 5047 1583 5102 et
