3909 5842
662 717 730 772 Esse
749 736 844 772 verum
863 719 906 773 ius
924 722 1039 774 naturae
1057 698 1197 773 asseritur.
1485 724 1549 788 467

305 900 428 965 bomini
450 899 656 964 daerminute
684 902 892 981 competunt,
925 898 973 965 ita
1006 897 1146 981 quidem,
1177 901 1215 964 ut
1246 903 1280 965 et
1313 896 1453 965 materia
1487 919 1553 964 non

304 1004 436 1071 aliunde
472 1004 506 1069 in
536 1003 704 1069 individuo
739 1003 976 1071 determinetur
1007 1025 1105 1086 quam
1137 1003 1209 1088 ipso
1241 1002 1349 1083 facto,
1384 1025 1447 1087 quo
1480 1006 1553 1089 quis

306 1110 483 1178 actualiter
506 1110 571 1175 illis
594 1110 641 1177 uti
666 1110 756 1176 velit.
1334 1104 1337 1111 '

397 1214 432 1300 b)
461 1240 500 1283 ee
529 1216 656 1283 iuribus
685 1218 822 1302 priorum
852 1217 1055 1302 hypotheticis
1087 1238 1142 1282 sen
1172 1218 1338 1301 acquisitis
1370 1238 1407 1282 eo
1435 1222 1552 1302 omnia,

308 1344 393 1406 quae
416 1322 542 1405 intuitu·
562 1322 737 1406 organicae
761 1322 895 1406 originis
918 1322 1089 1389 societatis
1110 1323 1273 1388 humanae
1295 1332 1407 1408 suapte
1433 1332 1554 1391 natura

307 1450 428 1495 omnem
452 1431 617 1515 publicam
647 1432 822 1495 societatem
850 1431 1047 1515 praecedunt
1070 1429 1110 1494 ab
1134 1451 1231 1514 euque
1254 1432 1348 1514 lupico
1365 1434 1554 1516 praerequi-

307 1544 437 1601 runtur.
484 1535 533 1600 Eo
557 1534 751 1601 referendae
774 1538 868 1600 sunt:
893 1532 927 1616 a)
943 1536 1107 1600 iuridicae
1121 1536 1290 1601 relationes
1304 1538 1389 1601 inter
1401 1538 1553 1620 ρνίοαίον,

307 1664 389 1728 quae
411 1644 547 1727 simplici
570 1664 631 1707 usu
656 1644 738 1707 iuris
762 1643 899 1707 alicuius
923 1644 1052 1708 emirati
1068 1642 1331 1725 determinantur,
1355 1646 1393 1709 ut
1409 1663 1436 1708 ο.
1453 1665 1485 1726 g.
1502 1642 1554 1708 ius

307 1748 519 1831 proprietatis
548 1747 582 1813 in
612 1768 680 1813 rem
712 1746 975 1824 determinatam,
1007 1750 1108 1813 antea
1135 1748 1279 1813 nondum
1309 1748 1450 1814 dominio
1477 1750 1554 1815 sub-

305 1853 426 1921 iectam
441 1855 495 1920 vel
510 1853 585 1919 inde
602 1852 802 1931 derelictam,
820 1851 958 1937 simplici
970 1853 1186 1937 occupatione
1197 1854 1252 1918 vel
1264 1854 1554 1922 transformatione

307 1960 521 2044 acquisitum
554 1960 627 2025 iura
658 1980 718 2044 ρον
749 1958 927 2043 simplicem
961 1964 1177 2039 contractum,
1208 1965 1299 2045 puta,
1332 1960 1552 2042 donationem,

307 2066 591 2151 permutationem,
617 2066 814 2150 emptionem
839 2072 901 2133 etc.
925 2067 959 2132 in
982 2066 1150 2133 individuo
1169 2067 1320 2145 definita3
1342 2066 1379 2152 β)
1395 2071 1554 2135 iuridicue

307 2176 477 2239 relationes
500 2176 680 2239 essentiales
704 2181 731 2239 et
754 2176 973 2239 constitutione
991 2176 1148 2239 societatis
1164 2176 1359 2256 domesticae,
1383 2174 1455 2239 sive
1469 2177 1555 2241 iuter

308 2284 454 2365 coniuqes
476 2280 548 2345 sive
571 2284 656 2347 inter
675 2289 825 2366 parentes
850 2290 878 2346 et
901 2282 1037 2363 liberos;
1064 2285 1099 2347 et
1128 2280 1188 2346 hus
1212 2280 1342 2362 quidem
1365 2279 1553 2365 peripsum

307 2386 433 2453 factum
450 2388 601 2453 naturale
614 2386 801 2454 nativitatis
812 2386 988 2452 liberorum
1001 2386 1100 2469 plane
1111 2386 1332 2465 determinari,
1349 2386 1422 2469 quis
1433 2389 1555 2470 neget?

398 2492 429 2575 c)
453 2496 535 2561 Sunt
559 2496 694 2579 denique
718 2501 744 2558 et
767 2496 851 2559 inter
874 2495 950 2558 iuro
972 2493 1101 2577 publico
1125 2491 1292 2568 eiusmodi,
1318 2513 1459 2575 quorum
1483 2492 1554 2557 sul·

309 2600 422 2665 ficiens
445 2598 675 2667 determinatio
700 2619 827 2664 omnem
850 2598 1028 2682 positivum
1052 2598 1273 2665 interventum
1298 2598 1467 2666 societatis
1493 2620 1554 2683 pu·

308 2706 414 2771 blicae
444 2728 509 2789 qua
538 2704 617 2773 talis
641 2704 832 2771 antevertit.
879 2704 924 2770 ut
945 2703 1051 2789 primo
1075 2705 1204 2787 quidem
1228 2707 1401 2771 secundum
1423 2708 1555 2791 speciem

309 2812 342 2876 in
366 2816 574 2879 antecessum
605 2810 834 2888 determinata,
865 2810 886 2878 i.
911 2830 939 2876 e.
965 2810 1065 2875 certis
1088 2814 1122 2876 et
1149 2810 1376 2876 constantibus
1399 2810 1556 2877 limitibus

308 2938 368 3003 ρον
391 2940 483 2985 suam
509 2916 686 2983 essentiam
711 2917 906 2999 consignata
929 2920 1016 2995 sunt,
1048 2937 1271 3001 quaecumque
1293 2921 1463 3000 tamquam
1485 2917 1558 2982 iura

307 3028 465 3091 societatis
484 3026 632 3111 publicae
656 3028 855 3091 constitutiva
879 3026 920 3090 ab
949 3024 1094 3090 eiusdem
1117 3025 1181 3101 fine
1203 3024 1401 3091 naturaliter
1423 3024 1555 3108 proprio

309 3134 344 3196 et
367 3130 519 3215 specifico
543 3152 636 3196 suam
660 3130 824 3197 internam
847 3131 1009 3197 rationem
1034 3136 1068 3197 et
1090 3151 1239 3195 normam
1263 3129 1436 3214 accipiunt,
1461 3131 1557 3213 quale

309 3241 362 3303 est
385 3257 415 3303 v.
440 3258 471 3319 g.
495 3236 602 3321 ipsum
624 3237 675 3302 ius
699 3236 908 3303 auctoritatis
931 3236 1082 3321 publicae
1096 3259 1155 3322 per
1169 3258 1202 3302 se
1217 3240 1401 3319 spectatum
1419 3240 1453 3302 et
1468 3258 1556 3302 conr-

309 3344 417 3409 munis
440 3344 556 3409 relatio
580 3344 667 3409 inter
691 3364 762 3409 eam
787 3348 822 3409 et
845 3343 1003 3410 subditos.
1046 3343 1117 3409 Ista
1139 3342 1269 3427 quippe,
1293 3342 1370 3425 quia
1393 3343 1480 3408 omni
1503 3365 1556 3408 so-

309 3450 425 3516 cietati
453 3450 614 3534 publicae,
647 3451 857 3533 quantumvis
888 3452 1016 3518 variam
1046 3449 1237 3516 historicam
1260 3450 1400 3515 formam
1422 3450 1556 3516 induere

308 3557 430 3641 possit,
454 3561 632 3625 communia
658 3568 684 3624 et
709 3562 890 3625 essentialia
912 3563 1001 3638 sunt,
1024 3558 1073 3627 ita
1095 3580 1155 3642 ρον
1177 3558 1284 3641 ipsum
1307 3562 1474 3623 auctorem
1496 3577 1556 3623 na·

308 3667 404 3729 turae
428 3661 523 3727 simul
547 3684 621 3729 cum
644 3663 700 3728 illo
717 3666 781 3729 fine
796 3673 871 3729 sunt
887 3667 1035 3751 imposita
1059 3671 1088 3729 et
1105 3665 1292 3748 praefinito,
1316 3667 1434 3730 utnon
1450 3664 1556 3729 solum

308 3769 450 3854 privato,
481 3769 539 3835 sed
570 3772 604 3835 et
633 3769 762 3853 publicu
789 3769 954 3835 hominurn
978 3768 1115 3836 arbitrio
1139 3769 1385 3837 subtrahantur.
1431 3770 1555 3835 Eadem

308 3880 421 3941 autem
451 3874 551 3943 etiam
582 3879 617 3941 in
648 3878 827 3961 indiuiduo,
858 3875 921 3941 etsi
949 3897 1014 3941 non
1037 3876 1108 3941 sine
1130 3874 1305 3959 multiplici
1328 3876 1557 3959 cooperatione

307 3981 485 4061 hominum,
510 4002 717 4064 nequaquam
740 3988 853 4049 tamen
875 4003 935 4066 per
958 3982 1196 4048 ordinationem
1220 3981 1388 4048 societatis
1406 3982 1556 4066 publicae

307 4089 374 4153 iam
400 4086 611 4167 constitutae,
635 4088 693 4153 sed
712 4088 764 4152 vel
781 4087 943 4153 factarum
960 4088 1160 4153 naturalium
1176 4091 1211 4154 et
1225 4086 1377 4171 privatae
1393 4088 1555 4154 libertatis

308 4192 402 4259 vario
426 4214 595 4272 concursu,
620 4194 673 4259 vel
695 4194 800 4259 libera
823 4195 922 4260 etiam
947 4194 1121 4275 aliquando
1145 4193 1330 4276 aequalium
1350 4193 1554 4276 privatorum

308 4299 535 4378 conventione,
553 4300 698 4382 adeoque
710 4304 832 4367 iuriam
848 4303 1042 4367 naturaliter·
1056 4302 1353 4387 moeeemstentium
1368 4322 1428 4388 usu
1445 4299 1554 4365 deter-

308 4406 476 4471 minantur
499 4405 554 4487 (cf.
579 4428 609 4471 n.
635 4409 697 4471 361
716 4428 774 4490 sqq
801 4406 890 4489 421).

399 4512 435 4577 B.
461 4512 620 4596 Efficacia
642 4514 785 4579 iuridiea
808 4512 898 4595 (,dio
922 4513 1174 4597 Recbtstruft“),
1206 4532 1290 4593 quae
1320 4512 1555 4600 alterumveri

307 4616 389 4682 iuris
413 4617 636 4684 characterem
660 4618 802 4698 exhibet,
826 4617 940 4683 iisdem
964 4618 1029 4683 illis
1051 4622 1190 4684 naturae
1208 4616 1332 4682 iuribus
1347 4617 1497 4685 similiter
1511 4641 1554 4685 ex

306 4729 447 4791 naturae
470 4724 622 4790 instituto
642 4724 809 4808 competit.
841 4725 932 4803 Quod
949 4730 986 4792 ut
1001 4724 1222 4806 intellegatur,
1247 4724 1347 4807 prebe
1362 4726 1552 4806 notandum,

308 4830 395 4915 quod
425 4830 490 4897 iem
520 4851 621 4915 supra
651 4829 695 4912 (n.
720 4832 782 4895 487
801 4829 876 4913 sqq)
907 4831 1061 4914 explicite
1092 4831 1350 4895 demonstratum
1380 4836 1441 4910 est,
1474 4832 1554 4898 iuris

308 4936 501 5015 efficaciam,
532 4936 553 5004 i.
578 4958 605 5003 e.
630 4935 901 5003 inviolabilitotem
923 4941 1104 5020 conatuum,
1135 4957 1200 5018 qua
1229 4956 1324 5001 omne
1347 4936 1398 5002 ius
1422 4939 1553 5022 proprie

308 5042 432 5108 dictum
463 5064 520 5107 seu
549 5043 731 5125 rigorosum
756 5064 776 5109 a
798 5042 867 5109 iure
898 5064 986 5111 mere
1015 5043 1163 5127 precario
1193 5043 1414 5111 essentialiter
1436 5045 1552 5111 distin·
1675 5044 1679 5051 ⁴

1291 5147 1345 5201 30*
