3909 5842
453 640 494 705 72
674 638 764 693 Sectio
782 638 803 693 1.
841 638 922 693 Liber
940 639 961 692 l.
999 638 1089 709 Caput
1107 638 1155 693 Ill.
1192 638 1376 695 Antemnae.
1413 640 1476 707 51.

541 813 662 891 Quodsi
684 814 725 879 de
748 814 844 880 obvio
867 814 962 879 liberi
985 814 1114 880 arbitrii
1137 819 1297 899 conceptu
1313 820 1501 897 quaeratur,
1525 838 1620 882 nemo
1634 822 1684 892 est,

452 920 505 987 cui
533 941 599 985 non
627 920 701 1004 ipsa
733 921 937 1003 experientia
967 921 1201 1005 psychologica
1231 921 1323 986 illum
1351 927 1520 1005 suggerat
1568 922 1686 999 Quoties

452 1026 539 1091 enim
571 1026 605 1091 in
637 1026 802 1110 operando
835 1026 1053 1093 deliberativa
1084 1028 1244 1093 electione
1274 1028 1405 1106 utimur,
1438 1028 1542 1094 libero
1567 1030 1687 1095 arbitrio

452 1133 501 1199 uti
522 1134 640 1199 merito
664 1154 844 1200 censemur.
877 1133 962 1200 Hinc
987 1137 1047 1213 eet,
1073 1133 1157 1216 quod
1174 1134 1216 1199 ab
1233 1133 1346 1199 eodem
1361 1134 1452 1201 facto
1467 1135 1688 1220 psycbologico

452 1238 660 1324 proficiscens
683 1241 716 1305 S.
746 1240 904 1305 llmmasl
934 1239 1073 1305 liberum
1097 1238 1268 1305 arbitrium
1293 1240 1397 1324 ipsam
1422 1262 1496 1306 esse
1522 1244 1606 1323 „aim
1627 1244 1689 1307 aiac-

452 1342 569 1410 tioam“
594 1345 698 1423 docet,
729 1344 750 1411 i.
775 1365 804 1411 e.
828 1344 1024 1410 facultatem
1055 1344 1190 1410 consilio
1221 1344 1362 1427 eligendi
1391 1366 1491 1411 unum
1522 1367 1606 1431 prae
1626 1346 1688 1411 alio.

457 1451 527 1529 ,Ex
550 1451 612 1517 hoc
636 1450 720 1516 enirn
744 1450 839 1516 liberi
863 1450 991 1517 arbitrii
1015 1472 1088 1517 esse
1111 1450 1258 1532 dicimur,
1291 1452 1376 1534 quod
1405 1474 1583 1537 possumus
1605 1474 1690 1517 unum

451 1558 607 1641 recipere,
638 1556 703 1623 alio
726 1560 889 1634 recusato,
921 1556 1007 1638 quod
1031 1560 1083 1622 est
1106 1556 1246 1639 eligere;
1279 1561 1313 1623 et
1335 1557 1408 1623 ideo
1432 1562 1589 1624 naturam
1611 1558 1691 1624 liberi

452 1663 580 1729 arbitrii
602 1684 645 1729 ex
668 1663 828 1729 electione
852 1662 1059 1729 considerare
1084 1664 1244 1747 oportet.“

452 1799 514 1870 101.
604 1802 720 1884 Itaque
756 1802 862 1887 ipsam
903 1802 1097 1869 electionem
1130 1803 1224 1885 quasi
1256 1802 1385 1886 analysi
1418 1802 1586 1869 subiciens
1619 1804 1691 1869 iden

453 1906 485 1973 S.
503 1907 626 1974 Ductor
641 1909 768 1992 pergit:
796 1908 867 1988 ,Ad
890 1910 1082 1977 electionem
1100 1914 1209 1976 autem
1227 1908 1393 1977 concurrit
1408 1908 1532 1993 aliquid
1549 1930 1595 1975 ex
1610 1912 1693 1992 parte

453 2016 624 2099 capnitioac
646 2015 780 2083 virtutis
801 2021 836 2082 et
851 2016 974 2097 aliquid
990 2038 1033 2082 ex
1048 2021 1143 2100 parte
1160 2019 1358 2103 appetitioae.
1391 2018 1557 2101 Experto
1574 2016 1692 2099 quidem

453 2120 641 2203 cognitivae
656 2122 834 2205 requiritur
849 2127 1025 2208 consiliam,
1049 2145 1108 2209 per
1124 2124 1211 2207 quod
1227 2123 1435 2203 diiudicatur,
1453 2124 1529 2206 quid
1546 2124 1595 2189 sit
1609 2120 1692 2189 alteri

452 2227 711 2310 praeferendum.
750 2229 921 2312 Experto
948 2233 1059 2296 autem
1082 2230 1285 2314 appetitivae
1307 2229 1494 2312 requiritur,
1525 2230 1617 2313 quod
1645 2250 1693 2312 ap·

451 2336 585 2418 peteuda
608 2344 794 2423 acceptetur,
818 2338 904 2419 quod
928 2358 987 2421 per
1010 2337 1180 2403 consilium
1196 2337 1421 2403 diiudicatum*
1440 2374 1484 2383 -
1500 2338 1627 2403 Verum
1642 2332 1693 2401 elsi

453 2444 593 2524 utraque
616 2442 798 2526 spiritualis
820 2444 970 2527 potentia
986 2445 1028 2509 ad
1045 2443 1239 2511 electionem
1256 2449 1290 2511 et
1305 2444 1347 2510 ad
1363 2444 1500 2509 liberum
1517 2445 1693 2513 concurro,

455 2567 519 2611 non
543 2551 656 2613 tamen
678 2549 833 2631 utrinque
855 2550 927 2633 pari
949 2552 1088 2617 ratione.
1136 2550 1264 2634 Nempe

545 2655 573 2719 1.
597 2654 747 2721 Libertas
768 2655 951 2738 summaliter
973 2658 1071 2721 eoliae
1095 2658 1266 2723 voluntatis
1289 2665 1344 2723 cat.
1381 2657 1444 2721 Est
1467 2656 1553 2721 enim
1581 2654 1694 2738 ,aecio

450 2761 677 2845 principaliter
700 2769 790 2828 aaut
814 2765 1004 2848 appetitione
1026 2761 1186 2828 virtutis“.
1219 2762 1317 2829 Retio
1334 2766 1395 2841 est,
1425 2762 1521 2844 ,quia
1535 2758 1691 2845 proprium

454 2864 616 2932 obiectum
646 2868 815 2934 electionis
838 2873 890 2935 est
912 2868 1003 2947 illud,
1035 2868 1121 2951 quod
1145 2873 1197 2935 est
1221 2869 1263 2935 ad
1285 2870 1400 2942 finem;
1431 2869 1493 2935 hoc
1517 2876 1639 2944 autem,
1666 2862 1692 2927 in

454 2976 612 3055 quantum
635 2973 827 3054 huiusmodi,
851 2976 952 3042 habet
974 2975 1137 3041 rationem
1162 2974 1246 3054 boni,
1272 2975 1359 3059 quod
1382 2975 1502 3042 dicitur
1525 2975 1639 3049 utile‘,
1661 2990 1693 3035 ac

454 3078 589 3162 proinde
612 3083 664 3147 est
690 3081 871 3159 ,obiectum
895 3080 1094 3165 appetitus“.
1126 3080 1234 3158 Quare
1258 3086 1292 3147 et
1308 3082 1445 3148 liberum
1462 3080 1635 3147 arbitrium
1650 3080 1693 3141 est

459 3186 662 3269 ,appet'tiva
673 3187 838 3270 potentia“
850 3189 877 3265 2;
894 3209 963 3266 seu,
981 3192 1018 3255 ut
1030 3188 1134 3253 fusius
1150 3188 1296 3273 explicat
1307 3188 1515 3255 saarestasa·
1535 3186 1695 3265 ,Libertas

453 3291 486 3357 in
510 3293 581 3357 sola
604 3292 776 3359 voluntate
799 3293 984 3359 formaliter
1005 3293 1157 3360 residet.“
1199 3292 1310 3377 Atque
1332 3294 1380 3361 ite
1403 3298 1493 3359 recle
1518 3314 1583 3357 non
1607 3288 1692 3357 intel-

453 3396 584 3477 lectum,
609 3398 668 3463 sed
692 3402 880 3465 volantatem
902 3398 1058 3467 libertate
1081 3399 1266 3485 praeditam
1291 3400 1437 3466 dicimus.

542 3502 658 3586 Neque
680 3508 791 3570 temen
813 3504 1068 3571 existimandum
1091 3508 1154 3571 cira
1178 3508 1335 3571 electivum
1358 3524 1477 3569 novam
1501 3502 1693 3571 constituere

455 3610 636 3693 potentiam
647 3610 811 3677 voluntati
823 3611 1069 3697 superadditam
1083 3612 1124 3677 ab
1137 3633 1241 3695 eaque
1252 3612 1386 3677 realiter
1396 3610 1596 3678 distinctam.
1620 3608 1693 3673 Eam

456 3738 541 3797 „tica
557 3737 621 3781 aesc
637 3718 737 3782 aliam
750 3720 924 3802 potentiam
940 3740 961 3781 a
976 3718 1154 3783 volantatc“
1174 3720 1207 3785 S.
1229 3718 1366 3783 Ummm
1381 3716 1431 3783 his
1449 3716 1548 3783 certia
1562 3712 1692 3800 psycho-

454 3821 569 3905 logicis
592 3822 774 3889 rationibus
797 3844 862 3888 non
885 3823 992 3889 minus
1016 3825 1188 3891 confirmat
1208 3844 1304 3906 quam
1322 3824 1484 3891 illustrat:
1513 3820 1694 3902 ,Potentiae
1749 3816 1750 3825 ’

455 3926 656 4012 appetitivas
689 3932 822 4013 oportet
851 3949 924 3995 esse
955 3929 1222 4014 proportionatae
1254 3928 1411 4013 potentiis
1443 3924 1691 4013 apprehensivis.

456 4033 546 4100 Sicut
569 4036 679 4099 autem
703 4056 745 4100 ex
768 4038 863 4119 parte
887 4034 1156 4121 apprehensionis
1178 4036 1402 4102 intellectivae
1417 4057 1453 4101 se
1469 4034 1591 4102 babent
1606 4030 1691 4099 intel·
1749 4020 1750 4115 l

455 4140 561 4207 lectus
590 4143 625 4206 et
647 4140 743 4219 ratio,
774 4140 822 4207 ita
846 4162 888 4206 ex
910 4146 1007 4225 parte
1031 4142 1200 4226 appetitus
1223 4141 1417 4209 intellectivi
1439 4162 1476 4207 se
1498 4142 1622 4208 habent
1641 4156 1691 4201 vo·

455 4245 565 4311 luntas
588 4250 623 4311 et
645 4245 783 4312 liberum
808 4248 990 4327 arbitrium,
1022 4249 1107 4331 quod
1131 4249 1210 4315 nihil
1234 4248 1323 4315 aliud
1347 4254 1397 4316 est
1421 4269 1518 4331 quam
1543 4248 1594 4313 vis
1617 4244 1690 4311 elec·

455 4350 534 4419 tiva.
566 4351 611 4417 ut
633 4351 695 4418 hoc
717 4357 811 4437 patet
834 4375 877 4419 ex
900 4354 1092 4422 hebitudine
1115 4358 1150 4421 et
1174 4356 1375 4422 obiectorum
1391 4358 1426 4423 et
1441 4360 1582 4422 actuum.
1615 4352 1689 4419 Nam
1749 4348 1750 4411 i

457 4458 631 4543 intellcpcre
650 4456 810 4543 importet
825 4458 1006 4542 simplicem
1024 4459 1249 4545 acceptionem
1265 4460 1402 4527 alicuius
1417 4460 1481 4543 rei;
1506 4460 1591 4526 unde
1606 4456 1689 4525 intel·

456 4562 522 4646 legi
551 4562 682 4647 proprie
712 4564 864 4631 dicuntur
891 4565 1062 4650 principia,
1094 4586 1178 4649 quae
1201 4567 1272 4633 sine
1295 4567 1470 4633 collatione
1492 4588 1550 4651 per
1573 4586 1609 4631 se
1631 4566 1692 4648 ipsa

455 4672 706 4751 cognoscuntur,
747 4671 948 4737 Ratiociaari
971 4675 1082 4738 eutem
1106 4674 1238 4758 proprie
1262 4678 1315 4741 est
1338 4672 1492 4739 devenire
1515 4694 1557 4739 ex
1580 4694 1642 4738 uno
1662 4670 1688 4733 iu
1749 4678 1750 4755 l

548 4880 555 4911 ¹
575 4878 601 4933 S.
621 4878 704 4934 theol.
724 4880 748 4944 1,
767 4897 793 4948 q.
813 4880 857 4945 83,
875 4898 899 4933 a.
920 4880 936 4934 3
956 4884 985 4934 et
1002 4883 1028 4935 4.
1137 4880 1205 4935 'lb
1225 4898 1249 4935 a.
1269 4882 1294 4935 3.

548 4966 731 5038 ⁸Metaphys.
751 4968 819 5038 disp.
841 4970 882 5033 19,
901 4973 967 5022 sect.
989 4970 1013 5034 5,
1032 4987 1059 5023 n.
1080 4969 1192 5024 11-18.
