3909 5842
690 660 731 715 De
752 661 899 732 ,principio
917 661 1106 717 moralitatis¹‘.
1460 666 1521 729 123

267 834 339 907 152.
430 834 602 908 scholium.
640 846 676 905 In
696 846 744 905 his
765 853 847 907 recte
868 849 1040 925 ceteroquin
1062 802 1194 908 sentiens
1217 847 1338 909 Grotius
1360 849 1437 920 (,De
1458 849 1522 909 iure

268 942 343 1001 belli
364 962 401 1001 aa
422 941 524 1019 pacis‘
547 944 566 1003 l.
584 945 610 1016 1,
633 964 657 1003 c.
674 946 700 1014 1,
723 946 739 1017 ἓ
757 946 806 1019 10)
827 964 881 1023 per
901 946 1163 1021 exaggerationem
1183 950 1284 1005 tamen
1305 965 1434 1005 errorem
1447 946 1523 1006 reri·

269 1040 328 1099 tati
357 1040 526 1101 admiscuit.
571 1042 610 1101 m
636 1060 709 1101 vero
738 1061 776 1101 ex
804 1042 986 1119 supradictis
1014 1042 1102 1103 facile
1132 1048 1256 1121 apparet
1282 1062 1377 1120 neque
1406 1062 1460 1120 per
1489 1063 1522 1103 se

269 1156 377 1196 verum
397 1157 494 1215 neque
514 1138 545 1197 in
566 1139 629 1198 suis
651 1140 872 1216 consequentiis
892 1140 1046 1199 innoxium
1069 1159 1144 1214 esse,
1167 1141 1244 1217 quod
1259 1141 1309 1200 ille
1324 1140 1382 1200 alio
1404 1141 1434 1200 in
1456 1142 1522 1201 loco

270 1234 406 1295 eiusdem
434 1236 533 1313 operis
554 1236 732 1313 (Prolegom.
755 1238 816 1310 11),
845 1238 969 1297 eandem
998 1238 1034 1297 de
1055 1238 1204 1297 actionum
1226 1238 1395 1298 moralitate
1417 1238 1522 1298 doctri·

269 1352 342 1400 nam
364 1334 527 1409 professus,
548 1334 663 1393 subdit:
686 1336 746 1411 ,m
765 1336 834 1393 baec
854 1337 970 1411 quidem
992 1336 1083 1395 locum
1103 1338 1229 1413 aliquem
1243 1337 1389 1413 haberem,
1410 1340 1523 1397 etiantsi

270 1432 422 1507 alermum,
452 1434 529 1508 qaod
548 1436 609 1491 eine
629 1452 742 1492 eamme
762 1434 863 1492 smlere
883 1434 953 1491 dari
972 1442 1102 1511 nequeat,
1122 1453 1179 1493 aaa
1201 1453 1259 1493 esee
1279 1434 1373 1494 Deum
1393 1443 1446 1493 aut
1466 1454 1522 1494 mon
1585 1468 1589 1473 ·

269 1531 378 1588 curari
403 1530 440 1588 ab
467 1549 497 1589 eo
523 1534 635 1608 capolia
655 1526 812 1590 humana.“
841 1558 880 1566 ·-
910 1530 1023 1601 Quibus
1044 1531 1159 1603 verbis,
1188 1536 1222 1591 ut
1242 1530 1374 1607 equidem
1397 1532 1523 1591 libenter

270 1626 424 1698 existimo,
453 1626 483 1685 id
510 1631 627 1686 tantum
648 1626 771 1687 Grotius
792 1627 926 1687 voluisse
954 1627 1053 1687 dicere
1074 1628 1207 1688 videtur:
1237 1634 1340 1688 nostra
1361 1628 1397 1688 de
1418 1630 1522 1689 morali

269 1722 426 1782 actionum
448 1723 618 1783 discrimine
631 1724 740 1783 iudicia
760 1725 805 1783 ita
825 1724 856 1783 in
877 1733 987 1785 actara
1007 1728 1146 1787 rationali
1166 1746 1233 1787 esec
1253 1726 1387 1797 fundata,
1409 1732 1450 1798 ut,
1466 1727 1522 1785 hac

270 1820 341 1879 sola
369 1821 524 1899 supposita
554 1828 585 1881 et
611 1822 643 1881 in
673 1842 729 1881 sua
755 1822 931 1898 integritate
959 1843 1024 1883 cum
1057 1824 1191 1885 omnibus
1221 1824 1283 1884 suis
1313 1824 1522 1883 essentialibus

269 1918 464 1994 respectibus
483 1919 677 1995 persistente,
699 1920 817 1979 etiamsi
838 1920 921 1979 Deus
942 1921 1177 1998 perabsurdum
1198 1922 1345 1997 cogitetur
1364 1942 1425 1981 non
1446 1941 1522 1993 esee,

270 2015 327 2073 illa
356 2021 457 2074 tamen
484 2036 625 2077 mansura
653 2024 755 2078 essent
781 2017 905 2077 intacta.
946 2019 1046 2094 Atque
1074 2018 1117 2078 its
1145 2024 1299 2096 acceptum
1319 2018 1391 2078 illud
1413 2018 1522 2078 dictum

270 2133 292 2171 a
313 2114 427 2186 multis,
448 2120 482 2173 ut
503 2115 615 2193 opinor,
638 2116 773 2175 severius
794 2116 972 2187 iudicatum,
994 2136 1054 2175 non
1076 2117 1153 2176 omni
1174 2117 1262 2194 plane
1283 2116 1410 2175 veritate
1432 2120 1522 2185 caret,

271 2216 423 2287 quatenus
446 2210 563 2271 scilicet
582 2211 692 2272 iudicia
712 2213 928 2288 intelleguntur
950 2234 1027 2273 mere
1047 2215 1220 2291 speculativa
1240 2214 1276 2272 de
1296 2214 1455 2273 honestate
1475 2212 1523 2271 vel

270 2310 479 2381 inhonestate3
508 2310 616 2369 falsum
644 2315 761 2383 tamen,
789 2331 971 2389 quacumque
992 2311 1110 2371 mitiore
1130 2312 1226 2371 forma
1247 2311 1447 2381 enuntiatum,
1477 2329 1523 2369 ea·

270 2413 365 2466 tenus
385 2412 448 2477 est,
476 2414 623 2483 quatenus
644 2415 763 2485 praeter
783 2409 978 2469 theoreticam
998 2408 1144 2469 rationem
1165 2409 1284 2469 honesti
1304 2408 1353 2468 vel
1373 2406 1522 2467 inhonesti

270 2504 355 2563 ratio
386 2524 502 2583 quoque
528 2508 706 2565 naturaliter
728 2510 877 2583 praecepti
905 2507 955 2565 vel
984 2510 1064 2567 vetiti
1094 2506 1307 2583 comprehensa
1339 2505 1523 2583 supponitur.

271 2602 435 2663 Vinculum
463 2605 541 2664 enim
569 2606 769 2684 abliqaticnie,
795 2611 828 2664 nt
855 2604 981 2664 inferius
1009 2605 1198 2675 ostendetur,
1227 2624 1322 2681 neque
1350 2624 1388 2664 ex
1415 2609 1523 2663 natura

271 2701 418 2761 rationali
437 2722 533 2778 neque
555 2722 593 2761 ex
612 2707 722 2761 natura
743 2708 862 2761 actuum
884 2704 987 2774 oritur,
1010 2703 1062 2761 sed
1084 2723 1101 2761 a
1121 2705 1264 2763 voluntate
1283 2704 1348 2777 Dei,
1368 2707 1456 2779 prout
1477 2706 1524 2761 est

271 2803 383 2858 auctor
408 2805 534 2859 naturae
562 2806 594 2860 et
620 2800 770 2859 hominum
797 2800 954 2875 legislator
976 2802 1113 2861 absolute
1134 2804 1265 2859 sanctus.
1307 2799 1364 2859 Sed
1385 2798 1523 2875 quidquid

272 2896 315 2955 sit
336 2897 373 2955 de
400 2896 467 2974 ipsa
488 2902 588 2957 mente
609 2897 724 2969 Grotii,
752 2899 858 2973 negari
877 2918 937 2957 non
958 2903 1059 2975 potest
1085 2898 1163 2957 idem
1194 2897 1304 2957 dictum
1325 2898 1411 2958 obvio
1432 2916 1521 2957 sensu

273 2999 435 3071 acceptum
464 3014 518 3071 per
548 3014 581 3055 se
610 2996 725 3054 semine
746 2996 890 3071 quaedam
912 2996 1065 3055 continere
1086 2994 1280 3054 maestissimi
1302 2993 1382 3055 illius
1403 2994 1521 3065 erroris,

272 3092 326 3167 qui
355 3093 419 3151 fere
440 3112 458 3151 a
477 3093 588 3152 Kantic
615 3112 728 3152 morum
757 3092 973 3171 philosophiam
1001 3097 1151 3169 tamquam
1172 3092 1355 3152 mortiferum
1377 3110 1523 3151 venenum

272 3188 399 3248 inficere
420 3190 535 3266 coepit,
565 3210 679 3250 omnem
701 3191 818 3251 scilicet
837 3191 1035 3251 moralitatem
1057 3209 1230 3267 omnemque
1251 3194 1332 3249 recte
1353 3189 1459 3265 agendi
1480 3208 1523 3248 re·

273 3286 388 3361 gulam,
408 3286 498 3346 immo
514 3287 610 3364 ipsam
630 3289 772 3349 moralem
793 3289 1013 3365 obligationem,
1035 3288 1132 3347 aDcc
1155 3294 1185 3345 et
1205 3287 1348 3363 religione
1369 3286 1522 3359 divellens,

273 3389 367 3460 atque
388 3403 406 3443 a
426 3384 491 3445 sala
511 3390 651 3462 repetens
671 3388 799 3447 hamana
820 3392 932 3447 ratione
946 3392 1095 3463 tamquam
1111 3405 1249 3463 suprema
1264 3390 1294 3443 et
1307 3384 1524 3461 independente

272 3482 426 3541 hominum
448 3482 641 3557 legislatrice.
677 3484 751 3544 Inde
772 3490 828 3557 est,
850 3486 927 3561 quod
948 3505 1001 3563 per
1022 3484 1140 3544 modum
1162 3482 1311 3543 corollarii
1332 3486 1424 3541 totam
1446 3482 1524 3541 deni·

274 3600 334 3656 que
355 3583 443 3639 eitam
470 3583 601 3641 socialem
631 3582 768 3642 similiter
789 3603 806 3641 a
828 3582 885 3642 Dei
913 3583 1058 3659 regimine
1080 3587 1110 3641 et
1131 3581 1209 3641 omni
1231 3580 1384 3657 religionis
1406 3580 1524 3639 vinculo

273 3678 306 3734 in
329 3676 394 3735 dies
416 3678 597 3755 emancipari
618 3678 762 3739 videmus.

346 3888 420 3972 53.
468 3890 525 3954 De
548 3889 717 3956 ratione
741 3890 991 3973 ontologica
1015 3889 1174 3955 interni
1198 3888 1459 3955 discriminis

309 3994 485 4061 moralis
509 3995 738 4074 actionum,
763 4017 836 4061 seu
860 3997 906 4062 de
935 3994 1166 4080 ,principio
1191 3995 1490 4063 moralitatis“.

276 4134 343 4207 lte.
436 4137 601 4219 Siquidem
623 4137 836 4203 intrinsecum
859 4158 932 4203 esse
947 4137 1121 4203 discrimen
1136 4137 1224 4202 inter
1238 4136 1412 4201 honestum
1428 4141 1462 4203 et
1477 4136 1526 4201 in·

276 4243 451 4308 honestum
479 4246 570 4309 certo
600 4248 741 4322 constat,
772 4265 837 4309 non
867 4244 975 4309 minus
1003 4247 1094 4309 certo
1119 4242 1339 4307 concludimus
1370 4262 1442 4308 esse
1466 4242 1526 4307 ali·

279 4370 379 4431 quam
402 4349 498 4414 huius
521 4350 717 4417 discriminis
740 4354 906 4434 rationem,
938 4372 1003 4415 non
1027 4348 1243 4415 subiectivam
1267 4352 1302 4415 et
1324 4348 1525 4427 variabilem,

278 4455 336 4521 sed
367 4454 563 4522 obiectivam
594 4477 652 4522 eeu
681 4460 887 4543 cntcloqicam
915 4466 942 4523 et
965 4456 1200 4533 invariabilem,
1228 4455 1406 4521 secundum
1429 4476 1525 4538 quam

279 4560 464 4629 actionibus
486 4562 670 4630 formaliter
694 4572 751 4629 aar
772 4563 929 4629 honestas
945 4571 1002 4629 act
1016 4562 1185 4647 turpitudo
1203 4570 1259 4627 aut
1274 4565 1436 4640 neutrum,
1460 4561 1480 4631 i.
1498 4582 1526 4627 e.

280 4668 307 4733 si
336 4689 398 4753 per
426 4690 462 4734 se
485 4672 687 4752 spectantur,
718 4668 939 4735 indifferentia
961 4668 1096 4734 moralis
1120 4666 1294 4735 convenire
1317 4688 1450 4733 necesse
1474 4667 1527 4735 sit.

283 4774 372 4840 Haec
402 4775 590 4857 ontologica
619 4778 654 4840 et
684 4774 832 4840 formalis
863 4774 949 4840 ratio
977 4774 1112 4840 moralis
1136 4773 1330 4839 discriminis
1353 4774 1528 4850 actionum,

283 4885 442 4961 quatenus
465 4882 526 4947 sub
548 4880 656 4946 forma
679 4880 817 4946 alicuius
841 4881 975 4963 regulae
999 4902 1057 4946 seu
1081 4880 1202 4948 criterii
1227 4880 1403 4963 antelogici
1427 4902 1527 4945 enun-

283 4986 393 5066 tiatur,
411 4986 511 5053 etiam
530 4990 745 5072 ,principium
760 4986 972 5054 encrclitatie“
988 4986 1247 5071 (Moralprinzip)
1261 5008 1281 5052 a
1293 4987 1529 5053 recentioribus
