3909 5842
496 707 537 762 De
555 705 769 778 imputabilitate
788 707 942 774 effectuum,
961 709 1010 777 qui
1028 724 1090 763 cum
1108 706 1216 762 notione
1234 708 1419 761 conectuntur.
1519 714 1581 778 175

323 884 491 952 omittere
506 883 613 964 debet,
631 883 747 968 quodsi
762 882 970 950 nihilominus
987 883 1153 962 admittat,
1169 881 1287 948 merito
1302 882 1384 948 illud
1398 885 1495 951 tibere
1509 889 1584 953 velte

325 993 507 1068 censatum
532 993 649 1056 contra
671 1011 736 1056 non
760 989 865 1056 omnis
888 991 1030 1068 bonitas,
1054 1011 1151 1074 quam
1176 989 1250 1072 quis
1271 989 1305 1054 in
1323 993 1400 1056 actu
1417 1012 1489 1058 ase
1511 1014 1584 1059 sue·

326 1096 485 1180 cipiendo
509 1098 655 1178 advertit,
680 1116 719 1162 eo
742 1096 813 1180 ipso
837 1095 938 1162 etiam
953 1095 1095 1180 positive
1110 1098 1206 1162 volito
1223 1095 1348 1162 censeri
1363 1099 1483 1180 potest,
1508 1098 1585 1181 quia

326 1202 415 1268 nibil
427 1203 573 1288 impedit,
590 1202 762 1287 quominus
777 1203 898 1268 intuitu
913 1203 989 1268 finis
1003 1201 1228 1286 principaliter
1242 1201 1361 1268 intenti
1376 1201 1467 1269 illam
1478 1206 1585 1271 toleret

327 1309 446 1392 potins
468 1313 527 1376 aut
548 1309 731 1394 permittat,
755 1329 852 1392 quam
870 1312 1006 1394 positive
1028 1308 1121 1376 velit.
1151 1307 1222 1374 Iam
1238 1327 1317 1374 voro
1333 1311 1585 1393 unumquodque

329 1413 527 1498 imputatur,
544 1415 723 1481 seeundum
735 1415 821 1498 quod
833 1419 885 1481 ast
897 1415 1082 1498 formaliter
1094 1415 1257 1481 obiectum
1268 1414 1392 1482 liberae
1407 1416 1582 1484 volitionis.

427 1519 485 1590 IV.
509 1521 650 1588 Fructus
673 1521 853 1601 naturales,
885 1522 940 1606 qui
969 1521 1260 1606 imputabilitatem
1291 1525 1385 1588 actim
1408 1523 1586 1589 secundum

334 1625 407 1692 eius
430 1627 692 1694 laudabilitatem
715 1628 769 1693 vel
793 1627 1053 1712 culpabilitatsm
1077 1631 1331 1710 consequuntur,
1360 1632 1453 1695 sunt:
1484 1631 1585 1696 aesti-

335 1733 440 1800 matio
469 1734 523 1800 vel
553 1737 826 1820 contemptus-
850 1735 923 1802 laus
954 1735 1008 1800 vel
1034 1734 1235 1819 vituperatio
1258 1773 1301 1783 —
1324 1735 1428 1801 honor
1450 1735 1504 1801 vel
1528 1736 1585 1800 de-

337 1837 497 1905 decus-
513 1839 618 1923 gloria
633 1841 686 1906 vel
702 1840 849 1912 infamia.
880 1841 984 1908 Immo
1004 1841 1077 1928 ipsa
1099 1841 1241 1908 actualis
1263 1841 1447 1926 imputatio,
1471 1845 1586 1926 utpote

338 1965 424 2029 qnae
456 1947 500 2012 sit
531 1947 683 2014 iudicium
713 1947 812 2014 alicui
842 1949 1026 2016 attribuens
1056 1951 1166 2015 actum
1188 1947 1359 2014 moraliter
1382 1948 1502 2014 bouum
1531 1949 1585 2014 vel

336 2053 471 2132 malum,
506 2052 769 2122 aestimationem
805 2055 859 2120 vol
891 2055 1168 2139 contemptionem
1197 2055 1268 2121 fere
1297 2055 1479 2120 iormediote
1508 2075 1585 2120 con·

338 2159 459 2238 stituit,
491 2181 576 2243 quae
604 2180 664 2244 pro
695 2160 789 2226 vario
813 2161 918 2244 greum
942 2165 977 2228 et
999 2182 1059 2246 pro
1083 2161 1278 2228 diversitate
1300 2165 1459 2227 externae
1481 2160 1585 2226 mani·

337 2265 527 2332 testationis
549 2269 627 2332 sunt
648 2265 753 2332 honor
775 2268 830 2332 vel
853 2267 1005 2346 dedecus,
1029 2267 1136 2351 gloria
1158 2268 1211 2333 vel
1235 2265 1380 2333 infamia.

339 2463 414 2548 §a
460 2465 518 2530 De
545 2463 897 2550 imputabilitate
925 2465 1175 2544 effectuum,
1205 2465 1273 2549 qui
1302 2486 1389 2532 cnm
1418 2465 1586 2532 actione

816 2577 1110 2640 conectuntur

340 2692 408 2765 198.
500 2695 531 2760 Α
554 2694 727 2761 voluntate
750 2695 853 2761 libera
876 2694 998 2777 aliquid
1021 2693 1164 2779 pendere
1186 2697 1298 2779 potest
1321 2694 1374 2760 vel
1391 2715 1455 2778 qna
1470 2695 1587 2761 volun·

339 2799 460 2866 tarium
485 2800 519 2866 in
541 2821 579 2866 se
601 2800 655 2866 vel
678 2822 745 2885 qua
767 2801 988 2867 voluntarium
1010 2801 1044 2867 iu
1068 2822 1168 2867 causa
1183 2801 1265 2886 (85).
1298 2801 1350 2868 Ad
1365 2802 1587 2868 voluntarium

341 2909 377 2972 et
398 2906 536 2973 liberum
560 2907 594 2972 in
617 2927 718 2974 causa
741 2928 800 2973 seu
822 2907 1017 2974 indirectum
1035 2907 1227 2992 plerumque
1243 2909 1342 2975 etiam
1358 2909 1476 2976 referri
1491 2909 1589 2975 debet

341 3013 385 3092 id,
416 3013 503 3098 quod
533 3035 606 3080 cum
637 3015 766 3081 actione
796 3013 897 3080 libere
929 3015 1034 3081 volita
1066 3015 1280 3100 praevidetur
1313 3016 1385 3082 fore
1417 3036 1587 3082 conexum.

341 3119 420 3185 Dixi
447 3119 695 3203 ,plerumque“;
719 3119 752 3186 id
769 3121 854 3186 enim
871 3141 935 3186 non
951 3121 1143 3206 simpliciter
1159 3125 1193 3187 et
1208 3144 1267 3206 pro
1284 3123 1372 3188 omni
1395 3142 1474 3188 casu
1497 3122 1588 3188 affir-

341 3225 426 3292 mari
448 3229 568 3310 potest,
592 3226 743 3293 sedtum
766 3225 881 3304 solum,
906 3249 978 3292 cum
1002 3249 1045 3293 ex
1067 3228 1141 3293 aliis
1163 3228 1303 3295 criteriis
1323 3229 1487 3306 voluntas,
1511 3227 1588 3293 dum

342 3331 553 3415 amplectitur
575 3331 707 3414 aliquod
723 3332 895 3412 obiectum,
919 3333 1161 3400 rationabiliter
1183 3334 1310 3400 censeri
1333 3334 1432 3400 debet
1452 3334 1588 3400 tendere

342 3437 452 3520 aliquo
475 3437 571 3504 modo
595 3438 691 3503 simul
715 3438 815 3504 etiam
838 3439 871 3503 in
894 3437 938 3514 id,
962 3438 1049 3520 qnod
1072 3459 1146 3504 cum
1166 3460 1204 3505 so
1220 3439 1295 3524 plns
1310 3439 1459 3506 minusve
1475 3459 1587 3506 neces·

343 3543 430 3609 sario
447 3543 638 3611 conectitur.
670 3543 740 3610 Iam
756 3565 836 3610 vero
852 3565 918 3609 non
933 3564 1011 3610 raro
1034 3545 1204 3628 contingit,
1228 3550 1267 3612 ut
1281 3547 1468 3614 rationabili
1486 3547 1588 3613 inter·

343 3651 530 3733 pretatione
557 3650 712 3716 voluntas
735 3670 942 3733 nequaquam
966 3652 1094 3716 censeri
1115 3653 1220 3736 possit
1250 3656 1395 3720 notitione
1425 3677 1484 3721 suu
1514 3659 1588 3722 ten·

344 3756 421 3822 dore
444 3757 477 3822 in
502 3776 597 3822 omne
620 3755 663 3836 id,
695 3757 780 3838 quod
811 3757 1112 3840 quomodocumque
1135 3780 1207 3824 cum
1236 3760 1306 3826 eius
1335 3760 1439 3829 libera
1461 3763 1590 3829 actione

344 3862 570 3946 coniungitur,
612 3863 741 3928 etiamsi
780 3867 949 3945 tamquam
981 3885 1054 3930 eum
1086 3885 1127 3930 ea
1156 3886 1315 3932 conexum
1345 3869 1589 3952 praevideatur.

343 3969 531 4052 Aliquando
555 3969 641 4036 enim
664 3989 729 4035 non
752 3973 821 4036 tam
844 3971 921 4036 uelle
943 3970 1103 4036 eiusmodi
1126 3972 1263 4038 effectus
1285 3975 1465 4057 praevisos,
1491 3998 1589 4060 quam

345 4097 401 4144 eos
424 4078 557 4162 tepitime
578 4078 759 4162 permittere
782 4077 919 4144 dicenda
941 4081 994 4144 est
1016 4081 1186 4160 tamquam
1209 4079 1250 4144 ab
1267 4080 1333 4145 alia
1348 4080 1474 4148 directa
1489 4103 1590 4148 causa

343 4182 496 4268 proxima
518 4183 589 4248 sive
613 4183 799 4250 necessaria
823 4183 893 4249 sive
916 4184 1021 4251 libera
1036 4185 1278 4268 provenientes.
1313 4187 1589 4254 Determinandae

344 4289 445 4372 igitur
468 4292 545 4355 sunt
564 4289 778 4369 condiciones,
803 4289 920 4374 quibus
942 4291 1013 4356 lieri
1036 4292 1151 4375 possit,
1176 4295 1213 4357 ut
1228 4293 1364 4358 effectus
1379 4293 1507 4375 aliquis,
1531 4301 1590 4362 aut

345 4393 590 4477 qualiscumque
614 4395 680 4462 alia
702 4396 837 4478 sequela
860 4417 932 4463 cum
952 4397 1082 4464 actione
1104 4398 1208 4464 libera
1230 4419 1366 4477 conexa,
1390 4399 1432 4464 ab
1447 4400 1589 4484 imputa·

344 4501 473 4568 bilitate
497 4500 670 4570 eximatur.

434 4607 479 4674 Et
502 4607 630 4689 quidem
655 4607 697 4674 ad
721 4609 858 4674 effectus
881 4610 985 4676 bonos
1007 4609 1090 4676 haec
1113 4610 1262 4694 quaestio
1285 4612 1430 4695 practice
1453 4633 1520 4678 non
1537 4634 1590 4679 re-

344 4713 460 4794 fertur,
485 4735 557 4780 oum
580 4715 661 4780 nihil
683 4715 850 4801 impediat,
875 4717 1047 4800 quominus
1071 4717 1225 4783 voluntas
1248 4721 1367 4784 cuncta
1386 4719 1481 4796 bona,
1506 4740 1590 4802 quae

346 4821 454 4904 aliquo
484 4821 581 4888 modo
612 4822 772 4888 actionem
806 4827 1059 4906 consequuntur,
1089 4823 1275 4889 formaliter
1303 4825 1401 4890 simul
1431 4847 1503 4891 cum
1533 4827 1591 4893 illa

345 4925 496 4992 intendat
525 4927 650 5010 sibique
680 4928 886 5012 imputabilia
915 4929 1029 4996 faciat.
1075 4930 1200 4996 Eadem
1229 4933 1339 4996 autem
1369 4951 1462 4996 nsum
1491 4932 1592 4998 habet

345 5053 448 5118 prope
485 5033 684 5100 cotidianum
721 5056 760 5102 ac
799 5056 899 5120 saepe
935 5036 1167 5119 gravissimum
1198 5035 1285 5103 circa
1314 5038 1452 5103 effectus
1481 5041 1591 5106 rooba.
