3909 5842
442 671 507 735 346
706 667 795 722 Sectio
815 669 849 723 II.
887 667 968 723 Liber
989 669 1010 722 Ι.
1048 668 1137 739 Caput
1155 669 1189 722 n.
1226 669 1368 725 monins
1385 672 1414 726 3.

439 847 527 914 inter
550 847 715 912 dominum
738 851 773 913 et
795 869 910 914 servos
933 869 991 914 seu
1015 849 1157 915 famulos
1178 850 1338 932 exsurgit,
1363 850 1421 932 qui
1437 851 1489 915 ad
1510 850 1706 934 praestana

439 954 488 1020 rei
511 951 710 1020 domesticae
733 973 834 1037 opera
857 953 1094 1023 adsciscuntur.
1125 956 1218 1021 Haec
1240 955 1306 1021 tria
1328 956 1509 1054 elementa
1538 977 1588 1021 ex
1611 960 1706 1020 ments

440 1065 589 1127 veterum
613 1061 794 1144 completam
815 1061 979 1143 familiam
1002 1063 1217 1130 constituunt.

529 1155 721 1249 Conidgium
744 1167 939 1252 (coniugalis
963 1171 1120 1252 societas)
1143 1175 1235 1237 recte
1257 1170 1430 1236 definitur:
1467 1173 1707 1238 stabilisse

440 1277 559 1342 iunctio
593 1275 733 1339 duarum
762 1297 971 1360 personarum
1001 1299 1095 1343 aenas
1120 1280 1240 1343 diversi
1263 1279 1308 1343 ad
1329 1280 1451 1362 prolem
1477 1279 1705 1362 qenerandos

440 1385 560 1467 riteque
584 1379 786 1446 educandam
809 1385 944 1467 topi-time
966 1385 1060 1450 inita.
1094 1384 1186 1450 Haec
1202 1404 1274 1450 cum
1290 1384 1335 1451 sit
1350 1389 1559 1451 ceterarum
1577 1383 1707 1468 primum

441 1493 475 1556 ot
498 1491 661 1554 essentiale
683 1487 941 1572 fundamentum,
966 1489 1065 1556 etiam
1090 1510 1149 1574 per
1171 1511 1207 1555 se
1230 1491 1303 1556 sola
1324 1490 1495 1556 interdum
1527 1489 1708 1556 domesticu

441 1595 583 1662 societas
607 1595 735 1672 dicitur,
759 1594 802 1659 ad
825 1615 922 1677 quam
946 1595 1128 1679 parentalis
1151 1596 1269 1663 relatio
1291 1599 1460 1679 tamquam
1478 1598 1633 1679 fractus
1647 1619 1708 1660 ror

441 1704 604 1768 naturalis
627 1699 772 1777 accedit;
796 1699 909 1766 herilis
933 1721 1023 1780 vero,
1048 1702 1199 1784 quamvis
1222 1722 1310 1767 nexu
1333 1702 1441 1766 minus
1464 1703 1669 1770 intrinseco
1683 1718 1705 1763 a

440 1807 637 1886 necessario,
662 1809 703 1872 ad
721 1807 791 1872 eius
810 1811 993 1874 naturalem
1008 1816 1114 1874 tamea
1129 1811 1340 1894 intepuitatem
1356 1809 1520 1892 pertinet.
1565 1807 1706 1873 Probata

440 1914 541 1998 igitur
564 1914 707 1980 natarali
731 1913 938 1980 institutione
961 1917 1086 1980 statilia
1109 1918 1249 2001 coniuqii
1273 1915 1388 1979 eadem
1412 1915 1600 1980 naturalis
1625 1913 1706 1994 origo

441 2021 583 2087 mediate
607 2021 647 2086 ad
669 2021 832 2103 familiam
856 2028 953 2086 totam
977 2020 1157 2087 derivatur.

441 2159 511 2231 4⁰6.
603 2161 754 2226 Ceterum
771 2160 813 2226 ad
829 2182 898 2226 rem
914 2161 1002 2226 haud
1018 2163 1239 2228 necessarium
1256 2183 1329 2228 esse
1345 2160 1508 2237 ducimus,
1536 2184 1588 2227 sa
1605 2163 1703 2227 omnia

441 2267 493 2333 hic
515 2267 650 2345 referre,
677 2289 761 2350 quae
784 2268 871 2333 falsa
895 2271 929 2333 et
951 2268 1068 2352 putida
1091 2269 1146 2334 vel
1168 2269 1202 2333 in
1217 2268 1362 2333 moribus
1378 2268 1590 2352 populorum
1609 2270 1664 2333 vet
1679 2269 1704 2331 io

441 2373 572 2457 placitis
601 2373 867 2458 philosophorum
902 2375 972 2440 sive
1007 2374 1047 2439 de
1078 2373 1204 2457 origine
1234 2375 1306 2440 sive
1334 2374 1375 2440 de
1405 2373 1520 2439 indole
1556 2375 1702 2442 santiliae

441 2501 599 2564 expressa
629 2480 850 2546 inveniuntur.
898 2481 990 2546 Haec
1019 2481 1129 2564 potius
1159 2481 1342 2563 generatim
1373 2486 1509 2546 notasse
1536 2484 1702 2548 sufficiet:

440 2587 504 2652 Pro
530 2585 649 2669 duplici
672 2586 896 2664 fundamento,
922 2609 985 2670 quo
1009 2587 1066 2653 illa
1089 2587 1123 2652 in
1146 2592 1266 2654 natura
1290 2587 1429 2652 hominis
1449 2588 1609 2655 radicem
1628 2589 1700 2672 agir.

437 2694 569 2778 physico
593 2693 719 2758 scilicet
742 2699 776 2759 et
799 2697 924 2776 rporali,
950 2695 1076 2760 duabus
1095 2694 1298 2778 potissimum
1315 2694 1498 2759 rationibus
1515 2716 1540 2760 a
1556 2697 1700 2761 veritate

442 2797 630 2865 aberratum
654 2803 714 2864 est.
762 2799 938 2866 Enimvero
962 2801 1148 2883 coniugium
1171 2801 1268 2866 modo
1291 2804 1329 2866 ut
1351 2821 1476 2865 meram
1504 2805 1699 2878 „sexnalen

441 2903 674 2982 functionem“‚
698 2905 793 2971 modo
818 2911 854 2971 ut
877 2906 1020 2990 speciem
1043 2907 1187 2989 aliquam
1215 2909 1440 2984 „contractus“
1468 2909 1699 2974 communibus

441 3010 536 3076 huius
569 3010 811 3078 condicionibus
844 3013 1021 3078 obnoxium
1054 3013 1295 3078 consideratum
1324 3012 1484 3078 videmus.
1535 3015 1695 3102 Aprica

441 3117 499 3182 illa
523 3117 665 3200 coniugii
689 3118 917 3184 aestimatione
942 3121 1041 3202 longa
1062 3119 1163 3185 series
1178 3119 1629 3203 pseudo-philosophicarum
1647 3123 1698 3189 ad·

441 3225 666 3290 inventionum
697 3225 835 3308 prodiit,
872 3225 989 3308 quibus
1024 3226 1121 3290 homo
1154 3225 1326 3290 rationalis
1358 3225 1464 3291 brutis
1497 3228 1697 3294 animalibus
1749 3290 1750 3309 q

442 3331 653 3406 assimilatur,
672 3335 706 3397 et
722 3331 838 3414 quibus
853 3337 968 3398 nostra
986 3336 1098 3398 aetate
1112 3332 1349 3398 Darwinismus
1364 3353 1486 3398 novum
1502 3355 1694 3402 succursum

442 3438 565 3504 attulit.
613 3441 725 3503 Altera
750 3443 860 3504 autem
885 3438 995 3522 opinio
1019 3439 1179 3507 indirecte
1202 3438 1331 3522 quidem
1356 3440 1399 3504 ad
1422 3439 1549 3506 similes
1570 3443 1695 3509 fructus

442 3543 603 3622 conducit,
621 3544 787 3609 hominum
804 3545 940 3611 arbitrio
960 3551 995 3612 et
1010 3546 1228 3612 vicissitudini
1244 3545 1459 3631 cupiditatum
1476 3550 1609 3614 temere
1623 3571 1694 3634 per·

442 3650 587 3728 mittens,
619 3651 704 3732 quod
735 3653 848 3718 stabile
879 3661 1072 3718 deauratum
1096 3661 1216 3718 notura
1241 3655 1387 3718 instituet.
1434 3651 1587 3719 Tametsi
1611 3654 1693 3720 enin
1749 3714 1750 3721 ,

443 3757 627 3838 coniugium
651 3757 779 3822 nonnisi
803 3762 916 3825 mutuo
932 3759 1036 3824 libero
1052 3781 1212 3825 consensu
1229 3759 1402 3841 coniugum
1417 3759 1568 3842 legitime
1584 3761 1692 3828 initur.
1749 3788 1750 3803 ¹

443 3863 574 3930 minime
604 3869 714 3930 tamen
746 3864 822 3930 hinc
852 3865 972 3930 inferre
1004 3867 1091 3947 licet,
1124 3867 1229 3949 ipsum
1261 3865 1373 3931 liberis
1401 3865 1569 3930 hominum
1600 3867 1693 3932 insti·

1749 3316 1751 3451 1

1749 3528 1751 3621 1

443 3969 625 4038 tutioribus
656 3971 829 4053 coaequari
860 3975 919 4038 aut
949 3975 1155 4038 contractum
1186 3993 1258 4037 esse
1288 3973 1395 4057 quoad
1418 3973 1633 4038 substantiam
1657 3975 1692 4038 ti·
1749 3996 1750 3999 ¹

443 4080 566 4154 berum,
591 4078 680 4144 cuius
698 4079 891 4145 essentiales
908 4079 1114 4145 condiciones
1131 4082 1165 4144 et
1181 4079 1399 4161 obligationes
1414 4077 1518 4142 veluti
1534 4080 1692 4161 pactitiac

442 4185 580 4252 arbitrio
603 4189 638 4251 et
661 4207 820 4251 consensu
845 4186 1109 4252 contrahentium
1132 4185 1290 4252 nitantur.
1336 4184 1462 4268 Quippe
1484 4183 1519 4248 in
1542 4185 1691 4267 coniugio

442 4293 528 4358 ratio
558 4295 696 4358 instituti
725 4315 797 4358 cere
827 4297 989 4359 palmulis
1020 4296 1055 4359 et
1084 4293 1116 4356 in
1148 4312 1209 4356 sua
1243 4290 1352 4374 specie
1384 4289 1483 4374 plane
1515 4291 1689 4356 necessarii

443 4421 516 4463 cnm
545 4397 653 4462 indole
684 4397 852 4465 societatis
882 4401 917 4464 in
945 4400 1113 4464 indiuiduo
1136 4397 1269 4474 liberae,
1300 4395 1322 4462 i.
1347 4415 1374 4461 e.
1400 4415 1486 4476 quae
1508 4393 1610 4478 ipsius
1634 4418 1689 4461 na·

442 4510 537 4570 turae
567 4505 667 4570 ductu
697 4506 795 4570 libero
826 4527 979 4571 consensa
1009 4507 1123 4587 iattm,
1155 4501 1304 4587 perfecte
1334 4500 1539 4567 conciliatur.
1585 4501 1629 4567 Et
1652 4523 1688 4567 eo

443 4609 571 4694 quidem
604 4611 700 4676 modo
730 4610 916 4676 scholastici
950 4631 1063 4676 omnes
1097 4611 1179 4675 duce
1209 4610 1242 4676 S.
1278 4608 1418 4674 Thoma¹
1448 4607 1686 4674 matrimonium

442 4716 630 4782 institutum
653 4721 805 4783 maturate
828 4717 1069 4801 praedicarunt,
1094 4715 1146 4781 cni
1168 4715 1261 4800 proin
1285 4719 1320 4782 et
1334 4713 1478 4798 speciale
1493 4713 1624 4795 aliquod
1641 4717 1687 4778 ius

537 4919 630 4972 ¹Sent.
650 4920 675 4984 4,
696 4918 757 4972 dist.
778 4917 820 4980 26,
840 4935 865 4985 q.
888 4917 910 4978 1,
930 4933 954 4970 a.
977 4917 1005 4978 1;
1032 4914 1058 4969 S.
1078 4914 1161 4968 theol.
1180 4915 1206 4979 3,
1226 4933 1250 4984 p.
1269 4913 1359 4984 suppl.
1378 4930 1404 4982 q.
1423 4913 1468 4977 41,
1488 4929 1514 4966 a.
1535 4914 1564 4976 1;
1590 4911 1684 4965 Contra

444 5007 524 5062 Geni.
545 5009 568 5072 3,
590 5007 648 5062 123.
