3909 5842
442 683 484 747 32
674 677 764 732 Sectio
783 678 804 731 l.
841 676 923 731 Liber
940 678 961 732 l.
999 678 1089 749 Caput
1107 678 1140 731 ll.
1178 678 1319 732 Articulus
1340 680 1362 732 l.
1400 678 1460 747 52.

438 874 547 932 pnsum
572 852 759 913 insensibili
787 854 944 913 harmonia
971 853 1056 931 quasi
1084 855 1293 931 resplendens,
1322 852 1430 913 dicitur
1458 860 1492 913 et
1513 852 1564 915 ,cui
1589 854 1670 930 opinio

441 954 570 1012 ltatonia
591 970 755 1027 congruere
775 952 893 1011 videtur
902 956 921 1011 ¹.

530 1051 628 1126 Atque
649 1050 693 1109 ita
714 1049 831 1125 quidem
852 1048 1048 1108 determinato
1071 1048 1373 1137 obiectc'iormaliter
1393 1050 1515 1127 proprio
1537 1048 1673 1108 rationalis

441 1150 617 1225 repetitionis,
639 1166 676 1206 ee
695 1148 761 1223 ipso
782 1150 965 1225 appetitionis
986 1166 1101 1223 quoque
1120 1147 1277 1207 rationalis
1299 1147 1447 1207 obiectum
1468 1146 1673 1223 propriumne

441 1246 547 1305 vimus.
588 1245 742 1315 Quatenus
763 1246 839 1304 enim
865 1246 1008 1317 „rationis
1030 1246 1180 1323 proprium
1202 1250 1249 1304 est
1269 1266 1431 1323 mpacecere
1451 1245 1615 1309 ordinem‘.
1639 1262 1675 1302 aa·

441 1349 529 1403 tenus
557 1342 647 1403 stiam
675 1342 851 1420 appetitioni
872 1342 1012 1401 rationali
1040 1350 1073 1402 ut
1093 1342 1147 1402 tali
1168 1343 1319 1420 proprium
1340 1343 1531 1413 catamare
1552 1341 1676 1400 ordinem.

443 1446 473 1501 et
494 1441 609 1517 quidem
631 1447 780 1516 tamquam
801 1443 910 1499 bonum
930 1442 1071 1517 fatuata,
1099 1440 1118 1501 i.
1140 1460 1165 1500 e.
1186 1448 1313 1500 naturae
1333 1440 1473 1500 rationali
1495 1459 1554 1517 per
1574 1458 1606 1497 se
1624 1458 1678 1497 con·

442 1540 567 1598 veniens
584 1546 615 1597 et
627 1543 740 1599 ratione
752 1542 802 1598 aui
814 1540 936 1599 amatio
945 1542 963 1598 ².
993 1538 1085 1615 quue
1099 1558 1206 1597 revera
1219 1538 1263 1597 ita
1278 1558 1345 1598 esse
1366 1538 1558 1615 experientia
1571 1536 1679 1614 psyche

441 1636 539 1712 logica
559 1640 696 1695 testatur.
738 1635 811 1693 Inde
832 1634 973 1694 videlicet
993 1635 1042 1707 iit,
1072 1636 1149 1712 quod
1170 1637 1320 1696 abiectioris
1340 1636 1388 1695 iile
1409 1634 1496 1707 crdo,
1528 1653 1616 1711 quam
1633 1633 1679 1709 pri·

442 1753 520 1793 mum
540 1734 627 1793 nobis
648 1734 713 1792 sive
733 1733 764 1792 in
785 1736 901 1793 honeao
921 1734 986 1792 sive
1007 1734 1038 1792 in
1058 1754 1123 1793 cero
1144 1733 1260 1793 sivein
1275 1736 1400 1811 pulchro
1421 1736 1618 1801 obversatur,
1639 1750 1681 1807 per

442 1851 475 1891 se
497 1838 527 1890 et
547 1834 660 1891 ratione
679 1832 728 1889 eui
748 1830 894 1907 quandam
915 1830 1150 1890 satisfactionem
1167 1839 1197 1891 et
1212 1831 1455 1909 complacentiam
1469 1830 1563 1908 parit,
1586 1836 1616 1889 et
1628 1848 1680 1886 esu

442 1927 558 2006 quidem
580 1928 736 2003 analogum
758 1927 874 1986 obiecto
895 1928 1056 1985 secundum
1078 1927 1187 1987 trinam
1206 1926 1286 1987 illam
1301 1928 1514 2005 proprietatem
1531 1924 1681 1987 formalem.

442 2026 488 2085 De
508 2026 634 2085 honeste
656 2025 763 2102 quippe
778 2030 808 2083 et
823 2025 859 2083 de
872 2044 945 2083 vero
960 2024 1207 2101 complacentiam
1221 2046 1298 2085 mere
1311 2027 1504 2105 spiritualem,
1526 2026 1564 2083 de
1572 2025 1682 2101 paulu

442 2124 555 2203 pariter
575 2124 690 2200 quidem
712 2124 907 2201 spiritualem,
929 2124 1056 2183 sednon
1072 2122 1137 2182 sine
1152 2124 1340 2200 sympathica
1354 2124 1589 2201 participatione
1603 2122 1682 2181 sensi·

441 2221 524 2281 tirae
544 2222 641 2299 partis
662 2220 753 2281 animi
775 2220 1033 2298 (complacentiam
1055 2222 1248 2295 aastheticom)
1271 2222 1445 2299 experimur.

531 2320 637 2395 Itaque
664 2318 742 2377 idem
762 2318 909 2379 obiectum
929 2318 1078 2378 rationale
1094 2340 1150 2396 por
1172 2339 1202 2379 ee
1223 2339 1400 2395 congruum,
1428 2324 1460 2379 ia
1480 2340 1511 2379 ae
1532 2321 1641 2377 bonum
1660 2322 1683 2374 et

443 2416 586 2487 amabile,
614 2418 856 2493 quemadmodum
877 2436 931 2493 per
951 2418 1123 2477 intellectum
1144 2417 1359 2495 speculativum
1382 2424 1412 2477 et
1432 2418 1600 2494 practicam
1622 2423 1682 2474 tam

442 2532 530 2590 quam
556 2533 655 2573 oerum
682 2518 713 2572 et
738 2515 888 2573 honestum
917 2514 1108 2589 cognoscitur
1138 2518 1169 2573 et
1199 2512 1347 2590 spirituali
1378 2514 1600 2591 complacentia
1628 2530 1682 2589 pos·

443 2610 573 2679 sidetur,·
587 2610 631 2669 its
644 2612 852 2687 perhominem
872 2614 1028 2687 tritomum,
1049 2610 1067 2669 i.
1083 2630 1105 2669 e.
1129 2611 1291 2669 secundum
1308 2613 1458 2689 physicam
1478 2615 1622 2671 animan
1641 2628 1683 2667 no·

443 2718 527 2768 turca
553 2710 867 2783 seneitioorationalib,
894 2713 1044 2784 tamquam
1071 2710 1225 2785 prdohrmn
1253 2709 1430 2786 percipitur;
1459 2715 1642 2787 quapropter
1659 2706 1683 2764 iu

443 2806 546 2866 eodem
567 2814 642 2866 totae
661 2806 748 2866 homo
770 2804 932 2877 consimili,
960 2826 1066 2883 nempe
1093 2806 1390 2883 sanitiooaationali,
1417 2806 1682 2885 complacentiam

442 2904 584 2963 fruitione
605 2902 739 2981 quiescit.

534 3000 703 3059 Notandum
730 3005 831 3059 tamen
859 2998 1009 3059 notionem
1031 3002 1150 3077 pulchri
1178 3000 1263 3059 modo
1292 3002 1458 3077 expositam
1486 3002 1518 3059 in
1549 3004 1616 3061 sola
1642 3018 1682 3059 er·

443 3096 591 3175 parientia
610 3099 739 3156 humana
760 3096 889 3166 fundari,
914 3096 1103 3173 ‚pulchrum‘
1120 3095 1212 3172 igitur
1226 3098 1268 3157 ita
1283 3096 1435 3157 definitum
1450 3098 1568 3157 censeri
1590 3095 1684 3156 merito

443 3213 531 3271 posse
551 3196 695 3253 humanos
715 3193 958 3271 contemplationi
979 3196 1105 3270 specifice
1124 3197 1295 3271 proprium,
1322 3200 1424 3270 utpote
1446 3194 1493 3253 cui
1515 3195 1574 3254 soli
1594 3195 1625 3253 iu
1645 3192 1684 3251 his

443 3291 532 3351 terris
546 3290 724 3351 naturaliter
738 3291 881 3368 competit
893 3291 1091 3369 apprehensio
1105 3296 1411 3354 sensitiva-rationalia.
1432 3322 1471 3334 ·-
1492 3291 1684 3353 Nihilominus

443 3394 547 3465 aperte
574 3407 647 3447 sane
675 3393 805 3460 erraret,
835 3388 884 3465 qui
912 3390 982 3449 hinc
1011 3388 1186 3448 concludere
1207 3389 1345 3461 auderet,
1373 3390 1599 3466 intellegentias
1626 3390 1683 3448 sub·

442 3486 567 3545 limioris
581 3484 694 3545 ordinis
708 3505 762 3545 seu
775 3491 901 3545 naturae
909 3507 987 3563 pare
1000 3489 1165 3565 spiritualis
1179 3506 1197 3545 a
1212 3487 1350 3547 fruitione
1364 3487 1596 3564 pulchritudinis
1610 3492 1685 3546 natu·

442 3584 547 3643 naliter
568 3584 702 3655 excludi,
734 3602 800 3642 cum
821 3590 908 3643 extra
930 3584 1048 3643 dubium
1071 3584 1199 3661 positum
1221 3586 1262 3645 sit
1289 3584 1435 3645 obiective
1456 3586 1612 3662 pulchrum
1633 3582 1683 3653 (sin

442 3681 539 3740 minus
567 3700 625 3757 que
651 3687 785 3741 nostrum
811 3682 883 3741 illud
902 3684 1056 3758 farinate),
1084 3688 1164 3741 certe
1186 3687 1285 3741 tamen
1306 3702 1364 3759 qua
1384 3682 1539 3759 pulchrum
1559 3682 1684 3748 virtuale,

443 3780 559 3839 cunctis
579 3778 639 3838 illis
653 3780 836 3840 felicioribus
851 3781 1000 3840 mentibus
1015 3800 1069 3859 ops
1084 3780 1265 3855 cognitionis
1280 3780 1443 3858 spiritualis
1458 3782 1593 3859 perfecta
1607 3777 1683 3839 clari·
1713 3848 1720 3867 ·

441 3884 515 3949 tate,
536 3877 624 3937 immo
646 3879 841 3939 eminentiore
861 3880 957 3950 modo,
979 3880 1140 3939 obversari.

532 3974 668 4035 Ceterum
690 3981 886 4053 opportunum
908 3976 944 4035 de
965 3976 1076 4035 haere
1098 3974 1217 4035 luminis
1240 3982 1428 4055 augmentum
1444 3976 1546 4035 attulit
1565 3978 1683 4053 defieritio

436 4075 556 4151 prthhri
576 4095 595 4134 a
615 4074 647 4133 P.
669 4073 704 4134 G.
727 4074 885 4134 Gietmauu
906 4074 1075 4152 proposita:
1101 4073 1175 4147 „Die
1190 4070 1353 4133 Schhnheit
1373 4074 1412 4133 im
1433 4073 1629 4149 allgemeinen
1648 4072 1683 4131 ist

504 4184 730 4191 --—.—----.-
745 4184 756 4190 ⁴

441 4184 553 4284 tudinis,
573 4224 606 4276 de
628 4224 846 4287 „consonantia¹,
866 4223 957 4276 docet:
988 4220 1114 4287 ‚Omnia
1135 4238 1217 4290 quae,
1237 4222 1472 4291 qualitercumque
1490 4222 1524 4276 ad
1544 4238 1681 4277 consensu

442 4312 508 4365 tiam
534 4312 686 4381 pertinent,
710 4330 744 4365 ex
771 4310 864 4364 divina
889 4310 1090 4380 pulchritudine
1110 4310 1278 4381 procedunt.
1293 4352 1319 4364 ..
1340 4314 1368 4364 et
1385 4310 1580 4365 universaliter
1598 4325 1681 4365 omnes

442 4404 583 4453 creaturae
602 4404 848 4469 quantamcumque
866 4400 991 4453 unionem
1014 4398 1206 4467 (harmoniam)
1220 4398 1323 4453 hahent
1340 4416 1375 4453 ex
1388 4400 1491 4453 virtute
1509 4399 1638 4470 pulchri*
1653 4428 1679 4439 -

414 4520 420 4529 ·
444 4487 513 4541 Hinc
532 4492 560 4542 at
579 4488 643 4542 alibi
661 4488 804 4558 pulchrum
824 4488 850 4541 in
870 4489 1005 4543 creaturis
1024 4488 1080 4543 aS.
1093 4487 1209 4543 Doctore
1222 4494 1337 4543 suatur
1352 4488 1570 4558 „resplendentia
1588 4488 1680 4543 formae

442 4593 525 4646 super
549 4580 643 4646 partes
667 4576 799 4631 materiae
824 4576 1042 4647 proportionatae
1060 4576 1105 4631 vel
1131 4594 1213 4648 super
1237 4576 1361 4631 diversas
1386 4576 1460 4631 vires
1479 4577 1525 4631 vel
1543 4574 1677 4632 actiones*
1753 4580 1754 4607 l

443 4664 484 4718 Cf.
504 4666 585 4719 etiam
608 4666 698 4734 Valla,
717 4664 807 4719 L'idte
826 4666 862 4719 du
880 4665 950 4719 beau
969 4664 1037 4719 dans
1057 4666 1084 4720 la
1103 4663 1271 4737 philosophie
1290 4664 1324 4719 de
1342 4664 1552 4720 SaintThomas
1565 4663 1679 4734 d’Aquin.

442 4752 667 4892 pmiiiirioa.
687 4838 768 4909 Hipp.
794 4838 881 4893 maior
906 4844 934 4893 st
958 4839 1101 4894 Phaedrus
1121 4838 1220 4911 (‚.lispl
1245 4844 1292 4893 τοῦ
1310 4838 1442 4907 aaloi“);
1470 4840 1580 4911 litatyl.
1598 4836 1678 4909 Steph.

522 4926 582 4980 ——d.

441 4926 543 5047 41⁶¹).
563 5016 603 5069 Cf.
622 5018 651 5070 J.
671 5018 840 5084 Junprnann,
859 5003 989 5069 isthetik
1010 5016 1104 5083 (1884)
1124 5032 1150 5069 n.
1171 5016 1205 5070 74
1218 5032 1278 5085 sqq,
1298 5032 1323 5085 p.
1343 5016 1377 5070 87
1391 5032 1452 5085 sqq.
