3909 5842
573 713 613 767 De
631 711 751 768 naturali
769 711 887 767 hominis
905 712 1059 767 socialitate
1077 712 1104 766 in
1123 700 1240 780 generes
1459 715 1524 779 343

366 891 426 956 His
450 891 599 956 omnibus
622 891 873 976 cooperantibus
896 895 1037 958 naturae
1060 890 1231 956 elementis
1253 890 1325 956 fieri
1347 892 1445 974 plane
1468 911 1526 956 ne·

275 1017 368 1062 cesse
392 1000 452 1074 est,
481 1001 518 1064 ut
540 998 687 1064 homines
710 1002 843 1082 praeter
866 996 1182 1064 universalissimum
1204 996 1326 1062 sociale
1349 996 1525 1074 vinculum,

276 1126 341 1186 quo
363 1104 430 1171 iam
446 1126 505 1188 pro
520 1105 652 1188 generis
667 1103 796 1170 unitate
813 1105 975 1170 coniuncti
993 1107 1079 1182 sunt,
1104 1103 1146 1168 ad
1157 1103 1379 1186 particulares
1393 1102 1527 1186 insuper

274 1210 363 1277 inter
385 1232 421 1276 se
444 1211 621 1278 pectendos
645 1211 786 1276 morales
810 1232 924 1290 nexus,
949 1211 1097 1292 adeoque
1120 1212 1165 1275 ool
1187 1213 1286 1275 citam
1302 1210 1460 1294 accedam
1475 1231 1525 1274 ao·

273 1321 385 1396 etatem
410 1318 590 1384 efficaciter
613 1318 860 1402 compellantur.

364 1464 523 1538 Probatur
544 1463 595 1536 11⁰,
628 1467 751 1534 Eadem
768 1473 908 1534 naturae
924 1467 1056 1533 socialis
1072 1467 1228 1546 efficacia,
1254 1487 1338 1549 quae
1352 1467 1525 1532 ratiocinio

272 1574 307 1638 in
332 1577 538 1640 antecessum
562 1575 748 1641 necessaria
767 1595 839 1640 esse
855 1573 1069 1656 intellegitur,
1094 1595 1154 1656 per
1172 1575 1444 1659 anthropotoqiom
1461 1595 1524 1638 em·

272 1683 412 1765 piriccm
435 1681 558 1748 invicte
583 1683 804 1748 confirmatur.
844 1680 969 1745 Nullibi
993 1680 1079 1744 enim
1103 1684 1137 1746 et
1152 1700 1330 1762 numquam
1345 1699 1449 1762 genus
1464 1679 1524 1744 hu·

273 1805 407 1851 manum
438 1792 497 1854 aut
526 1789 636 1872 aliqua
666 1789 736 1854 eius
766 1809 844 1872 pars
871 1787 905 1852 in
927 1786 979 1852 his
1002 1786 1102 1852 terris
1124 1787 1197 1851 visa
1219 1789 1281 1864 est,
1312 1805 1397 1868 quae
1420 1785 1525 1850 omnis

274 1892 445 1959 societatis
469 1915 589 1980 expers
612 1896 715 1962 vitam
740 1897 857 1978 ageret
879 1898 915 1960 et
938 1913 1023 1976 quae
1046 1913 1111 1957 non
1134 1893 1241 1976 prima
1259 1892 1378 1958 saltem
1394 1891 1525 1957 socialis

273 1999 412 2065 alicuius
441 2000 682 2068 informationis
712 2001 897 2067 rudimenta
927 1999 1126 2066 ostenderet.
1173 1999 1264 2076 Quod
1297 1997 1423 2064 factum
1453 1997 1524 2062 uni-

275 2107 406 2172 versale
438 2111 473 2174 et
505 2111 661 2174 constans
694 2128 822 2172 omnem
853 2105 903 2171 sui
934 2126 1069 2170 causam
1100 2104 1337 2171 accidentalem
1365 2104 1523 2182 excludit,

274 2233 380 2295 neque
404 2214 535 2280 aliunde
552 2235 650 2296 quam
666 2234 709 2278 ex
725 2213 888 2279 communi
903 2211 1070 2276 hominum
1085 2215 1206 2276 natura
1221 2210 1364 2276 derivari
1380 2213 1492 2294 potest
1502 2214 1523 2277 ¹.

275 2359 346 2432 399.
437 2359 627 2434 Corollaria:
650 2363 675 2430 I.
700 2363 910 2429 Latissimum
934 2361 1056 2428 sociale
1074 2361 1250 2438 vinculum,
1275 2360 1398 2444 quoda
1417 2381 1524 2440 „com-

275 2468 428 2534 munione
452 2469 595 2534 eiusdem
619 2472 759 2535 naturae
784 2468 994 2551 eiusdemque
1009 2466 1101 2531 finis²
1121 2467 1279 2551 procedit,
1301 2489 1362 2553 per
1375 2489 1409 2532 ee
1423 2468 1523 2532 solem

275 2575 403 2640 nonnisi
426 2575 564 2640 idealem
588 2575 677 2640 illam
701 2573 867 2639 hominum
891 2573 1085 2638 societatem
1105 2572 1285 2650 constituit,
1310 2593 1408 2655 quam
1423 2572 1524 2653 vulgo

278 2681 529 2762 ‚,uoieeraalem“
567 2681 752 2766 appellant,
789 2680 880 2745 cuius
915 2700 1029 2745 omnes
1062 2679 1210 2744 homines
1244 2678 1317 2762 ipsa
1347 2677 1524 2745 nativitate

275 2787 423 2854 membra
446 2809 518 2853 esse
541 2787 700 2870 incipiunt
724 2791 757 2852 et
781 2807 846 2870 qua
868 2785 950 2852 talia
974 2786 1104 2868 quidem
1124 2785 1263 2871 perfecte
1287 2787 1444 2871 aequalia.
1485 2783 1523 2849 In

275 3025 336 3061 esse
356 3007 423 3060 duos
447 3022 528 3075 quam
553 3023 652 3068 unnm;
680 3005 781 3059 habent
808 3007 879 3059 enim
905 3005 1119 3059 emolumentum
1143 3008 1254 3058 mutuae
1280 3005 1444 3058 societatis*
1484 3004 1524 3059 De

274 3097 369 3164 regim.
383 3097 468 3166 prino.
482 3095 500 3150 l.
514 3113 537 3150 o.
563 3094 694 3149 Similiter
707 3097 871 3164 Aristotelea,
890 3094 972 3148 Polit.
985 3095 1006 3158 1,
1019 3095 1045 3159 2,
1067 3095 1143 3158 1253,
1163 3111 1188 3158 a,
1202 3095 1233 3146 t:
1254 3093 1325 3146 Διότι
1344 3095 1376 3146 δὲ
1394 3094 1522 3146 πολιτικὸν

274 3189 288 3237 d
309 3184 453 3253 ἅνθρωπος
472 3180 540 3255 ζῷον
559 3185 649 3253 πάσης
664 3185 788 3254 μελίττης
799 3185 842 3236 eci
856 3185 954 3243 παντὸς
967 3183 1095 3252 ἀγελαίου
1109 3179 1180 3252 ζῴου
1190 3182 1300 3248 μᾶλλον,
1320 3184 1406 3252 titios.
1442 3181 1524 3238 θῦδὲν

275 3273 328 3344 γὰρ
348 3275 385 3332 ὡς
403 3274 500 3342 φαμὲν,
517 3274 605 3343 μάιην
623 3274 640 3342 ἡ
660 3273 738 3341 φύσις
756 3277 832 3337 ποιεῖ,
851 3271 931 3340 λόγον
950 3273 981 3324 δὲ
996 3271 1079 3335 μόνον
1098 3269 1244 3339 ἄνθρωπος
1255 3269 1311 3340 ἔχει
1323 3276 1375 3322 τῶν
1389 3269 1472 3341 ζῴων.
1499 3270 1526 3324 Ἡ

271 3365 322 3426 μὲν
334 3362 380 3415 οὖν
392 3362 469 3432 φωνὴ
483 3366 531 3415 τοῦ
543 3361 663 3431 λυπηροῦ
674 3362 718 3414 καί
731 3363 813 3432 ἡδέος
824 3361 878 3413 ἐστὶ
891 3365 1008 3429 οημεῖον,
1028 3361 1070 3412 διὸ
1082 3358 1126 3411 καὶ
1138 3363 1195 3418 τοῖς
1207 3357 1297 3418 ἄλλοις
1310 3359 1422 3429 ὑπάρχει
1436 3357 1523 3429 ζῴοις·

273 3453 353 3522 μέχρι
367 3452 419 3520 γὰρ
433 3451 528 3504 τούτου
541 3451 557 3520 ἡ
571 3449 650 3518 φύσις
662 3445 750 3502 αὐτῶν
762 3450 896 3518 ἐλήλυθεν,
916 3449 986 3502 ὥστε
999 3449 1178 3501 αἰσθάνεσθαι
1190 3443 1238 3499 τοῦ
1251 3445 1369 3516 λυπηροῦ
1382 3448 1425 3500 καὶ
1443 3449 1525 3518 ἡδέος

274 3542 318 3592 rel
336 3537 422 3593 τοῦτο
441 3541 576 3610 σημαίνειν
594 3538 723 3608 ἀλλήλοις.
746 3535 770 3592 ‘0
789 3540 820 3591 δὲ
837 3538 918 3606 λόγος
930 3539 972 3590 ἐπὶ
991 3534 1031 3607 τῷ
1049 3533 1147 3607 δηλοῦν
1164 3537 1219 3590 ἐστὶ
1237 3538 1269 3590 τὸ
1290 3539 1481 3606 accceperant
1493 3539 1523 3590 τι)

271 3629 415 3697 βλαβεράν,
436 3629 566 3682 ὥστεκαὶ
586 3629 616 3681 rd
636 3628 736 3681 δίκαιον
754 3628 797 3680 καὶ
817 3629 847 3680 τὸ
867 3625 965 3680 ἄδικον.
995 3623 1079 3680 Τοῦτο
1099 3626 1152 3694 γὰρ
1165 3627 1233 3695 πρὸς
1244 3625 1327 3679 τᾶλλα
1341 3622 1399 3696 ζῷα
1412 3633 1468 3688 τοῖς
1480 3629 1524 3680 ἀν-

274 3721 396 3788 θρώποις
413 3717 486 3784 ἴδιον,
506 3720 536 3771 rd
553 3717 636 3782 μόνον
654 3713 765 3785 ἀγαθοῦ
783 3717 826 3768 eui
845 3720 927 3768 κακοῦ
945 3716 989 3768 zui
1009 3717 1112 3768 δικαίου
1131 3716 1175 3767 καί
1194 3716 1287 3768 ἀδίκου
1305 3716 1348 3767 καὶ
1367 3712 1420 3767 τῶν
1439 3715 1524 3768 ᾰλλιυν

274 3807 397 3879 αἴωληοιν
416 3808 492 3877 ἔχειν.
527 3803 603 3860 Ἡδὲ
621 3807 722 3858 τούτων
740 3806 860 3856 κοινωνία
881 3809 949 3857 ποιεί
967 3804 1050 3856 οἰκίον
1066 3802 1110 3856 καί
1129 3803 1209 3856 πόλιν.

367 3899 374 3929 ¹
394 3897 436 3950 Ita
449 3897 477 3948 ct
489 3893 645 3964 praeclarus
667 3891 889 3963 anthropologiae
909 3892 1005 3956 cultor,
1028 3893 1204 3959 Quolrefcqes
1217 3889 1357 3960 (L’esptoe
1377 3889 1525 3945 humaine⁸

274 3985 349 4053 327),
368 3985 465 4038 merito
484 3982 635 4038 concludit:
658 3982 811 4051 „L’homme
830 3987 873 4035 cst
891 3999 928 4034 un
946 3983 1006 4034 etro
1024 3979 1256 4034 essentiellement
1274 3978 1367 4033 sociat.
1393 3979 1430 4044 ,Si
1450 3981 1524 4048 quel·

272 4075 359 4144 qu‘un
377 4073 495 4128 montait
513 4090 548 4127 au
561 4072 612 4128 ciel
624 4072 684 4128 seul
697 4075 726 4126 et
738 4071 879 4126 entendait
891 4069 951 4124 seul
964 4068 1124 4123 l’harmonia
1136 4067 1185 4122 des
1197 4067 1318 4132 mendas,
1336 4066 1357 4120 il
1369 4084 1403 4122 ne
1413 4067 1525 4138 jouirait

273 4181 324 4233 pas
343 4163 376 4215 de
403 4179 447 4216 ces
473 4161 637 4215 merveilles‘
658 4177 727 4214 —a
753 4160 793 4213 dit
817 4177 854 4213 un
879 4175 947 4225 saga
973 4158 1007 4210 de
1031 4157 1060 4210 la
1078 4155 1173 4211 Grtce.
1210 4156 1292 4209 Aussi
1311 4158 1524 4210 trouvonsmous

273 4255 385 4322 partout
403 4251 518 4321 l’esptce
537 4249 665 4304 humaine
684 4249 776 4303 reunia
795 4267 828 4301 en
847 4247 964 4302 societas
989 4247 1051 4317 plus
1070 4263 1104 4300 ou
1123 4245 1211 4298 moins
1232 4245 1417 4298 nombreuses.
1454 4243 1524 4297 'Pou-

270 4341 363 4412 jours‚
389 4341 454 4395 seui
477 4340 543 4394 dans
569 4339 702 4408 quelques
728 4355 775 4391 cas
798 4335 1003 4407 exceptionnels
1029 4335 1074 4404 qui
1093 4333 1278 4404 s’expliquant
1296 4332 1457 4386 d’ordinaire
1475 4349 1525 4403 par

273 4448 327 4484 une
346 4429 482 4484 diversion
501 4428 635 4492 violente,
661 4443 707 4481 ces
725 4425 842 4481 societas
860 4428 1001 4494 comptent
1025 4441 1061 4476 un
1086 4422 1199 4477 nombre
1224 4421 1287 4491 plus
1305 4438 1339 4474 ou
1357 4422 1445 4474 moins
1463 4437 1524 4474 con·

274 4518 409 4574 siddrable
435 4518 469 4572 de
494 4517 613 4572 familias
638 4519 666 4570 et
689 4515 817 4570 maritent
841 4531 876 4568 au
901 4513 990 4568 moins
1013 4512 1040 4566 lo
1058 4529 1120 4566 nom
1139 4511 1173 4565 de
1191 4509 1348 4580 peupladaa.
1385 4506 1523 4578 Quelques

274 4608 434 4662 restraintes
453 4625 487 4660 ou
505 4606 682 4660 nombreuses
701 4621 753 4674 que
772 4603 861 4657 soient
879 4602 919 4657 les
939 4601 1096 4673 pimpliades,
1114 4599 1156 4654 les
1173 4599 1271 4662 tribus,
1289 4598 1330 4652 les
1348 4597 1471 4661 natione,
1490 4615 1525 4650 on

274 4715 291 4750 a
311 4695 407 4766 depuis
426 4696 582 4764 longtemps
601 4697 724 4748 constat&
744 4693 809 4746 chcz
828 4691 896 4746 elles
914 4691 983 4744 trois
1002 4693 1074 4744 etate
1092 4689 1206 4742 sociaux
1225 4686 1415 4741 elementaires
1427 4703 1458 4739 se
1470 4690 1523 4739 rat·

273 4785 389 4838 tachant
413 4787 475 4837 tous
501 4783 569 4838 trois
587 4785 603 4836 'a
621 4782 650 4837 la
668 4780 840 4836 satisfaction
867 4779 902 4833 du
921 4779 1040 4849 premier
1058 4781 1087 4831 et
1105 4777 1140 4831 du
1159 4776 1222 4846 plus
1241 4774 1393 4846 imperiaux
1411 4773 1444 4828 de
1462 4777 1525 4828 tous

274 4873 316 4926 les
335 4871 459 4934 hoscine,
485 4871 555 4926 celui
575 4871 608 4925 de
627 4889 657 4924 se
676 4868 807 4923 nourrii.⁸
846 4867 876 4921 In
896 4867 1075 4936 sequentibus
1093 4869 1186 4920 autem
1205 4865 1346 4930 docemur,
1372 4879 1434 4917 esse
1451 4861 1524 4916 hunc

274 4960 409 5030 triplicem
429 4962 532 5014 statum
551 4959 678 5014 socialem
693 4959 902 5012 elementarem:
921 4961 1026 5011 statum
1039 4959 1208 5020 venatorum,
1227 4955 1401 5024 piscatorum,
1420 4953 1523 5020 agrico-

274 5049 372 5107 larum.
