3909 5842
413 669 505 707 mur
948 653 1127 707 Prooemium.

412 830 601 913 scriptores,
624 826 848 893 fundamentis
872 829 941 895 aS.
958 828 1084 893 Thema
1107 828 1240 895 traditis
1263 828 1377 907 innixi,
1404 827 1450 893 uti
1480 823 1678 891 Damio-icus

413 937 496 1018 Soto,
520 936 655 1017 Molioo,
680 937 814 1017 Saurea,
838 936 938 1021 Lupo,
962 937 1105 1019 Luscius,
1130 935 1322 1001 utilissimos
1346 935 1385 1000 de
1409 935 1487 999 iure
1516 930 1578 996 vel
1601 926 1680 1009 legi·

412 1043 473 1107 bus
495 1044 661 1108 tractatus
685 1042 874 1118 ediderunt;
899 1043 998 1108 immo
1023 1046 1058 1109 et
1081 1064 1203 1125 graves
1218 1042 1298 1108 iuris
1313 1041 1435 1127 publici
1452 1036 1682 1123 quaestiones

413 1147 528 1233 perid
551 1152 681 1233 tempus
704 1149 826 1232 partim
848 1147 1073 1234 philosophico
1096 1148 1218 1235 partim
1243 1148 1399 1215 canonico
1418 1144 1584 1215 examini
1609 1141 1684 1209 sub·

412 1256 516 1322 iectus
540 1259 641 1336 atque
663 1256 792 1339 publice
816 1254 982 1321 discussas
1005 1256 1196 1340 reperimus.

502 1401 539 1466 B.
565 1399 839 1484 Philosophia
863 1420 1007 1464 morum
1033 1398 1472 1465 adirectoEeolesiae
1499 1394 1687 1461 influxu

413 1508 689 1591 emancipata.
729 1506 861 1572 Novam
884 1506 1038 1583 indolem,
1063 1504 1336 1587 quemadmodum
1359 1504 1547 1569 universae
1576 1500 1689 1586 philo·

413 1613 557 1698 sophiae,
581 1614 631 1679 ita
654 1618 688 1679 et
711 1612 937 1697 philosophiae
961 1612 1077 1678 morali
1102 1632 1160 1678 seu
1183 1611 1247 1677 iuri
1270 1614 1410 1677 naturae
1430 1605 1685 1689 ,reformatio⁵

413 1719 537 1784 saeculi
559 1718 638 1784 XV]
660 1718 819 1801 ingenuit.
852 1716 976 1801 Magna
999 1722 1096 1801 parte
1119 1717 1384 1784 internetionalis
1407 1716 1568 1782 familiae
1597 1710 1690 1777 chri·

413 1824 541 1891 stianae
570 1824 611 1889 ab
635 1824 805 1891 Ecclesiae
829 1825 1011 1891 catholicae
1034 1824 1234 1890 auctoritate
1257 1828 1292 1889 et
1314 1824 1442 1888 unitate
1466 1825 1603 1905 aperta
1630 1818 1689 1881 de-

412 1930 556 1997 fectione
571 1930 698 2007 avulsa,
723 1952 787 1996 non
803 1933 937 2015 poterat
952 1952 1018 1995 non
1035 1930 1177 2007 evenire,
1202 1935 1239 1997 ut
1255 1950 1328 1995 cum
1345 1922 1514 2011 religionis
1534 1923 1689 1991 dissidio

413 2036 551 2103 scientia
563 2058 700 2120 quoque,
714 2037 834 2121 partim
847 2036 1011 2103 straditis
1024 2036 1207 2102 catholicae
1218 2036 1356 2103 unitatis
1369 2035 1519 2118 vestigiis
1535 2051 1686 2105 aversa,

413 2163 519 2208 novas
542 2142 604 2209 sibi
627 2148 803 2226 quaereret
825 2144 898 2209 vias
921 2164 1107 2226 novamque
1128 2142 1230 2209 veluti
1253 2142 1371 2209 faciem
1393 2142 1549 2209 indueret
1580 2136 1687 2205 dissi-

414 2248 511 2315 dendi
533 2249 692 2333 principio
715 2250 900 2333 analogam.
932 2249 969 2314 Id
994 2270 1032 2315 eo
1057 2248 1177 2315 certius
1201 2248 1388 2332 praevideri
1410 2252 1555 2332 poterat,
1588 2242 1686 2327 quod

413 2353 479 2418 iam
509 2354 684 2419 asseculo
714 2353 913 2421 resuscitata
944 2354 1172 2420 humaniorum
1195 2354 1380 2421 litterarum
1411 2352 1521 2419 studia
1552 2346 1684 2417 multis

414 2480 529 2526 ansam
552 2461 774 2543 praebuerant
803 2458 959 2543 antiquae
990 2460 1122 2527 scholae
1153 2460 1385 2526 auctoritatem
1416 2456 1591 2523 minuendi
1620 2458 1684 2521 aut

414 2566 514 2633 etiam
537 2566 666 2649 publice
690 2566 900 2650 despiciendi.
947 2566 1044 2632 Nunc
1068 2570 1195 2646 autem,
1230 2570 1345 2650 aperte
1369 2566 1538 2631 declarata
1564 2568 1680 2643 atque

413 2674 447 2737 in
471 2672 541 2736 dies
564 2676 750 2755 propagata
773 2672 973 2751 defectione,
1000 2672 1041 2737 ad
1065 2672 1204 2755 pristina
1228 2672 1392 2756 vituperia
1415 2670 1539 2755 passim
1564 2668 1679 2735 etiam

413 2777 536 2843 infesta
567 2779 728 2860 quaedam
760 2779 942 2844 animorum
972 2778 1139 2845 hostilitas
1171 2778 1329 2856 accessit,
1364 2800 1384 2844 a
1415 2798 1479 2859 qua
1510 2777 1677 2857 deinceps

413 2882 510 2965 pauci
533 2883 706 2948 admodum
732 2905 775 2949 ex
798 2884 916 2951 castris
945 2884 1201 2969 protestantium
1233 2885 1386 2950 doctores
1410 2884 1451 2949 ad
1475 2884 1585 2966 magis
1612 2882 1678 2946 ob-

413 2988 569 3055 iectivam
593 2989 641 3054 rei
666 2991 942 3074 appretiationem
967 2997 1002 3058 et
1025 2992 1229 3057 moderatum
1245 2991 1401 3057 iudicium
1417 3012 1590 3073 emergere
1609 3008 1675 3053 va-

414 3096 556 3162 luerunt.
603 3095 666 3161 His
690 3098 820 3180 quidem
844 3098 1130 3163 adnumerandus1
1152 3097 1285 3163 videtur

502 3204 597 3287 Hupo
621 3205 753 3269 Grotius
777 3202 1045 3286 (lesa—1645),
1078 3204 1132 3286 qui
1157 3204 1245 3270 edito
1276 3224 1374 3286 opere
1402 3204 1469 3281 ,De
1493 3202 1563 3267 iure
1588 3199 1674 3267 belli

414 3331 453 3376 ac
476 3310 586 3393 pacis“
607 3310 723 3391 (1625)
747 3311 886 3394 primurn
909 3311 1083 3394 impulsum
1109 3310 1199 3377 dedit
1221 3310 1301 3375 iuris
1326 3310 1487 3376 naturalis
1510 3310 1672 3393 deinceps

414 3417 455 3481 ab
480 3416 553 3481 aliis
577 3416 756 3499 disciplinis
779 3416 972 3499 seiungendi
997 3422 1096 3499 atque
1119 3417 1161 3482 ad
1184 3416 1359 3501 peculiaris
1383 3415 1541 3483 scientiae
1558 3416 1671 3498 digni·

414 3524 520 3586 tatem
544 3521 723 3598 evehendi3
747 3542 850 3603 quare
873 3526 907 3587 et
935 3521 1033 3599 ,iuris
1056 3522 1219 3587 naturalis
1239 3520 1413 3587 fundatm‘
1433 3522 1512 3603 (non
1528 3521 1600 3586 sine
1616 3522 1669 3586 in-

413 3625 502 3691 iusta
531 3627 806 3708 exaggeratione,
838 3628 867 3692 si
896 3649 948 3692 rea
976 3626 1083 3709 magis
1115 3646 1212 3709 quam
1243 3626 1313 3691 eius
1343 3628 1451 3692 forma
1480 3626 1669 3712 spectatur)

415 3732 575 3816 appellari
599 3734 800 3799 consuevit2.
833 3733 896 3797 Hic
919 3732 980 3811 vir,
1006 3755 1070 3797 non
1094 3734 1201 3798 minus
1225 3733 1408 3799 eruditione
1432 3754 1531 3815 quam
1555 3735 1668 3817 probi-

414 3838 495 3904 tatis
518 3838 759 3904 ethonestatis
782 3838 891 3905 studio
916 3838 1092 3918 excellens,
1117 3838 1204 3905 inter
1228 3839 1363 3921 negotia
1377 3840 1523 3923 politica,
1548 3840 1668 3922 quibus

507 4023 516 4055 ¹
541 4021 724 4076 scholasticos
750 4022 875 4075 doctores
901 4020 1013 4076 Grotius
1039 4040 1093 4076 non
1118 4022 1255 4077 dubitavit
1279 4023 1420 4093 praeclaro
1446 4028 1567 4079 encomio
1593 4044 1665 4081 com·

415 4112 543 4166 mendara
562 4110 615 4177 (De
633 4111 693 4165 iure
711 4110 774 4165 belli
794 4128 827 4165 ao
845 4112 935 4181 pacis,
962 4111 1115 4179 Prolegom.
1135 4112 1151 4178 ξ
1171 4112 1227 4179 52).
1265 4112 1301 4167 Et
1319 4113 1415 4181 quanti
1434 4112 1531 4167 fecerit
1549 4116 1666 4168 auctori·

415 4205 502 4256 tatem
520 4200 567 4256 SS.
586 4201 699 4254 Petrum
719 4205 747 4254 et
765 4201 928 4269 scriptorum
955 4200 1202 4254 ecclesiasticorum
1221 4202 1279 4271 ipse
1298 4202 1442 4271 profitetur
1460 4202 1495 4255 ib.
1515 4202 1531 4269 ξ
1550 4204 1593 4256 51.
1626 4202 1665 4256 De

416 4308 469 4359 quo
487 4294 516 4344 et
528 4292 656 4344 aarum
676 4290 715 4356 (in
735 4306 786 4342 sua
804 4289 876 4342 Hist.
895 4290 947 4342 iur.
966 4292 1022 4343 nat.
1046 4288 1126 4355 1695)
1148 4289 1234 4343 refert
1252 4306 1314 4341 eum
1333 4290 1473 4359 opinatum
1492 4290 1587 4353 fuisse,
1606 4295 1663 4345 tum
1775 4278 1777 4290 ὓ

416 4378 524 4431 demum
543 4381 572 4431 et
589 4378 694 4447 pondus
713 4380 742 4430 et
759 4377 841 4430 robur
859 4382 887 4430 et
905 4377 994 4431 lucem
1013 4376 1148 4445 insignem
1168 4394 1198 4430 se
1217 4376 1330 4431 assertis
1349 4378 1406 4431 suis
1419 4376 1564 4431 conciliare
1576 4394 1664 4448 posse,

416 4466 440 4520 si
458 4466 615 4536 praesulum
633 4465 729 4520 horum
747 4466 911 4520 auctoritate
929 4466 1094 4520 sententiam
1114 4482 1191 4521 suam
1210 4466 1336 4519 muniret.

507 4556 517 4587 ²
542 4556 609 4608 Post
634 4554 759 4609 Grotium
784 4556 932 4625 scriptores
957 4558 1142 4625 protestantes
1167 4554 1225 4607 fere
1250 4554 1352 4624 passim
1379 4554 1412 4608 de
1439 4554 1506 4608 iuris
1530 4556 1664 4609 naturalis

416 4643 532 4698 scientia
550 4643 590 4697 ita
608 4643 718 4712 gloriari
738 4648 899 4714 coeperunt,
925 4648 956 4698 ut
982 4660 1042 4697 eam
1059 4638 1124 4719 post
1142 4641 1365 4696 scholasticorum
1389 4642 1517 4697 tenebras
1534 4645 1592 4697 tum
1612 4646 1663 4715 pri·
1776 4670 1777 4674 ¹

417 4750 491 4785 mum
509 4734 705 4801 protestantiro
725 4734 833 4800 ingenio
851 4733 991 4786 inventam
1011 4749 1071 4786 esse
1091 4732 1204 4785 diceres.
1229 4732 1272 4784 Ita
1291 4732 1308 4785 i.
1329 4748 1352 4785 n.
1372 4732 1575 4801 Pufendorfiua,
1598 4734 1662 4786 auo-

417 4823 534 4889 muaius,
559 4821 702 4887 Bomdmca,
727 4822 941 4889 Borbeyrocius,
967 4822 1144 4874 Schmauaiua
1163 4818 1266 4887 (Neues
1286 4819 1395 4889 System
1422 4819 1470 4873 des
1488 4818 1592 4875 Rechts
1618 4820 1663 4875 der

417 4910 512 4973 Natur,
534 4910 611 4972 1754,
631 4908 709 4962 cuius
727 4908 774 4962 lib.
794 4909 807 4962 l
829 4910 965 4963 continet:
985 4908 1035 4961 Dia
1055 4908 1174 4961 Historia
1194 4907 1242 4961 des
1261 4906 1363 4961 Rechts
1383 4907 1431 4961 der
1449 4908 1559 4977 Natur).
1591 4906 1660 4972 Quos

417 4999 563 5069 scriptores
582 4996 709 5051 catholici
735 4997 835 5051 acriter
853 4997 1022 5061 refutarunt,
1049 5001 1080 5050 ut
1098 4997 1169 5050 inter
1195 4995 1263 5050 alios
1282 4998 1384 5049 Fineui
1403 4998 1430 5049 et
1449 4999 1507 5065 Ipu.
1528 4998 1659 5051 Sabaeos-z.
