<?xml version="1.0" encoding="UTF-8"?>
<!DOCTYPE html PUBLIC "-//W3C//DTD XHTML 1.0 Transitional//EN"
    "http://www.w3.org/TR/xhtml1/DTD/xhtml1-transitional.dtd">
<html xmlns="http://www.w3.org/1999/xhtml" xml:lang="en" lang="en">
 <head>
  <title>
</title>
<meta http-equiv="Content-Type" content="text/html;charset=utf-8" />
  <meta name='ocr-system' content='tesseract 3.04.00' />
  <meta name='ocr-capabilities' content='ocr_page ocr_carea ocr_par ocr_line ocrx_word'/>
</head>
<body>
  <div class='ocr_page' id='page_1' title='image "./institutionesiu00meyegoog_0451.png"; bbox 0 0 3909 5842; ppageno 0'>
   <div class='ocr_carea' id='block_1_1' title="bbox 382 709 1502 786">
    <p class='ocr_par' dir='ltr' id='par_1_1' title="bbox 382 709 1502 786">
     <span class='ocr_line' id='line_1_1' title="bbox 382 709 1502 786; baseline 0.007 -22"><span class='ocrx_word' id='word_1_1' title='bbox 382 709 507 764; x_wconf 87' lang='lat' dir='ltr'><strong><em>Genuina</em></strong></span> <span class='ocrx_word' id='word_1_2' title='bbox 524 709 592 764; x_wconf 87' lang='lat' dir='ltr'><strong><em>iuris</em></strong></span> <span class='ocrx_word' id='word_1_3' title='bbox 610 710 672 766; x_wconf 86' lang='lat' dir='ltr'><strong><em>idea</em></strong></span> <span class='ocrx_word' id='word_1_4' title='bbox 691 711 870 768; x_wconf 88' lang='lat' dir='ltr'><strong><em>concluditur.</em></strong></span> <span class='ocrx_word' id='word_1_5' title='bbox 890 739 922 749; x_wconf 92' lang='lat'><em>-</em></span> <span class='ocrx_word' id='word_1_6' title='bbox 943 711 990 765; x_wconf 88' lang='lat' dir='ltr'><strong><em>Ius</em></strong></span> <span class='ocrx_word' id='word_1_7' title='bbox 1008 729 1025 766; x_wconf 91' lang='lat' dir='ltr'><strong><em>a</em></strong></span> <span class='ocrx_word' id='word_1_8' title='bbox 1042 728 1094 766; x_wconf 88' lang='lat' dir='ltr'><strong><em>sna</em></strong></span> <span class='ocrx_word' id='word_1_9' title='bbox 1112 713 1217 782; x_wconf 79' lang='lat' dir='ltr'>origine</span> <span class='ocrx_word' id='word_1_10' title='bbox 1235 718 1369 770; x_wconf 87' lang='lat' dir='ltr'><strong><em>sanctum.</em></strong></span> <span class='ocrx_word' id='word_1_11' title='bbox 1438 720 1502 786; x_wconf 81' lang='grc'><strong><em>399</em></strong></span> 
     </span>
    </p>
   </div>
   <div class='ocr_carea' id='block_1_2' title="bbox 231 888 1504 1404">
    <p class='ocr_par' dir='ltr' id='par_1_2' title="bbox 231 888 1504 1404">
     <span class='ocr_line' id='line_1_2' title="bbox 231 888 1504 972; baseline 0.005 -19"><span class='ocrx_word' id='word_1_12' title='bbox 231 909 306 972; x_wconf 90' lang='lat' dir='ltr'><strong><em>pro</em></strong></span> <span class='ocrx_word' id='word_1_13' title='bbox 345 889 416 954; x_wconf 85' lang='lat' dir='ltr'><strong><em>vita</em></strong></span> <span class='ocrx_word' id='word_1_14' title='bbox 445 888 585 954; x_wconf 89' lang='lat' dir='ltr'><strong><em>otiosum</em></strong></span> <span class='ocrx_word' id='word_1_15' title='bbox 609 888 709 954; x_wconf 88' lang='lat' dir='ltr'><strong><em>fuerit</em></strong></span> <span class='ocrx_word' id='word_1_16' title='bbox 732 889 925 972; x_wconf 86' lang='lat' dir='ltr'><strong><em>cognovisse</em></strong></span> <span class='ocrx_word' id='word_1_17' title='bbox 949 910 999 967; x_wconf 88' lang='lat' dir='ltr'><strong><em>ea,</em></strong></span> <span class='ocrx_word' id='word_1_18' title='bbox 1025 909 1110 972; x_wconf 87' lang='lat' dir='ltr'><strong><em>quae</em></strong></span> <span class='ocrx_word' id='word_1_19' title='bbox 1131 889 1253 957; x_wconf 89' lang='lat' dir='ltr'><strong><em>intuitu</em></strong></span> <span class='ocrx_word' id='word_1_20' title='bbox 1276 892 1359 958; x_wconf 90' lang='lat' dir='ltr'><strong><em>recti</em></strong></span> <span class='ocrx_word' id='word_1_21' title='bbox 1382 893 1504 959; x_wconf 81' lang='lat' dir='ltr'>ordinis</span> 
     </span>
     <span class='ocr_line' id='line_1_3' title="bbox 233 995 1503 1079; baseline 0.005 -19"><span class='ocrx_word' id='word_1_22' title='bbox 233 995 386 1061; x_wconf 87' lang='lat' dir='ltr'><strong><em>socialis</em></strong></span> <span class='ocrx_word' id='word_1_23' title='bbox 403 1003 534 1062; x_wconf 73' lang='lat' dir='ltr'><strong><em>octaua</em></strong></span> <span class='ocrx_word' id='word_1_24' title='bbox 549 997 613 1079; x_wconf 82' lang='lat' dir='ltr'><strong><em>lcpe</em></strong></span> <span class='ocrx_word' id='word_1_25' title='bbox 628 997 867 1062; x_wconf 74' lang='lat' dir='ltr'><strong><em>immutabiliter</em></strong></span> <span class='ocrx_word' id='word_1_26' title='bbox 882 1000 1008 1062; x_wconf 80' lang='lat' dir='ltr'><strong><em>sancita</em></strong></span> <span class='ocrx_word' id='word_1_27' title='bbox 1028 999 1119 1062; x_wconf 90' lang='lat' dir='ltr'><strong><em>certo</em></strong></span> <span class='ocrx_word' id='word_1_28' title='bbox 1142 996 1389 1079; x_wconf 82' lang='lat' dir='ltr'><strong><em>intelleguntur,</em></strong></span> <span class='ocrx_word' id='word_1_29' title='bbox 1413 999 1503 1066; x_wconf 88' lang='lat' dir='ltr'><strong><em>ideo·</em></strong></span> 
     </span>
     <span class='ocr_line' id='line_1_4' title="bbox 235 1101 1502 1184; baseline 0.003 -18"><span class='ocrx_word' id='word_1_30' title='bbox 235 1122 311 1184; x_wconf 90' lang='lat' dir='ltr'><strong><em>que</em></strong></span> <span class='ocrx_word' id='word_1_31' title='bbox 339 1101 538 1167; x_wconf 90' lang='lat' dir='ltr'><strong><em>inhumana</em></strong></span> <span class='ocrx_word' id='word_1_32' title='bbox 561 1101 721 1168; x_wconf 89' lang='lat' dir='ltr'><strong><em>societate</em></strong></span> <span class='ocrx_word' id='word_1_33' title='bbox 744 1121 810 1166; x_wconf 91' lang='lat' dir='ltr'><strong><em>non</em></strong></span> <span class='ocrx_word' id='word_1_34' title='bbox 833 1101 975 1166; x_wconf 89' lang='lat' dir='ltr'><strong><em>omnium</em></strong></span> <span class='ocrx_word' id='word_1_35' title='bbox 999 1101 1118 1168; x_wconf 71' lang='lat' dir='ltr'><strong><em>iulium</em></strong></span> <span class='ocrx_word' id='word_1_36' title='bbox 1141 1106 1280 1168; x_wconf 82' lang='lat' dir='ltr'><strong><em>calorem</em></strong></span> <span class='ocrx_word' id='word_1_37' title='bbox 1303 1107 1373 1170; x_wconf 90' lang='lat' dir='ltr'><strong><em>tum</em></strong></span> <span class='ocrx_word' id='word_1_38' title='bbox 1397 1105 1502 1172; x_wconf 91' lang='lat' dir='ltr'><strong><em>solum</em></strong></span> 
     </span>
     <span class='ocr_line' id='line_1_5' title="bbox 235 1207 1502 1292; baseline 0.006 -20"><span class='ocrx_word' id='word_1_39' title='bbox 235 1207 413 1286; x_wconf 86' lang='lat' dir='ltr'><strong><em>obtinere,</em></strong></span> <span class='ocrx_word' id='word_1_40' title='bbox 438 1227 509 1272; x_wconf 89' lang='lat' dir='ltr'><strong><em>cum</em></strong></span> <span class='ocrx_word' id='word_1_41' title='bbox 530 1210 690 1292; x_wconf 79' lang='lat' dir='ltr'><em>placuerit</em></span> <span class='ocrx_word' id='word_1_42' title='bbox 711 1207 895 1272; x_wconf 89' lang='lat' dir='ltr'><strong><em>hominibus</em></strong></span> <span class='ocrx_word' id='word_1_43' title='bbox 917 1207 976 1273; x_wconf 89' lang='lat' dir='ltr'><strong><em>illa</em></strong></span> <span class='ocrx_word' id='word_1_44' title='bbox 999 1211 1075 1274; x_wconf 88' lang='lat' dir='ltr'><strong><em>rata</em></strong></span> <span class='ocrx_word' id='word_1_45' title='bbox 1097 1207 1341 1291; x_wconf 84' lang='lat' dir='ltr'><strong><em>haberentque</em></strong></span> <span class='ocrx_word' id='word_1_46' title='bbox 1363 1231 1425 1278; x_wconf 90' lang='lat' dir='ltr'><strong><em>sua</em></strong></span> <span class='ocrx_word' id='word_1_47' title='bbox 1446 1211 1502 1278; x_wconf 90' lang='lat' dir='ltr'><strong><em>de-</em></strong></span> 
     </span>
     <span class='ocr_line' id='line_1_6' title="bbox 236 1312 998 1404; baseline 0.001 -26"><span class='ocrx_word' id='word_1_48' title='bbox 236 1335 341 1378; x_wconf 90' lang='lat' dir='ltr'><strong><em>mum</em></strong></span> <span class='ocrx_word' id='word_1_49' title='bbox 366 1313 565 1404; x_wconf 87' lang='lat' dir='ltr'><strong><em>auctoritate</em></strong></span> <span class='ocrx_word' id='word_1_50' title='bbox 589 1317 624 1378; x_wconf 91' lang='lat' dir='ltr'><strong><em>et</em></strong></span> <span class='ocrx_word' id='word_1_51' title='bbox 646 1313 681 1378; x_wconf 93' lang='lat' dir='ltr'><strong><em>vi</em></strong></span> <span class='ocrx_word' id='word_1_52' title='bbox 703 1312 833 1396; x_wconf 86' lang='lat' dir='ltr'><strong><em>publica</em></strong></span> <span class='ocrx_word' id='word_1_53' title='bbox 856 1315 998 1380; x_wconf 89' lang='lat' dir='ltr'><strong><em>firmare.</em></strong></span> 
     </span>
    </p>
   </div>
   <div class='ocr_carea' id='block_1_3' title="bbox 726 1485 1029 1554">
    <p class='ocr_par' dir='ltr' id='par_1_3' title="bbox 726 1485 1029 1554">
     <span class='ocr_line' id='line_1_7' title="bbox 726 1485 1029 1554; baseline -0.003 0"><span class='ocrx_word' id='word_1_54' title='bbox 726 1485 968 1554; x_wconf 77' lang='lat' dir='ltr'><strong><em>Articnlns</em></strong></span> <span class='ocrx_word' id='word_1_55' title='bbox 992 1487 1029 1554; x_wconf 83' lang='lat'><strong><em>4.</em></strong></span> 
     </span>
    </p>
   </div>
   <div class='ocr_carea' id='block_1_4' title="bbox 241 1613 1504 1786">
    <p class='ocr_par' dir='ltr' id='par_1_4' title="bbox 241 1613 1504 1786">
     <span class='ocr_line' id='line_1_8' title="bbox 241 1613 1504 1683; baseline 0.001 -3"><span class='ocrx_word' id='word_1_56' title='bbox 241 1617 408 1680; x_wconf 79' lang='lat' dir='ltr'><strong><em>Genu-tuo</em></strong></span> <span class='ocrx_word' id='word_1_57' title='bbox 430 1615 514 1680; x_wconf 86' lang='lat' dir='ltr'><strong><em>iuria</em></strong></span> <span class='ocrx_word' id='word_1_58' title='bbox 537 1613 611 1679; x_wconf 82' lang='lat' dir='ltr'><strong><em>idea</em></strong></span> <span class='ocrx_word' id='word_1_59' title='bbox 629 1621 656 1678; x_wconf 89' lang='lat' dir='ltr'><strong><em>et</em></strong></span> <span class='ocrx_word' id='word_1_60' title='bbox 671 1615 859 1680; x_wconf 79' lang='lat' dir='ltr'><strong><em>individuus</em></strong></span> <span class='ocrx_word' id='word_1_61' title='bbox 880 1634 982 1679; x_wconf 76' lang='lat' dir='ltr'><strong><em>uerus</em></strong></span> <span class='ocrx_word' id='word_1_62' title='bbox 997 1634 1068 1678; x_wconf 88' lang='lat' dir='ltr'><strong><em>cum</em></strong></span> <span class='ocrx_word' id='word_1_63' title='bbox 1089 1615 1203 1680; x_wconf 79' lang='lat' dir='ltr'><strong><em>ordine</em></strong></span> <span class='ocrx_word' id='word_1_64' title='bbox 1224 1615 1368 1680; x_wconf 86' lang='lat' dir='ltr'><strong><em>obiectico</em></strong></span> <span class='ocrx_word' id='word_1_65' title='bbox 1388 1620 1504 1683; x_wconf 84' lang='lat' dir='ltr'><strong><em>meruli</em></strong></span> 
     </span>
     <span class='ocr_line' id='line_1_9' title="bbox 771 1720 984 1786; baseline 0 0"><span class='ocrx_word' id='word_1_66' title='bbox 771 1720 984 1786; x_wconf 79' lang='lat' dir='ltr'><strong><em>concluditur.</em></strong></span> 
     </span>
    </p>
   </div>
   <div class='ocr_carea' id='block_1_5' title="bbox 241 1851 1504 4065">
    <p class='ocr_par' dir='ltr' id='par_1_5' title="bbox 241 1851 1504 3516">
     <span class='ocr_line' id='line_1_10' title="bbox 241 1851 1504 1936; baseline 0 -14"><span class='ocrx_word' id='word_1_67' title='bbox 241 1851 321 1922; x_wconf 80' lang='grc'><strong>496.</strong></span> <span class='ocrx_word' id='word_1_68' title='bbox 416 1853 569 1919; x_wconf 71' lang='lat' dir='ltr'><strong><em>collectis</em></strong></span> <span class='ocrx_word' id='word_1_69' title='bbox 598 1854 633 1919; x_wconf 95' lang='lat' dir='ltr'><strong><em>in</em></strong></span> <span class='ocrx_word' id='word_1_70' title='bbox 662 1875 761 1920; x_wconf 92' lang='lat' dir='ltr'><strong><em>unum</em></strong></span> <span class='ocrx_word' id='word_1_71' title='bbox 786 1852 890 1920; x_wconf 91' lang='lat' dir='ltr'><strong><em>veluti</em></strong></span> <span class='ocrx_word' id='word_1_72' title='bbox 913 1852 1105 1918; x_wconf 89' lang='lat' dir='ltr'><strong><em>fasciculum</em></strong></span> <span class='ocrx_word' id='word_1_73' title='bbox 1128 1852 1382 1936; x_wconf 86' lang='lat' dir='ltr'><strong><em>particularibus</em></strong></span> <span class='ocrx_word' id='word_1_74' title='bbox 1404 1855 1504 1922; x_wconf 93' lang='lat' dir='ltr'><strong><em>docu-</em></strong></span> 
     </span>
     <span class='ocr_line' id='line_1_11' title="bbox 242 1958 1503 2044; baseline 0.006 -22"><span class='ocrx_word' id='word_1_75' title='bbox 242 1958 384 2037; x_wconf 79' lang='lat' dir='ltr'><strong><em>mentis,</em></strong></span> <span class='ocrx_word' id='word_1_76' title='bbox 410 1981 494 2042; x_wconf 90' lang='lat' dir='ltr'><strong><em>quae</em></strong></span> <span class='ocrx_word' id='word_1_77' title='bbox 517 1961 686 2044; x_wconf 76' lang='lat' dir='ltr'><strong><em>analytica</em></strong></span> <span class='ocrx_word' id='word_1_78' title='bbox 708 1959 922 2044; x_wconf 85' lang='lat' dir='ltr'><strong><em>investigatio</em></strong></span> <span class='ocrx_word' id='word_1_79' title='bbox 945 1959 1105 2025; x_wconf 87' lang='lat' dir='ltr'><strong><em>hactenus</em></strong></span> <span class='ocrx_word' id='word_1_80' title='bbox 1124 1964 1216 2026; x_wconf 85' lang='lat' dir='ltr'><strong><em>certa</em></strong></span> <span class='ocrx_word' id='word_1_81' title='bbox 1230 1961 1503 2042; x_wconf 82' lang='lat' dir='ltr'><strong><em>subministravit,</em></strong></span> 
     </span>
     <span class='ocr_line' id='line_1_12' title="bbox 241 2065 1503 2152; baseline 0.006 -24"><span class='ocrx_word' id='word_1_82' title='bbox 241 2065 338 2130; x_wconf 87' lang='lat' dir='ltr'><strong><em>haud</em></strong></span> <span class='ocrx_word' id='word_1_83' title='bbox 370 2066 503 2133; x_wconf 87' lang='lat' dir='ltr'><strong><em>difficile</em></strong></span> <span class='ocrx_word' id='word_1_84' title='bbox 532 2068 596 2134; x_wconf 90' lang='lat' dir='ltr'><strong><em>erit</em></strong></span> <span class='ocrx_word' id='word_1_85' title='bbox 626 2089 699 2134; x_wconf 89' lang='lat' dir='ltr'><strong><em>eum</em></strong></span> <span class='ocrx_word' id='word_1_86' title='bbox 730 2067 869 2150; x_wconf 89' lang='lat' dir='ltr'><strong><em>denique</em></strong></span> <span class='ocrx_word' id='word_1_87' title='bbox 896 2066 977 2132; x_wconf 86' lang='lat' dir='ltr'><strong><em>iuris</em></strong></span> <span class='ocrx_word' id='word_1_88' title='bbox 1008 2065 1233 2132; x_wconf 83' lang='lat' dir='ltr'><strong><em>characterem</em></strong></span> <span class='ocrx_word' id='word_1_89' title='bbox 1263 2067 1407 2148; x_wconf 88' lang='lat' dir='ltr'><strong><em>definire,</em></strong></span> <span class='ocrx_word' id='word_1_90' title='bbox 1439 2091 1503 2152; x_wconf 92' lang='lat' dir='ltr'><strong><em>quo</em></strong></span> 
     </span>
     <span class='ocr_line' id='line_1_13' title="bbox 244 2171 1502 2258; baseline 0.005 -22"><span class='ocrx_word' id='word_1_91' title='bbox 244 2171 457 2253; x_wconf 88' lang='lat' dir='ltr'><strong><em>potissimum</em></strong></span> <span class='ocrx_word' id='word_1_92' title='bbox 482 2175 624 2257; x_wconf 83' lang='lat' dir='ltr'><strong><em>genuine</em></strong></span> <span class='ocrx_word' id='word_1_93' title='bbox 647 2174 726 2240; x_wconf 90' lang='lat' dir='ltr'><strong><em>iuris</em></strong></span> <span class='ocrx_word' id='word_1_94' title='bbox 749 2175 824 2240; x_wconf 88' lang='lat' dir='ltr'><strong><em>idea</em></strong></span> <span class='ocrx_word' id='word_1_95' title='bbox 847 2174 888 2240; x_wconf 89' lang='lat' dir='ltr'><strong><em>ab</em></strong></span> <span class='ocrx_word' id='word_1_96' title='bbox 913 2173 1057 2238; x_wconf 88' lang='lat' dir='ltr'><strong><em>eiusdem</em></strong></span> <span class='ocrx_word' id='word_1_97' title='bbox 1081 2172 1276 2258; x_wconf 80' lang='lat' dir='ltr'><strong><em>corruptelis</em></strong></span> <span class='ocrx_word' id='word_1_98' title='bbox 1298 2173 1502 2242; x_wconf 83' lang='lat' dir='ltr'><strong><em>discernitur.</em></strong></span> 
     </span>
     <span class='ocr_line' id='line_1_14' title="bbox 245 2277 1503 2363; baseline 0.004 -22"><span class='ocrx_word' id='word_1_99' title='bbox 245 2277 431 2344; x_wconf 84' lang='lat' dir='ltr'><strong><em>Enimvero</em></strong></span> <span class='ocrx_word' id='word_1_100' title='bbox 455 2281 634 2346; x_wconf 91' lang='lat' dir='ltr'><strong><em>communis</em></strong></span> <span class='ocrx_word' id='word_1_101' title='bbox 658 2280 710 2345; x_wconf 92' lang='lat' dir='ltr'><strong><em>hic</em></strong></span> <span class='ocrx_word' id='word_1_102' title='bbox 734 2284 768 2346; x_wconf 89' lang='lat' dir='ltr'><strong><em>et</em></strong></span> <span class='ocrx_word' id='word_1_103' title='bbox 791 2278 1032 2363; x_wconf 90' lang='lat' dir='ltr'><strong><em>peremptorius</em></strong></span> <span class='ocrx_word' id='word_1_104' title='bbox 1055 2277 1135 2343; x_wconf 90' lang='lat' dir='ltr'><strong><em>iuris</em></strong></span> <span class='ocrx_word' id='word_1_105' title='bbox 1151 2278 1323 2345; x_wconf 78' lang='lat' dir='ltr'><strong><em>character</em></strong></span> <span class='ocrx_word' id='word_1_106' title='bbox 1338 2279 1422 2346; x_wconf 89' lang='lat' dir='ltr'><strong><em>alius</em></strong></span> <span class='ocrx_word' id='word_1_107' title='bbox 1437 2302 1503 2348; x_wconf 90' lang='lat' dir='ltr'><strong><em>non</em></strong></span> 
     </span>
     <span class='ocr_line' id='line_1_15' title="bbox 246 2384 1501 2468; baseline 0.004 -21"><span class='ocrx_word' id='word_1_108' title='bbox 246 2388 312 2460; x_wconf 90' lang='lat' dir='ltr'><strong><em>est,</em></strong></span> <span class='ocrx_word' id='word_1_109' title='bbox 347 2405 443 2466; x_wconf 88' lang='lat' dir='ltr'><strong><em>quam</em></strong></span> <span class='ocrx_word' id='word_1_110' title='bbox 469 2386 524 2468; x_wconf 88' lang='lat' dir='ltr'><strong><em>qui</em></strong></span> <span class='ocrx_word' id='word_1_111' title='bbox 547 2390 582 2452; x_wconf 89' lang='lat' dir='ltr'><strong><em>ct</em></strong></span> <span class='ocrx_word' id='word_1_112' title='bbox 604 2385 752 2451; x_wconf 87' lang='lat' dir='ltr'><strong><em>nativam</em></strong></span> <span class='ocrx_word' id='word_1_113' title='bbox 776 2385 846 2452; x_wconf 90' lang='lat' dir='ltr'><strong><em>eius</em></strong></span> <span class='ocrx_word' id='word_1_114' title='bbox 869 2384 1082 2451; x_wconf 83' lang='lat' dir='ltr'><strong><em>sanctitatem</em></strong></span> <span class='ocrx_word' id='word_1_115' title='bbox 1106 2385 1287 2464; x_wconf 88' lang='lat' dir='ltr'><strong><em>constituit,</em></strong></span> <span class='ocrx_word' id='word_1_116' title='bbox 1319 2385 1501 2467; x_wconf 85' lang='lat' dir='ltr'><strong><em>character,</em></strong></span> 
     </span>
     <span class='ocr_line' id='line_1_16' title="bbox 246 2491 1502 2575; baseline 0.005 -21"><span class='ocrx_word' id='word_1_117' title='bbox 246 2491 396 2572; x_wconf 90' lang='lat' dir='ltr'><strong><em>inquam,</em></strong></span> <span class='ocrx_word' id='word_1_118' title='bbox 421 2495 630 2559; x_wconf 81' lang='lat' dir='ltr'><strong><em>esseutiuliler</em></strong></span> <span class='ocrx_word' id='word_1_119' title='bbox 652 2495 793 2573; x_wconf 79' lang='lat' dir='ltr'><strong><em>morulis,</em></strong></span> <span class='ocrx_word' id='word_1_120' title='bbox 818 2513 881 2574; x_wconf 86' lang='lat' dir='ltr'><strong><em>quo</em></strong></span> <span class='ocrx_word' id='word_1_121' title='bbox 905 2491 956 2557; x_wconf 91' lang='lat' dir='ltr'><strong><em>ius</em></strong></span> <span class='ocrx_word' id='word_1_122' title='bbox 979 2513 1045 2556; x_wconf 92' lang='lat' dir='ltr'><strong><em>non</em></strong></span> <span class='ocrx_word' id='word_1_123' title='bbox 1067 2495 1238 2574; x_wconf 86' lang='lat' dir='ltr'><strong><em>tamquam</em></strong></span> <span class='ocrx_word' id='word_1_124' title='bbox 1258 2493 1380 2575; x_wconf 89' lang='lat' dir='ltr'><strong><em>aliquid</em></strong></span> <span class='ocrx_word' id='word_1_125' title='bbox 1397 2495 1502 2560; x_wconf 90' lang='lat' dir='ltr'><strong><em>solum</em></strong></span> 
     </span>
     <span class='ocr_line' id='line_1_17' title="bbox 248 2598 1502 2677; baseline 0.006 -16"><span class='ocrx_word' id='word_1_126' title='bbox 248 2598 458 2664; x_wconf 84' lang='lat' dir='ltr'><strong><em>extrinsecus</em></strong></span> <span class='ocrx_word' id='word_1_127' title='bbox 482 2601 524 2665; x_wconf 91' lang='lat' dir='ltr'><strong><em>ad</em></strong></span> <span class='ocrx_word' id='word_1_128' title='bbox 547 2600 768 2665; x_wconf 90' lang='lat' dir='ltr'><strong><em>moralitatem</em></strong></span> <span class='ocrx_word' id='word_1_129' title='bbox 793 2599 962 2677; x_wconf 87' lang='lat' dir='ltr'><strong><em>accedens,</em></strong></span> <span class='ocrx_word' id='word_1_130' title='bbox 993 2599 1052 2664; x_wconf 92' lang='lat' dir='ltr'><strong><em>sed</em></strong></span> <span class='ocrx_word' id='word_1_131' title='bbox 1075 2601 1269 2664; x_wconf 82' lang='lat' dir='ltr'><strong><em>iutriuaecua</em></strong></span> <span class='ocrx_word' id='word_1_132' title='bbox 1290 2603 1325 2664; x_wconf 88' lang='lat' dir='ltr'><strong><em>et</em></strong></span> <span class='ocrx_word' id='word_1_133' title='bbox 1347 2602 1502 2668; x_wconf 88' lang='lat' dir='ltr'><strong><em>substan·</em></strong></span> 
     </span>
     <span class='ocr_line' id='line_1_18' title="bbox 248 2703 1503 2774; baseline 0.005 -6"><span class='ocrx_word' id='word_1_134' title='bbox 248 2703 378 2769; x_wconf 90' lang='lat' dir='ltr'><strong><em>tialiter</em></strong></span> <span class='ocrx_word' id='word_1_135' title='bbox 401 2726 473 2770; x_wconf 92' lang='lat' dir='ltr'><strong><em>cum</em></strong></span> <span class='ocrx_word' id='word_1_136' title='bbox 498 2706 660 2772; x_wconf 92' lang='lat' dir='ltr'><strong><em>obiectivo</em></strong></span> <span class='ocrx_word' id='word_1_137' title='bbox 684 2705 800 2770; x_wconf 88' lang='lat' dir='ltr'><strong><em>morali</em></strong></span> <span class='ocrx_word' id='word_1_138' title='bbox 823 2705 936 2770; x_wconf 90' lang='lat' dir='ltr'><strong><em>ordine</em></strong></span> <span class='ocrx_word' id='word_1_139' title='bbox 958 2726 1119 2770; x_wconf 82' lang='lat' dir='ltr'><strong><em>conexum</em></strong></span> <span class='ocrx_word' id='word_1_140' title='bbox 1141 2710 1176 2772; x_wconf 91' lang='lat' dir='ltr'><strong><em>et</em></strong></span> <span class='ocrx_word' id='word_1_141' title='bbox 1200 2726 1273 2770; x_wconf 90' lang='lat' dir='ltr'><strong><em>cum</em></strong></span> <span class='ocrx_word' id='word_1_142' title='bbox 1296 2728 1334 2772; x_wconf 89' lang='lat' dir='ltr'><strong><em>eo</em></strong></span> <span class='ocrx_word' id='word_1_143' title='bbox 1351 2707 1503 2774; x_wconf 87' lang='lat' dir='ltr'><strong><em>similiter</em></strong></span> 
     </span>
     <span class='ocr_line' id='line_1_19' title="bbox 250 2809 1502 2896; baseline 0.005 -23"><span class='ocrx_word' id='word_1_144' title='bbox 250 2809 410 2878; x_wconf 90' lang='lat' dir='ltr'><strong><em>divinitus</em></strong></span> <span class='ocrx_word' id='word_1_145' title='bbox 433 2813 594 2878; x_wconf 89' lang='lat' dir='ltr'><strong><em>sancitum</em></strong></span> <span class='ocrx_word' id='word_1_146' title='bbox 619 2812 743 2896; x_wconf 89' lang='lat' dir='ltr'><strong><em>concipi</em></strong></span> <span class='ocrx_word' id='word_1_147' title='bbox 768 2811 898 2877; x_wconf 88' lang='lat' dir='ltr'><strong><em>omnino</em></strong></span> <span class='ocrx_word' id='word_1_148' title='bbox 922 2812 1051 2878; x_wconf 90' lang='lat' dir='ltr'><strong><em>debeat.</em></strong></span> <span class='ocrx_word' id='word_1_149' title='bbox 1091 2811 1182 2888; x_wconf 85' lang='lat' dir='ltr'><strong><em>Quae</em></strong></span> <span class='ocrx_word' id='word_1_150' title='bbox 1205 2812 1364 2892; x_wconf 89' lang='lat' dir='ltr'><strong><em>doctrina,</em></strong></span> <span class='ocrx_word' id='word_1_151' title='bbox 1388 2834 1502 2896; x_wconf 88' lang='lat' dir='ltr'><strong><em>quem·</em></strong></span> 
     </span>
     <span class='ocr_line' id='line_1_20' title="bbox 250 2917 1501 3004; baseline 0.005 -23"><span class='ocrx_word' id='word_1_152' title='bbox 250 2917 427 2983; x_wconf 89' lang='lat' dir='ltr'><strong><em>admodum</em></strong></span> <span class='ocrx_word' id='word_1_153' title='bbox 457 2919 630 2985; x_wconf 88' lang='lat' dir='ltr'><strong><em>universae</em></strong></span> <span class='ocrx_word' id='word_1_154' title='bbox 661 2919 885 3004; x_wconf 84' lang='lat' dir='ltr'><strong><em>philosophiae</em></strong></span> <span class='ocrx_word' id='word_1_155' title='bbox 912 2917 1112 2985; x_wconf 87' lang='lat' dir='ltr'><strong><em>christianae</em></strong></span> <span class='ocrx_word' id='word_1_156' title='bbox 1135 2920 1314 2984; x_wconf 87' lang='lat' dir='ltr'><strong><em>communis</em></strong></span> <span class='ocrx_word' id='word_1_157' title='bbox 1338 2924 1371 2987; x_wconf 90' lang='lat' dir='ltr'><strong><em>et</em></strong></span> <span class='ocrx_word' id='word_1_158' title='bbox 1387 2925 1501 2987; x_wconf 90' lang='lat' dir='ltr'><strong><em>sancte</em></strong></span> 
     </span>
     <span class='ocr_line' id='line_1_21' title="bbox 251 3013 1500 3105; baseline 0.004 -18"><span class='ocrx_word' id='word_1_159' title='bbox 251 3023 417 3091; x_wconf 89' lang='lat' dir='ltr'><strong><em>custodita</em></strong></span> <span class='ocrx_word' id='word_1_160' title='bbox 446 3024 612 3092; x_wconf 88' lang='lat' dir='ltr'><strong><em>hereditas</em></strong></span> <span class='ocrx_word' id='word_1_161' title='bbox 642 3031 703 3105; x_wconf 89' lang='lat' dir='ltr'><strong><em>est,</em></strong></span> <span class='ocrx_word' id='word_1_162' title='bbox 734 3026 782 3092; x_wconf 87' lang='lat' dir='ltr'><strong><em>ita</em></strong></span> <span class='ocrx_word' id='word_1_163' title='bbox 810 3029 844 3092; x_wconf 90' lang='lat' dir='ltr'><strong><em>et</em></strong></span> <span class='ocrx_word' id='word_1_164' title='bbox 873 3025 1037 3090; x_wconf 89' lang='lat' dir='ltr'><strong><em>humanae</em></strong></span> <span class='ocrx_word' id='word_1_165' title='bbox 1066 3024 1217 3090; x_wconf 88' lang='lat' dir='ltr'><strong><em>societat&#39;</em></strong></span> <span class='ocrx_word' id='word_1_166' title='bbox 1268 3013 1500 3092; x_wconf 84' lang='lat' dir='ltr'><strong><em>solidissimum</em></strong></span> 
     </span>
     <span class='ocr_line' id='line_1_22' title="bbox 252 3130 1501 3216; baseline 0.003 -22"><span class='ocrx_word' id='word_1_167' title='bbox 252 3150 293 3194; x_wconf 90' lang='lat' dir='ltr'><strong><em>ac</em></strong></span> <span class='ocrx_word' id='word_1_168' title='bbox 315 3131 413 3213; x_wconf 90' lang='lat' dir='ltr'><strong><em>plane</em></strong></span> <span class='ocrx_word' id='word_1_169' title='bbox 437 3133 657 3198; x_wconf 84' lang='lat' dir='ltr'><strong><em>necessarium</em></strong></span> <span class='ocrx_word' id='word_1_170' title='bbox 681 3133 929 3198; x_wconf 87' lang='lat' dir='ltr'><strong><em>fundamentum</em></strong></span> <span class='ocrx_word' id='word_1_171' title='bbox 954 3151 1028 3196; x_wconf 87' lang='lat' dir='ltr'><strong><em>esse</em></strong></span> <span class='ocrx_word' id='word_1_172' title='bbox 1050 3130 1263 3214; x_wconf 76' lang='lat' dir='ltr'><strong><em>intellegitur,</em></strong></span> <span class='ocrx_word' id='word_1_173' title='bbox 1302 3131 1387 3198; x_wconf 80' lang='lat' dir='ltr'><strong><em>Eam</em></strong></span> <span class='ocrx_word' id='word_1_174' title='bbox 1402 3154 1501 3216; x_wconf 88' lang='lat' dir='ltr'><strong><em>prop·</em></strong></span> 
     </span>
     <span class='ocr_line' id='line_1_23' title="bbox 251 3237 1501 3322; baseline 0.002 -20"><span class='ocrx_word' id='word_1_175' title='bbox 251 3242 344 3302; x_wconf 85' lang='lat' dir='ltr'><strong><em>terea</em></strong></span> <span class='ocrx_word' id='word_1_176' title='bbox 366 3237 401 3303; x_wconf 92' lang='lat' dir='ltr'><strong><em>in</em></strong></span> <span class='ocrx_word' id='word_1_177' title='bbox 424 3243 630 3305; x_wconf 84' lang='lat' dir='ltr'><strong><em>antecessum</em></strong></span> <span class='ocrx_word' id='word_1_178' title='bbox 656 3245 771 3306; x_wconf 89' lang='lat' dir='ltr'><strong><em>contra</em></strong></span> <span class='ocrx_word' id='word_1_179' title='bbox 794 3239 958 3320; x_wconf 89' lang='lat' dir='ltr'><strong><em>quoslibet</em></strong></span> <span class='ocrx_word' id='word_1_180' title='bbox 980 3237 1176 3322; x_wconf 87' lang='lat' dir='ltr'><strong><em>profanandi</em></strong></span> <span class='ocrx_word' id='word_1_181' title='bbox 1198 3237 1279 3303; x_wconf 88' lang='lat' dir='ltr'><strong><em>imis</em></strong></span> <span class='ocrx_word' id='word_1_182' title='bbox 1301 3238 1501 3304; x_wconf 89' lang='lat' dir='ltr'><strong><em>theoreticos</em></strong></span> 
     </span>
     <span class='ocr_line' id='line_1_24' title="bbox 254 3341 1500 3430; baseline 0.002 -22"><span class='ocrx_word' id='word_1_183' title='bbox 254 3347 390 3410; x_wconf 88' lang='lat' dir='ltr'><strong><em>conatus</em></strong></span> <span class='ocrx_word' id='word_1_184' title='bbox 414 3367 434 3410; x_wconf 89' lang='lat' dir='ltr'><strong><em>a</em></strong></span> <span class='ocrx_word' id='word_1_185' title='bbox 457 3344 788 3430; x_wconf 80' lang='lat' dir='ltr'><strong><em>pseudophilosophis</em></strong></span> <span class='ocrx_word' id='word_1_186' title='bbox 804 3343 1012 3426; x_wconf 86' lang='lat' dir='ltr'><strong><em>excogitatos</em></strong></span> <span class='ocrx_word' id='word_1_187' title='bbox 1027 3343 1060 3408; x_wconf 94' lang='lat' dir='ltr'><strong><em>in</em></strong></span> <span class='ocrx_word' id='word_1_188' title='bbox 1077 3341 1206 3425; x_wconf 81' lang='lat' dir='ltr'><strong><em>signum</em></strong></span> <span class='ocrx_word' id='word_1_189' title='bbox 1222 3343 1411 3426; x_wconf 82' lang='lat' dir='ltr'><strong><em>erigendam</em></strong></span> <span class='ocrx_word' id='word_1_190' title='bbox 1427 3365 1500 3410; x_wconf 87' lang='lat' dir='ltr'><strong><em>esse</em></strong></span> 
     </span>
     <span class='ocr_line' id='line_1_25' title="bbox 253 3469 431 3516; baseline 0.006 -2"><span class='ocrx_word' id='word_1_191' title='bbox 253 3469 431 3516; x_wconf 88' lang='lat' dir='ltr'><strong><em>censemus.</em></strong></span> 
     </span>
    </p>

    <p class='ocr_par' dir='ltr' id='par_1_6' title="bbox 254 3554 1499 4065">
     <span class='ocr_line' id='line_1_26' title="bbox 342 3554 1499 3638; baseline 0.002 -19"><span class='ocrx_word' id='word_1_192' title='bbox 342 3555 443 3620; x_wconf 91' lang='lat' dir='ltr'><strong><em>Porro</em></strong></span> <span class='ocrx_word' id='word_1_193' title='bbox 467 3556 615 3622; x_wconf 90' lang='lat' dir='ltr'><strong><em>nativam</em></strong></span> <span class='ocrx_word' id='word_1_194' title='bbox 638 3556 722 3621; x_wconf 90' lang='lat' dir='ltr'><strong><em>hanc</em></strong></span> <span class='ocrx_word' id='word_1_195' title='bbox 746 3561 779 3623; x_wconf 88' lang='lat' dir='ltr'><strong><em>et</em></strong></span> <span class='ocrx_word' id='word_1_196' title='bbox 802 3555 1045 3622; x_wconf 88' lang='lat' dir='ltr'><strong><em>inalienabilem</em></strong></span> <span class='ocrx_word' id='word_1_197' title='bbox 1068 3554 1173 3620; x_wconf 91' lang='lat' dir='ltr'><strong><em>omnis</em></strong></span> <span class='ocrx_word' id='word_1_198' title='bbox 1196 3554 1268 3620; x_wconf 87' lang='lat' dir='ltr'><strong><em>veri</em></strong></span> <span class='ocrx_word' id='word_1_199' title='bbox 1289 3555 1370 3621; x_wconf 92' lang='lat' dir='ltr'><strong><em>iuris</em></strong></span> <span class='ocrx_word' id='word_1_200' title='bbox 1394 3555 1499 3638; x_wconf 84' lang='lat' dir='ltr'><strong><em>digni-</em></strong></span> 
     </span>
     <span class='ocr_line' id='line_1_27' title="bbox 254 3662 1498 3748; baseline 0.001 -20"><span class='ocrx_word' id='word_1_201' title='bbox 254 3667 355 3728; x_wconf 87' lang='lat' dir='ltr'><strong><em>tatem</em></strong></span> <span class='ocrx_word' id='word_1_202' title='bbox 379 3665 450 3728; x_wconf 89' lang='lat' dir='ltr'><strong><em>tum</em></strong></span> <span class='ocrx_word' id='word_1_203' title='bbox 475 3665 650 3730; x_wconf 84' lang='lat' dir='ltr'><strong><em>esseutiulis</em></strong></span> <span class='ocrx_word' id='word_1_204' title='bbox 674 3666 742 3728; x_wconf 86' lang='lat' dir='ltr'><strong><em>elus</em></strong></span> <span class='ocrx_word' id='word_1_205' title='bbox 766 3665 852 3748; x_wconf 81' lang='lat' dir='ltr'><strong><em>oripo</em></strong></span> <span class='ocrx_word' id='word_1_206' title='bbox 874 3665 945 3728; x_wconf 90' lang='lat' dir='ltr'><strong><em>tum</em></strong></span> <span class='ocrx_word' id='word_1_207' title='bbox 961 3663 1111 3728; x_wconf 80' lang='lat' dir='ltr'><strong><em>allectiva</em></strong></span> <span class='ocrx_word' id='word_1_208' title='bbox 1127 3663 1172 3726; x_wconf 85' lang='lat' dir='ltr'><strong><em>cd</em></strong></span> <span class='ocrx_word' id='word_1_209' title='bbox 1188 3662 1333 3728; x_wconf 77' lang='lat' dir='ltr'><strong><em>ordinem</em></strong></span> <span class='ocrx_word' id='word_1_210' title='bbox 1348 3667 1498 3730; x_wconf 84' lang='lat' dir='ltr'><strong><em>moralem</em></strong></span> 
     </span>
     <span class='ocr_line' id='line_1_28' title="bbox 256 3754 1498 3853; baseline 0.002 -20"><span class='ocrx_word' id='word_1_211' title='bbox 256 3768 402 3833; x_wconf 82' lang='lat' dir='ltr'><strong><em>hebitudo</em></strong></span> <span class='ocrx_word' id='word_1_212' title='bbox 433 3769 504 3853; x_wconf 90' lang='lat' dir='ltr'><strong><em>pari</em></strong></span> <span class='ocrx_word' id='word_1_213' title='bbox 535 3769 732 3836; x_wconf 86' lang='lat' dir='ltr'><strong><em>certitudine</em></strong></span> <span class='ocrx_word' id='word_1_214' title='bbox 765 3754 1013 3836; x_wconf 85' lang='lat' dir='ltr'><strong><em>commonstrat.</em></strong></span> <span class='ocrx_word' id='word_1_215' title='bbox 1060 3768 1167 3846; x_wconf 86' lang='lat' dir='ltr'><strong><em>Quare</em></strong></span> <span class='ocrx_word' id='word_1_216' title='bbox 1198 3769 1289 3834; x_wconf 89' lang='lat' dir='ltr'><strong><em>illam</em></strong></span> <span class='ocrx_word' id='word_1_217' title='bbox 1321 3771 1498 3836; x_wconf 90' lang='lat' dir='ltr'><strong><em>secundum</em></strong></span> 
     </span>
     <span class='ocr_line' id='line_1_29' title="bbox 257 3873 1498 3959; baseline 0.002 -19"><span class='ocrx_word' id='word_1_218' title='bbox 257 3874 412 3957; x_wconf 90' lang='lat' dir='ltr'><strong><em>duplicem</em></strong></span> <span class='ocrx_word' id='word_1_219' title='bbox 444 3875 530 3940; x_wconf 89' lang='lat' dir='ltr'><strong><em>hune</em></strong></span> <span class='ocrx_word' id='word_1_220' title='bbox 559 3879 745 3959; x_wconf 90' lang='lat' dir='ltr'><strong><em>respectum</em></strong></span> <span class='ocrx_word' id='word_1_221' title='bbox 777 3873 984 3959; x_wconf 87' lang='lat' dir='ltr'><strong><em>dispertitam</em></strong></span> <span class='ocrx_word' id='word_1_222' title='bbox 1015 3873 1134 3958; x_wconf 89' lang='lat' dir='ltr'><strong><em>duplici</em></strong></span> <span class='ocrx_word' id='word_1_223' title='bbox 1164 3875 1288 3958; x_wconf 90' lang='lat' dir='ltr'><strong><em>pariter</em></strong></span> <span class='ocrx_word' id='word_1_224' title='bbox 1315 3877 1498 3943; x_wconf 87' lang='lat' dir='ltr'><strong><em>assertione</em></strong></span> 
     </span>
     <span class='ocr_line' id='line_1_30' title="bbox 257 3981 662 4065; baseline 0.005 -19"><span class='ocrx_word' id='word_1_225' title='bbox 257 3984 330 4064; x_wconf 86' lang='lat' dir='ltr'><strong><em>apte</em></strong></span> <span class='ocrx_word' id='word_1_226' title='bbox 352 3981 662 4065; x_wconf 81' lang='lat' dir='ltr'><strong><em>comprehendimus</em></strong></span> 
     </span>
    </p>
   </div>
   <div class='ocr_carea' id='block_1_6' title="bbox 259 4157 1495 4349">
    <p class='ocr_par' dir='ltr' id='par_1_7' title="bbox 259 4157 1495 4349">
     <span class='ocr_line' id='line_1_31' title="bbox 259 4157 1495 4240; baseline 0.001 -18"><span class='ocrx_word' id='word_1_227' title='bbox 259 4157 276 4240; x_wconf 62' lang='grc' dir='ltr'>ἓ</span> <span class='ocrx_word' id='word_1_228' title='bbox 301 4160 326 4224; x_wconf 85' lang='grc'><strong><em>1.</em></strong></span> <span class='ocrx_word' id='word_1_229' title='bbox 364 4157 432 4223; x_wconf 83' lang='lat' dir='ltr'><strong><em>lus</em></strong></span> <span class='ocrx_word' id='word_1_230' title='bbox 456 4179 542 4223; x_wconf 91' lang='lat' dir='ltr'><strong><em>cum</em></strong></span> <span class='ocrx_word' id='word_1_231' title='bbox 567 4159 769 4224; x_wconf 88' lang='lat' dir='ltr'><strong><em>universo</em></strong></span> <span class='ocrx_word' id='word_1_232' title='bbox 798 4157 943 4223; x_wconf 90' lang='lat' dir='ltr'><strong><em>ordine</em></strong></span> <span class='ocrx_word' id='word_1_233' title='bbox 966 4157 1120 4222; x_wconf 89' lang='lat' dir='ltr'><strong><em>morali</em></strong></span> <span class='ocrx_word' id='word_1_234' title='bbox 1143 4177 1394 4222; x_wconf 90' lang='lat' dir='ltr'><strong><em>communem</em></strong></span> <span class='ocrx_word' id='word_1_235' title='bbox 1418 4158 1495 4223; x_wconf 91' lang='lat' dir='ltr'><strong><em>ori·</em></strong></span> 
     </span>
     <span class='ocr_line' id='line_1_32' title="bbox 560 4263 1182 4349; baseline -0.003 -19"><span class='ocrx_word' id='word_1_236' title='bbox 560 4265 695 4349; x_wconf 86' lang='lat' dir='ltr'><strong><em>ginem</em></strong></span> <span class='ocrx_word' id='word_1_237' title='bbox 724 4264 905 4330; x_wconf 86' lang='lat' dir='ltr'><strong><em>divinam</em></strong></span> <span class='ocrx_word' id='word_1_238' title='bbox 936 4263 1182 4347; x_wconf 87' lang='lat' dir='ltr'><strong><em>participat.</em></strong></span> 
     </span>
    </p>
   </div>
   <div class='ocr_carea' id='block_1_7' title="bbox 260 4393 1494 4884">
    <p class='ocr_par' dir='ltr' id='par_1_8' title="bbox 260 4393 1494 4884">
     <span class='ocr_line' id='line_1_33' title="bbox 260 4393 1494 4498; baseline 0.006 -24"><span class='ocrx_word' id='word_1_239' title='bbox 260 4403 322 4474; x_wconf 78' lang='lat' dir='ltr'><strong><em>let.</em></strong></span> <span class='ocrx_word' id='word_1_240' title='bbox 406 4393 562 4477; x_wconf 73' lang='lat' dir='ltr'><strong><em>Thebis</em></strong></span> <span class='ocrx_word' id='word_1_241' title='bbox 590 4393 743 4476; x_wconf 76' lang='lat' dir='ltr'><strong>XLIV·</strong></span> <span class='ocrx_word' id='word_1_242' title='bbox 786 4417 889 4482; x_wconf 85' lang='lat' dir='ltr'><strong><em>(tmne</em></strong></span> <span class='ocrx_word' id='word_1_243' title='bbox 917 4419 971 4480; x_wconf 89' lang='lat' dir='ltr'><strong><em>ius</em></strong></span> <span class='ocrx_word' id='word_1_244' title='bbox 1000 4417 1193 4480; x_wconf 83' lang='lat' dir='ltr'><strong><em>formaliter</em></strong></span> <span class='ocrx_word' id='word_1_245' title='bbox 1213 4435 1280 4494; x_wconf 85' lang='lat' dir='ltr'><strong><em>qna</em></strong></span> <span class='ocrx_word' id='word_1_246' title='bbox 1304 4419 1391 4498; x_wconf 86' lang='lat' dir='ltr'><strong><em>tale,</em></strong></span> <span class='ocrx_word' id='word_1_247' title='bbox 1419 4419 1444 4480; x_wconf 86' lang='lat' dir='ltr'><strong><em>i.</em></strong></span> <span class='ocrx_word' id='word_1_248' title='bbox 1464 4437 1494 4482; x_wconf 89' lang='lat' dir='ltr'><strong><em>e.</em></strong></span> 
     </span>
     <span class='ocr_line' id='line_1_34' title="bbox 261 4514 1494 4596; baseline 0.002 -20"><span class='ocrx_word' id='word_1_249' title='bbox 261 4515 432 4578; x_wconf 87' lang='lat' dir='ltr'><strong><em>secundum</em></strong></span> <span class='ocrx_word' id='word_1_250' title='bbox 459 4515 733 4595; x_wconf 80' lang='lat' dir='ltr'><strong><em>irrefragabilem</em></strong></span> <span class='ocrx_word' id='word_1_251' title='bbox 762 4532 861 4578; x_wconf 88' lang='lat' dir='ltr'><strong><em>sunm</em></strong></span> <span class='ocrx_word' id='word_1_252' title='bbox 888 4516 1043 4596; x_wconf 78' lang='lat' dir='ltr'><strong><em>vigorem</em></strong></span> <span class='ocrx_word' id='word_1_253' title='bbox 1071 4514 1342 4594; x_wconf 86' lang='lat' dir='ltr'><strong><em>consideratum,</em></strong></span> <span class='ocrx_word' id='word_1_254' title='bbox 1370 4534 1388 4578; x_wconf 88' lang='lat' dir='ltr'><strong><em>e</em></strong></span> <span class='ocrx_word' id='word_1_255' title='bbox 1414 4533 1494 4594; x_wconf 84' lang='lat' dir='ltr'><strong><em>quo·</em></strong></span> 
     </span>
     <span class='ocr_line' id='line_1_35' title="bbox 262 4611 1493 4692; baseline 0.002 -19"><span class='ocrx_word' id='word_1_256' title='bbox 262 4630 389 4690; x_wconf 82' lang='lat' dir='ltr'><strong><em>cumque</em></strong></span> <span class='ocrx_word' id='word_1_257' title='bbox 410 4613 507 4676; x_wconf 82' lang='lat' dir='ltr'><strong><em>fonte</em></strong></span> <span class='ocrx_word' id='word_1_258' title='bbox 535 4611 728 4674; x_wconf 88' lang='lat' dir='ltr'><strong><em>immediato</em></strong></span> <span class='ocrx_word' id='word_1_259' title='bbox 749 4614 959 4692; x_wconf 83' lang='lat' dir='ltr'><strong><em>manaverit,</em></strong></span> <span class='ocrx_word' id='word_1_260' title='bbox 988 4615 1042 4677; x_wconf 92' lang='lat' dir='ltr'><strong><em>vel</em></strong></span> <span class='ocrx_word' id='word_1_261' title='bbox 1069 4613 1303 4690; x_wconf 85' lang='lat' dir='ltr'><strong><em>undecumque</em></strong></span> <span class='ocrx_word' id='word_1_262' title='bbox 1326 4613 1364 4674; x_wconf 92' lang='lat' dir='ltr'><strong><em>in</em></strong></span> <span class='ocrx_word' id='word_1_263' title='bbox 1388 4614 1493 4690; x_wconf 86' lang='lat' dir='ltr'><strong><em>parti·</em></strong></span> 
     </span>
     <span class='ocr_line' id='line_1_36' title="bbox 262 4709 1493 4789; baseline 0.002 -19"><span class='ocrx_word' id='word_1_264' title='bbox 262 4710 356 4771; x_wconf 89' lang='lat' dir='ltr'><strong><em>culari</em></strong></span> <span class='ocrx_word' id='word_1_265' title='bbox 376 4728 473 4772; x_wconf 87' lang='lat' dir='ltr'><strong><em>suam</em></strong></span> <span class='ocrx_word' id='word_1_266' title='bbox 494 4711 619 4772; x_wconf 89' lang='lat' dir='ltr'><strong><em>realem</em></strong></span> <span class='ocrx_word' id='word_1_267' title='bbox 641 4709 957 4773; x_wconf 87' lang='lat' dir='ltr'><strong><em>determinationem</em></strong></span> <span class='ocrx_word' id='word_1_268' title='bbox 979 4710 1159 4789; x_wconf 84' lang='lat' dir='ltr'><strong><em>acceperit,</em></strong></span> <span class='ocrx_word' id='word_1_269' title='bbox 1183 4728 1204 4772; x_wconf 90' lang='lat' dir='ltr'><strong><em>a</em></strong></span> <span class='ocrx_word' id='word_1_270' title='bbox 1224 4710 1341 4775; x_wconf 88' lang='lat' dir='ltr'><strong><em>divina</em></strong></span> <span class='ocrx_word' id='word_1_271' title='bbox 1362 4709 1493 4772; x_wconf 89' lang='lat' dir='ltr'><strong><em>demum</em></strong></span> 
     </span>
     <span class='ocr_line' id='line_1_37' title="bbox 263 4805 1065 4884; baseline 0.004 -17"><span class='ocrx_word' id='word_1_272' title='bbox 263 4807 451 4870; x_wconf 84' lang='lat' dir='ltr'><strong><em>auctoritate</em></strong></span> <span class='ocrx_word' id='word_1_273' title='bbox 473 4805 649 4869; x_wconf 86' lang='lat' dir='ltr'><strong><em>descendit</em></strong></span> <span class='ocrx_word' id='word_1_274' title='bbox 671 4823 777 4884; x_wconf 83' lang='lat' dir='ltr'><strong><em>eaque</em></strong></span> <span class='ocrx_word' id='word_1_275' title='bbox 799 4808 874 4870; x_wconf 88' lang='lat' dir='ltr'><strong><em>solu</em></strong></span> <span class='ocrx_word' id='word_1_276' title='bbox 895 4808 1065 4870; x_wconf 83' lang='lat' dir='ltr'><strong><em>subsistit.</em></strong></span> 
     </span>
    </p>
   </div>
   <div class='ocr_carea' id='block_1_8' title="bbox 264 4925 1491 5116">
    <p class='ocr_par' dir='ltr' id='par_1_9' title="bbox 264 4925 1491 5116">
     <span class='ocr_line' id='line_1_38' title="bbox 338 4925 1490 5012; baseline 0.003 -21"><span class='ocrx_word' id='word_1_277' title='bbox 338 4926 361 4990; x_wconf 92' lang='lat' dir='ltr'>P</span> <span class='ocrx_word' id='word_1_278' title='bbox 369 4925 644 4993; x_wconf 89' lang='lat' dir='ltr'><strong><em>raanotanda.</em></strong></span> <span class='ocrx_word' id='word_1_279' title='bbox 687 4928 715 4992; x_wconf 95' lang='grc'><strong><em>1.</em></strong></span> <span class='ocrx_word' id='word_1_280' title='bbox 740 4925 806 4991; x_wconf 89' lang='lat' dir='ltr'><strong><em>Ubi</em></strong></span> <span class='ocrx_word' id='word_1_281' title='bbox 829 4925 870 4991; x_wconf 91' lang='lat' dir='ltr'><strong><em>de</em></strong></span> <span class='ocrx_word' id='word_1_282' title='bbox 894 4926 1020 5009; x_wconf 85' lang='lat' dir='ltr'><strong><em>origine</em></strong></span> <span class='ocrx_word' id='word_1_283' title='bbox 1035 4927 1116 4992; x_wconf 88' lang='lat' dir='ltr'><strong><em>iuris</em></strong></span> <span class='ocrx_word' id='word_1_284' title='bbox 1132 4929 1281 5012; x_wconf 90' lang='lat' dir='ltr'><strong><em>quaestio</em></strong></span> <span class='ocrx_word' id='word_1_285' title='bbox 1297 4928 1490 5007; x_wconf 89' lang='lat' dir='ltr'><strong><em>instituitur,</em></strong></span> 
     </span>
     <span class='ocr_line' id='line_1_39' title="bbox 264 5031 1491 5116; baseline 0.002 -18"><span class='ocrx_word' id='word_1_286' title='bbox 264 5037 329 5099; x_wconf 87' lang='lat' dir='ltr'><strong><em>ante</em></strong></span> <span class='ocrx_word' id='word_1_287' title='bbox 349 5035 457 5098; x_wconf 87' lang='lat' dir='ltr'><strong><em>omnia</em></strong></span> <span class='ocrx_word' id='word_1_288' title='bbox 480 5032 601 5116; x_wconf 87' lang='lat' dir='ltr'><strong><em>duplex</em></strong></span> <span class='ocrx_word' id='word_1_289' title='bbox 629 5031 835 5110; x_wconf 88' lang='lat' dir='ltr'><strong><em>elementum,</em></strong></span> <span class='ocrx_word' id='word_1_290' title='bbox 867 5052 929 5114; x_wconf 88' lang='lat' dir='ltr'><strong><em>quo</em></strong></span> <span class='ocrx_word' id='word_1_291' title='bbox 961 5052 1056 5096; x_wconf 87' lang='lat' dir='ltr'><strong><em>omne</em></strong></span> <span class='ocrx_word' id='word_1_292' title='bbox 1083 5031 1134 5096; x_wconf 90' lang='lat' dir='ltr'><strong><em>ius</em></strong></span> <span class='ocrx_word' id='word_1_293' title='bbox 1163 5032 1298 5100; x_wconf 85' lang='lat' dir='ltr'><strong><em>realiter</em></strong></span> <span class='ocrx_word' id='word_1_294' title='bbox 1327 5034 1491 5100; x_wconf 86' lang='lat' dir='ltr'><strong><em>exsistens</em></strong></span> 
     </span>
    </p>
   </div>
   <div class='ocr_carea' id='block_1_9' title="bbox 0 0 1977 5842">
    <p class='ocr_par' dir='ltr' id='par_1_10' title="bbox 0 0 1977 5842">
     <span class='ocr_line' id='line_1_40' title="bbox 0 0 1977 5842; baseline 0 0"><span class='ocrx_word' id='word_1_295' title='bbox 0 0 1977 5842; x_wconf 95' lang='lat' dir='ltr'><strong><em> </em></strong></span> 
     </span>
    </p>
   </div>
  </div>
 </body>
</html>
