3909 5842
414 655 454 710 Da
473 655 562 710 officio
581 655 609 710 in
628 673 735 724 genere.
757 685 788 694 -
809 656 849 710 De
867 658 926 712 iuro
945 676 993 729 pro
1011 658 1126 712 iuridiea
1144 658 1281 728 potestate
1299 662 1419 729 accepto.
1475 665 1539 730 379

275 835 409 919 ligant,
434 835 455 901 i.
480 855 509 901 e.
533 835 575 901 ad
599 855 695 900 casus
718 835 935 920 particulares
959 833 1192 918 obligationem
1208 832 1333 900 tamdiu
1348 855 1409 917 per
1424 856 1460 900 se
1475 857 1540 902 non

278 942 486 1019 extendunt,
511 941 664 1024 quamdiu
688 961 748 1024 per
770 940 925 1008 adiuncta
946 945 1104 1008 concreta
1127 939 1169 1006 ad
1191 938 1225 1002 id
1241 938 1461 1007 determinata
1475 963 1541 1008 non

279 1047 427 1126 fuerint,
450 1047 602 1114 similiter
625 1047 864 1130 quodammodo
887 1046 1103 1132 hypothetica
1125 1043 1285 1129 appellari
1309 1050 1455 1128 possunt.

385 1157 414 1218 2.
440 1155 577 1220 Ratione
596 1153 803 1236 fundamenti
824 1157 983 1240 proximi:
1004 1152 1039 1218 in
1058 1160 1194 1218 connato
1211 1149 1416 1234 (originaria)
1432 1157 1467 1218 et
1482 1155 1539 1219 ed·

282 1261 423 1324 ventitie
447 1256 635 1342 (derivata).
683 1260 746 1324 Ille
770 1263 856 1336 sunt,
882 1279 965 1341 quae
988 1259 1022 1323 in
1045 1261 1165 1324 natura
1179 1257 1322 1324 bumana
1337 1259 1471 1341 eiusque
1487 1280 1539 1325 es·

283 1364 486 1432 sentielibus
502 1365 717 1433 relationibus
731 1366 780 1433 ita
795 1365 985 1432 immediate
999 1364 1190 1442 fundantur,
1206 1368 1245 1430 nt
1260 1365 1302 1430 ad
1318 1365 1370 1430 sui
1384 1365 1540 1431 determi-

285 1470 461 1537 nationem
484 1472 608 1540 nullum
624 1473 712 1538 aliud
729 1473 854 1540 tactum
870 1477 1004 1558 praeter
1017 1472 1142 1538 realem
1156 1471 1296 1537 hominis
1312 1472 1540 1540 exsistentiam

286 1578 480 1660 requirant3
511 1581 588 1648 baec
616 1601 696 1646 vero
728 1580 876 1664 proxime
907 1580 1057 1646 oriuntur
1086 1599 1128 1643 ex
1158 1578 1372 1644 relationibus
1402 1583 1541 1646 naturae

288 1685 457 1750 communi
489 1686 710 1770 superadditis
742 1691 777 1753 et
809 1685 978 1770 (respectu
1013 1683 1229 1768 singulorum)
1265 1685 1539 1768 contingentibus,

293 1795 377 1874 puta
399 1793 640 1860 interveniente
664 1797 836 1860 contractu
859 1794 911 1860 vel
937 1793 1002 1859 alio
1025 1793 1115 1859 facto
1139 1792 1389 1870 determinante,
1420 1813 1440 1859 a
1462 1793 1540 1858 sim·

292 1895 370 1980 plici
405 1897 548 1965 humane
583 1899 797 1977 exsistentia,
834 1921 898 1982 qua
933 1920 1047 1964 omnes
1081 1897 1229 1963 homines
1265 1898 1419 1982 aequales
1452 1903 1539 1979 sunt,

294 2001 459 2070 distincto.

384 2114 413 2176 3.
439 2113 575 2178 Ratione
597 2116 726 2178 termini
749 2115 925 2194 relationis,
949 2132 1046 2194 quem
1070 2110 1266 2195 respiciunt:
1290 2111 1323 2176 in
1340 2110 1448 2177 officia
1464 2135 1539 2197 erpo

292 2217 397 2282 Deum
421 2217 613 2302 (religiosa),
639 2242 714 2306 erpa
737 2222 941 2304 nosmetipsos
965 2216 1207 2300 (immanentis)
1231 2222 1264 2283 et
1289 2239 1365 2302 erpa
1389 2221 1469 2284 otios
1487 2220 1539 2284 bo-

292 2327 394 2389 mines
417 2325 637 2405 (transeuntia
661 2346 717 2390 seu
741 2324 874 2390 socialia
898 2324 999 2390 latius
1022 2324 1134 2404 dieta).

384 2434 413 2498 4.
438 2433 575 2498 Ratione
598 2435 650 2497 sni
673 2440 831 2516 respectus
855 2433 899 2496 nd
923 2433 1069 2496 ordinem
1091 2433 1252 2496 iustitiae:
1275 2429 1309 2494 in
1332 2429 1440 2496 officia
1456 2434 1540 2496 inri-

296 2535 368 2599 dicn
398 2557 455 2602 seu
485 2537 631 2605 iustitiae
655 2537 963 2622 (Rechtspfliehten)
988 2542 1022 2604 et
1044 2560 1129 2603 mere
1152 2538 1252 2603 ethico
1279 2536 1363 2617 (rein
1393 2537 1539 2603 ethiscbe

295 2639 478 2726 Pflichten).
525 2645 570 2710 Et
593 2644 752 2727 siquidem
776 2643 885 2710 officia
907 2643 1054 2710 iustitiae
1078 2642 1135 2722 (ex
1156 2643 1338 2709 rationibus
1364 2643 1451 2710 infra
1481 2665 1540 2710 ex-

294 2746 466 2831 plicandis)
495 2750 528 2816 id
558 2750 619 2816 sibi
642 2750 807 2834 proprium
831 2751 964 2828 habent,
998 2755 1036 2816 ut
1058 2749 1101 2815 ad
1123 2771 1217 2816 sunm
1241 2750 1365 2816 realem
1387 2752 1538 2818 effectum

295 2853 394 2921 etism
425 2856 573 2924 adbibita
603 2857 772 2924 coactione
801 2855 914 2940 urgeri
942 2855 1089 2940 legitime
1119 2857 1264 2936 valeant,
1295 2855 1409 2922 eadem
1440 2857 1539 2940 vulgo

293 2959 404 3028 officia
434 2967 586 3030 nunnioni
609 2965 744 3030 obnoxia
769 2963 1007 3048 (erzwingbare
1029 2963 1215 3046 Pfliebton),
1247 2967 1358 3028 cetera
1387 2967 1540 3030 coactioni

294 3087 357 3133 non
388 3070 524 3135 obnoxio
556 3069 660 3154 (nieht
692 3071 916 3154 erzwingbare
941 3067 1115 3151 Pfliehten)
1145 3069 1325 3152 nuncupari
1355 3069 1471 3134 solent.
1494 3108 1539 3117 —

295 3173 347 3238 Ab
377 3173 438 3240 hoo
469 3176 600 3242 nomine
629 3179 760 3242 tantum
790 3177 900 3242 differt
922 3175 1058 3260 partitio
1083 3175 1262 3241 officiorum
1285 3175 1320 3239 in
1340 3175 1481 3260 perfectu
1506 3179 1539 3242 et

292 3281 492 3366 imperfecte,
524 3303 608 3364 quae
638 3282 788 3350 similiter
818 3283 860 3348 ad
890 3283 1028 3348 eandem
1053 3281 1142 3347 illam
1177 3280 1403 3346 diversitatem
1437 3279 1538 3363 signi-

293 3386 454 3452 ficandam
479 3392 666 3473 usurpatur.
693 3389 820 3473 Nempe
844 3389 953 3455 officia
976 3387 1139 3455 coactioni
1155 3388 1298 3454 obnoxia
1321 3386 1420 3452 etiam
1449 3407 1538 3470 ,per-

293 3489 414 3572 fectu“,
446 3495 571 3577 reliqua
599 3495 827 3579 ,imperfecta“
856 3495 1018 3573 dicuntur,
1049 3515 1115 3559 non
1145 3493 1231 3576 quod
1260 3493 1318 3558 illa
1346 3492 1538 3578 perfectam,

294 3596 374 3662 haec
397 3597 624 3684 imperfectam
648 3601 804 3667 moralem
829 3601 1063 3684 obligationem
1086 3600 1243 3666 inducant
1267 3600 1314 3682 (id
1337 3600 1423 3682 qnod
1451 3620 1538 3665 eom·

294 3704 382 3768 muni
406 3706 585 3774 officiorum
612 3709 729 3774 rationi
761 3707 986 3792 repugnaret),
1018 3707 1076 3773 sed
1106 3708 1192 3790 quod
1223 3729 1327 3790 genus
1357 3705 1537 3772 officiorum

295 3809 455 3877 coactioni
485 3835 550 3879 non
580 3813 754 3880 obnoxium
786 3814 913 3881 ratione
943 3814 1038 3878 huius
1067 3813 1306 3897 complementi,
1340 3834 1403 3896 quo
1436 3817 1537 3890 earet,

294 3916 387 3998 quasi
409 3916 636 4003 imperfectum
660 3919 827 3986 aestimari
852 3919 966 4004 possit.

381 4023 466 4089 Prae
482 4025 601 4092 ceteris
613 4027 694 4092 haec
706 4025 821 4092 ultima
833 4025 1015 4092 officiorum
1027 4025 1144 4090 divisio
1160 4025 1202 4091 ad
1218 4046 1374 4109 praesens
1390 4027 1538 4091 nostrum

294 4130 495 4213 propositum
520 4131 723 4215 potissimum
748 4133 902 4216 pertinet.
934 4133 1015 4197 Eius
1034 4135 1143 4197 autem
1161 4131 1294 4215 propria
1309 4133 1395 4197 ratio
1411 4136 1445 4197 et
1461 4153 1539 4198 usus

295 4257 335 4302 ex
358 4236 407 4314 iis,
440 4257 524 4319 quae
548 4237 587 4304 de
611 4238 681 4304 iure
705 4242 739 4304 et
762 4237 842 4304 iuris
865 4237 1026 4304 relatione
1050 4238 1276 4320 subiungenda
1303 4240 1390 4316 sunt,
1421 4241 1538 4321 sponte

295 4343 521 4411 illustrabitur.

382 4546 454 4629 §2-
490 4546 546 4610 De
575 4546 666 4612 iure
697 4567 769 4629 pro
799 4545 982 4612 iuridioa
1012 4549 1232 4630 potestate
1262 4552 1447 4630 accepto.

295 4665 362 4738 452.
454 4669 532 4736 Idea
561 4670 641 4736 iuris
671 4675 840 4753 tamquam
871 4670 1038 4736 euinsdam
1070 4670 1246 4754 potestatis
1275 4669 1309 4734 in
1339 4671 1538 4738 conscientia

296 4773 436 4840 omniurn
461 4776 626 4841 hominum
650 4775 778 4842 ratione
801 4776 963 4842 utentium
988 4780 1100 4843 exstat
1124 4781 1280 4842 constans
1296 4780 1330 4842 et
1345 4776 1536 4856 indelebilis,

296 4879 408 4945 eadem
432 4881 557 4949 scilieet
581 4881 707 4947 directa
730 4881 897 4948 evidentia
919 4881 1040 4948 rationi
1063 4881 1280 4960 innotescens,
1306 4903 1370 4964 qua
1385 4903 1538 4967 suprema

296 4986 417 5054 ordinis
440 4989 574 5055 moralis
596 4989 756 5074 principia
780 4993 814 5056 et
837 4988 912 5055 idea
935 4988 1144 5072 obligationis
1167 4987 1301 5054 moralis
1324 4989 1365 5054 ab
1389 5009 1429 5054 ea
1444 4989 1538 5072 igno·
