3909 5842
412 654 504 692 xxxrv
946 638 1127 693 Prooemium.

413 840 498 902 quae
521 818 569 883 illi
593 819 775 885 docueruut
803 839 942 884 erronea
969 824 1028 886 aut
1052 838 1163 885 errore
1187 817 1382 895 commixta,
1414 816 1565 883 adhibita
1597 819 1676 883 luce

413 924 595 991 christiana
628 925 671 990 ad
705 925 882 991 veritatem
918 928 1018 1007 atque
1057 924 1235 1009 puritatem
1269 923 1459 1006 redigerent
1471 926 1493 988 ¹.
1549 924 1676 1007 Itaque

414 1030 470 1097 SS.
495 1031 613 1097 Patres
636 1030 803 1113 ceterique
826 1030 1041 1097 ecclesiastici
1065 1030 1243 1114 scriptores
1267 1029 1481 1095 emendantes
1505 1028 1677 1113 imprimis

414 1138 622 1220 antiquorum
646 1158 792 1215 errores,
821 1137 877 1219 qui
907 1138 950 1205 ad
982 1158 1090 1203 mores
1121 1142 1156 1203 et
1178 1137 1282 1202 ultam
1312 1138 1402 1201 recte
1425 1136 1673 1202 instituendam

414 1245 639 1328 pertinebant,
670 1245 776 1328 ipsam
800 1244 981 1311 doctrinam
1005 1266 1132 1311 morum
1162 1242 1342 1328 praeclaris
1365 1242 1499 1327 scriptis
1521 1264 1588 1308 non
1616 1264 1673 1307 so·

413 1352 481 1416 lum
503 1351 698 1434 theologice,
722 1350 781 1416 sed
797 1350 898 1417 etiam
913 1350 1138 1434 philosophice
1153 1350 1371 1417 illustrarunt.
1404 1349 1449 1415 Et
1464 1349 1546 1414 licet
1563 1348 1673 1433 philo·

413 1458 562 1542 sophiam
591 1458 749 1523 moralem
773 1478 837 1521 non
861 1461 898 1523 ut
922 1456 1054 1538 aliquod
1077 1457 1221 1542 speciale
1251 1476 1369 1540 corpus
1399 1454 1560 1521 scientiae
1589 1476 1677 1539 per·

413 1562 651 1641 tractaverint,
681 1562 845 1629 inlinitum
874 1567 988 1629 tamen
1012 1562 1246 1647 propemodum
1271 1561 1440 1628 doctrinae
1470 1560 1674 1627 thesaurum

412 1668 446 1733 in
469 1668 531 1734 hoc
554 1669 713 1736 scientiae
734 1690 866 1751 genere,
890 1690 956 1734 non
972 1668 1078 1735 solum
1095 1668 1185 1735 vitae
1200 1668 1363 1752 privatae,
1388 1667 1445 1733 sed
1463 1670 1498 1733 et
1514 1666 1676 1750 publicae

414 1777 672 1855 accomodatum,
689 1781 895 1859 posterorum
910 1775 1028 1843 studiis
1044 1776 1257 1857 reliquerunt,
1275 1780 1375 1857 atque
1391 1775 1440 1840 ita
1455 1774 1544 1839 illius
1556 1778 1672 1857 syste-

414 1881 533 1947 matioe
563 1882 691 1947 demum
722 1883 961 1950 construendae
991 1882 1208 1948 fundamenta
1240 1881 1337 1947 simul
1368 1884 1469 1962 atque
1499 1880 1673 1946 elementa

414 1994 663 2072 praepararunt.
710 1988 781 2065 Qua
813 1988 847 2055 iu
877 2010 913 2055 re
937 2010 980 2055 ex
1003 1988 1171 2055 veteribus
1201 1988 1322 2072 partim
1347 1988 1519 2053 Platonem
1543 1988 1671 2071 partim

414 2094 628 2162 Aristotelem
643 2095 823 2161 identidem
837 2096 871 2161 in
887 2094 1059 2161 servitium
1076 2094 1124 2160 rei
1140 2094 1341 2161 christianas
1358 2098 1511 2159 vocatum
1529 2115 1603 2159 esse
1616 2094 1671 2158 vi-

415 2198 538 2267 demus.
564 2201 755 2267 Generatim
770 2202 858 2267 illius
874 2200 984 2285 potius
1000 2200 1144 2282 vestigia
1160 2200 1193 2265 in
1210 2200 1411 2285 ostendendo
1428 2200 1671 2279 summobono,

414 2304 510 2371 buius
533 2310 644 2373 autem
668 2307 702 2371 in
725 2307 947 2373 describendis
970 2306 1149 2372 moralibus
1172 2305 1352 2372 virtutibus
1375 2306 1609 2388 sequebantur.

504 2411 557 2476 Ex
580 2413 796 2497 scriptoribus
819 2412 916 2479 istius
939 2412 1083 2479 aetatis2
1106 2411 1159 2477 hio
1182 2411 1375 2477 nominatim
1391 2432 1672 2477 commemorasse

415 2517 559 2583 sufficiat
577 2519 764 2585 Clementem
779 2520 1048 2601 Alexandrinum,
1068 2519 1243 2603 Oriqenern,
1260 2519 1294 2584 S.
1308 2518 1480 2601 Basiliam,
1497 2520 1532 2584 S.
1546 2520 1670 2604 Greqo-

415 2628 502 2691 rium
524 2625 789 2706 Nazianzenum,
822 2629 856 2692 S.
882 2628 1073 2710 Greporiuur
1103 2624 1300 2709 nyssenum,
1332 2628 1366 2691 S.
1398 2626 1670 2709 Chryeostomunr,

415 2732 449 2797 S.
467 2730 668 2796 Ambrosium
693 2734 728 2797 et
744 2733 777 2798 S.
794 2734 1021 2817 Aequanum.
1054 2730 1100 2795 Et
1122 2728 1174 2794 hio
1198 2729 1329 2812 quidem
1345 2730 1514 2796 Ecclesiae
1530 2732 1670 2807 Doctor,

416 2841 576 2918 quantum
600 2838 701 2904 etiam
723 2837 810 2904 inter
832 2837 1043 2921 philosophos
1073 2836 1161 2901 illius
1184 2836 1306 2902 aetatis
1329 2836 1532 2920 amplissima
1556 2838 1670 2902 erudi·

416 2943 506 3009 tione
528 2962 594 3006 non
617 2942 724 3006 minus
748 2963 845 3024 quam
864 2942 1091 3027 profunditate
1107 2941 1276 3008 doctrinae
1292 2942 1475 3021 eminuerit,
1500 2965 1597 3009 uerno
1614 2952 1672 3011 est

416 3049 471 3131 qui
493 3050 636 3131 ignorat.
684 3049 720 3113 ln
745 3051 892 3133 practica
922 3050 1023 3116 etiam
1046 3048 1253 3133 philosophia
1275 3049 1346 3133 ipse
1369 3070 1433 3113 non
1457 3050 1563 3114 solum
1588 3051 1670 3115 doc·

415 3154 535 3220 trinam
559 3175 695 3233 morum,
720 3154 778 3219 sed
795 3156 895 3221 etiam
911 3156 1050 3222 sociales
1066 3155 1290 3221 institutiones
1307 3154 1478 3239 speciatim
1494 3154 1527 3221 in
1544 3176 1671 3238 magno

416 3282 514 3345 opere
542 3262 610 3340 ,De
634 3261 771 3328 civitate
794 3262 873 3327 Dei“
908 3264 1099 3347 complexus
1130 3267 1190 3329 est.
1238 3262 1333 3327 Hunc
1360 3267 1537 3347 propterea
1561 3264 1669 3329 veluti
1774 3278 1775 3301 r

416 3367 683 3451 probatissimum
707 3368 822 3432 ducem
847 3368 1014 3452 complura
1038 3368 1191 3453 deinceps
1215 3370 1349 3434 saecula
1372 3368 1615 3435 celebraruntl.

505 3474 683 3539 Asaeculo
700 3478 811 3539 autem
827 3473 907 3538 VIII
930 3474 1136 3559 philosophia
1159 3476 1339 3541 christiana
1364 3475 1471 3559 magis
1493 3476 1668 3557 magisque
1774 3512 1775 3535 r

416 3579 643 3664 philosophiae
665 3578 899 3645 Aristotelicas
923 3581 1106 3663 superstrui
1130 3582 1246 3665 coepit.
1294 3584 1356 3660 At,
1380 3581 1459 3647 licet
1481 3602 1545 3646 non
1570 3581 1669 3663 pauci
1774 3554 1775 3601 ³

416 3686 554 3753 subtiles
578 3685 803 3752 commentarii
821 3685 854 3749 in
870 3684 972 3751 libros
989 3686 1114 3751 ethicos
1131 3686 1320 3754 Aristotelis
1337 3686 1515 3769 conscripti
1531 3686 1666 3763 fuerint,
1774 3728 1775 3731 =

417 3813 455 3857 eo
471 3792 578 3856 minus
594 3796 705 3857 tamen
722 3791 811 3857 felici
827 3812 981 3858 successu
1003 3796 1129 3859 actutu
1147 3792 1303 3858 scientiae
1327 3792 1436 3857 fructu
1458 3792 1540 3857 haec
1556 3792 1669 3859 studia

416 3904 494 3964 tunc
518 3897 648 3979 quidem
672 3902 827 3982 suscepta
850 3918 923 3965 esse
947 3901 1095 3977 constat,
1121 3900 1205 3981 quod
1230 3920 1363 3984 operum
1389 3900 1570 3983 stagiritae
1593 3900 1667 3985 ipsa

416 4003 647 4088 interpretatio
677 4024 794 4086 parum
824 4009 898 4071 tuta
927 4010 962 4071 et
992 4026 1050 4088 por
1074 4006 1220 4071 Arabes4
1244 4006 1430 4071 deformata
1454 4006 1666 4073 circumfere-

361 4130 367 4141 ’
417 4114 522 4177 hatur.
573 4110 625 4175 Ab
657 4108 708 4174 his
741 4111 913 4176 conatibus
945 4111 1108 4195 paulatim
1142 4118 1342 4195 praeparata
1378 4116 1478 4195 atque
1513 4114 1666 4181 similiter

416 4216 566 4299 vestigiis
588 4216 780 4283 Aristotelis
803 4217 959 4283 insistens
982 4218 1109 4284 felicior
1131 4219 1289 4285 successit

506 4325 535 4388 2.
553 4322 760 4408 Philosophia
776 4344 900 4388 morunt
916 4324 1014 4388 medii
1030 4326 1099 4390 oevi
1114 4347 1169 4389 seu
1186 4326 1371 4390 scholastico
1388 4347 1409 4389 o
1425 4328 1549 4391 saeculo
1566 4328 1665 4392 XIII.

416 4429 526 4493 Instar
557 4428 648 4494 ducis
678 4449 717 4493 ac
745 4428 901 4513 principis
928 4430 1024 4494 huius
1055 4430 1186 4495 scholae
1216 4431 1334 4495 merito
1365 4430 1583 4497 nominandus
1614 4438 1667 4498 est

509 4614 517 4643 ¹
537 4610 578 4665 Ol.
597 4613 725 4681 Haffner,
744 4612 858 4667 Grundl.
878 4612 925 4667 der
944 4612 1109 4668 Gesuhiohte
1128 4612 1176 4665 der
1195 4613 1370 4683 Philosophia
1389 4614 1442 4669 273
1456 4615 1482 4667 ff.

507 4701 517 4732 ⁹
535 4700 635 4753 Fusius
653 4701 686 4753 de
705 4699 739 4753 iis
757 4701 785 4753 in
805 4700 896 4754 varias
916 4701 1020 4756 classes
1044 4700 1197 4755 distributis
1223 4701 1280 4768 agit
1299 4704 1419 4769 Hnffner
1437 4702 1454 4756 l.
1475 4720 1497 4755 o.
1517 4702 1664 4757 aus—393.

417 4788 459 4844 cf.
479 4793 507 4843 et
524 4791 557 4842 F.
577 4790 685 4851 Walter,
704 4788 871 4843 Naturreuht
889 4790 943 4843 und
963 4790 1074 4855 Politik,
1094 4791 1119 4844 3.
1139 4788 1205 4842 Tell.

508 4880 518 4910 ³
537 4878 578 4932 Cf,
591 4896 613 4932 o.
628 4880 768 4946 Hertlinq:
781 4879 927 4946 Augustin.
946 4879 1000 4933 Der
1010 4878 1172 4947 Untergang
1182 4878 1230 4931 der
1239 4878 1352 4931 antikeu
1362 4878 1470 4934 Kultur.
1485 4881 1576 4935 Mainz
1588 4880 1664 4935 1902.

507 4970 517 4998 ⁴
537 4964 577 5019 Ol.
598 4969 717 5034 Haffner
735 4966 753 5022 1.
773 4985 796 5020 o.
815 4968 868 5022 403
881 4985 942 5036 sqq.
