3909 5842
435 624 476 687 48
661 619 751 673 Sectio
770 619 790 673 1.
827 618 909 673 Liber
927 620 947 672 l.
985 619 1075 689 Caput
1092 619 1126 673 ΙΙ.
1165 618 1305 673 Articulus
1324 619 1349 673 3.
1387 619 1403 687 ἕ
1443 661 1448 674 .

521 797 563 863 ΙΙ.
595 796 684 861 Deus
706 817 746 861 eo
768 796 850 879 ipso,
878 797 964 879 quod
994 795 1133 861 hominis
1163 796 1237 861 finis
1266 794 1401 862 ultimus
1432 796 1467 859 in
1490 794 1605 860 ordine
1625 816 1671 859 eu·

434 902 710 983 daemonologico,
741 901 762 969 i.
787 924 815 968 e.
840 902 909 967 eius
931 922 1093 967 summum
1119 902 1251 981 bonum,
1277 922 1349 969 esse
1370 902 1437 968 iam
1463 901 1672 983 cognoscitur.

434 1008 578 1074 eiusdem
607 1007 733 1092 pariter
764 1010 893 1074 ultimum
920 1010 996 1092 finis
1026 1012 1062 1074 in
1091 1010 1205 1075 ordine
1233 1030 1352 1095 quoque
1375 1010 1592 1091 deontolopico
1614 1028 1673 1071 esse
1754 1005 1755 1021 ¹

434 1119 525 1181 certo
540 1114 759 1191 concluditur;
779 1118 816 1180 ut
831 1114 914 1179 adeo
932 1116 1046 1192 Deum,
1064 1136 1224 1179 summum
1242 1116 1371 1193 bonum,
1388 1134 1576 1195 assequens
1592 1112 1675 1177 bomo

433 1221 468 1286 id
489 1220 596 1306 ipsum
619 1220 815 1304 adimpleat,
840 1222 925 1303 quod
950 1242 992 1285 ex
1016 1229 1097 1287 recto
1121 1224 1257 1287 rationis
1280 1220 1393 1287 ordine
1417 1229 1445 1286 et
1468 1244 1511 1287 ex
1536 1224 1677 1285 creatoris

433 1330 591 1393 eduntote
619 1327 689 1391 eius
718 1327 865 1393 libertati
893 1327 1135 1410 adimplendum
1163 1327 1356 1411 proponitur
1384 1326 1440 1409 (cf.
1467 1330 1511 1392 31
1541 1332 1577 1392 et
1601 1326 1677 1406 32)¹.

523 1442 581 1509 III.
612 1442 721 1507 Homo
751 1442 902 1526 appetitu
925 1442 1085 1519 naturali,
1117 1462 1181 1525 quo
1205 1464 1297 1508 suam
1321 1442 1567 1509 beatitudinem
1592 1446 1679 1523 atque

435 1549 484 1615 ita
512 1548 670 1633 implicite
699 1548 862 1614 obiectum
895 1568 1024 1630 quoque
1055 1548 1201 1631 perfecte
1232 1550 1334 1614 beans
1358 1548 1548 1625 desiderat,
1582 1546 1680 1628 aliquo

436 1657 531 1721 modo
559 1655 685 1721 scilicet
714 1658 863 1739 implicite
893 1662 922 1719 et
951 1658 984 1719 in
1009 1658 1182 1736 communi,
1214 1656 1318 1721 Deum
1348 1655 1454 1738 ipsum
1485 1654 1681 1720 naturaliter

435 1761 572 1845 appetit.
604 1762 708 1826 Deum
732 1766 842 1827 autem
865 1766 1034 1843 tamquam
1050 1764 1147 1826 finem
1163 1762 1312 1827 ultimum
1330 1762 1505 1826 achonum
1524 1780 1679 1827 summum

436 1871 579 1953 explicite
601 1875 629 1933 et
653 1871 686 1933 in
709 1870 904 1952 particulari
927 1868 1114 1933 desiderare
1145 1867 1187 1933 ad
1215 1867 1350 1933 liberam
1383 1867 1573 1934 voluntatis
1605 1866 1681 1930 elec·

435 1974 557 2040 tionem
580 1974 724 2057 pertinet
747 1974 802 2055 (cf.
827 1974 942 2039 Tbesie
965 1974 1018 2053 II,
1044 1974 1140 2039 Prob.
1165 1974 1197 2039 Il
1220 1974 1262 2040 ad
1287 1976 1329 2057 2).

730 2161 877 2235 Nolendo
900 2162 942 2235 ad
963 2164 1138 2236 solvendas
1162 2162 1384 2237 difficultates.

438 2304 485 2377 64.
580 2311 608 2372 1.
632 2306 680 2373 Ut
695 2306 785 2371 Deua
800 2306 963 2372 obiectum
984 2306 1146 2373 humanae
1162 2306 1373 2372 beatitudinis
1390 2326 1462 2371 esse
1479 2306 1600 2390 possit,
1625 2324 1680 2368 non

437 2412 613 2494 requiritur
643 2412 810 2496 proportio
838 2416 979 2478 eetitutis
1008 2412 1095 2479 inter
1122 2418 1273 2479 naturam
1303 2412 1480 2483 humanam
1509 2418 1546 2479 et
1572 2412 1680 2477 Deum.

438 2518 495 2583 sed
517 2519 640 2585 sufficit
662 2520 831 2603 proportio
855 2520 1057 2584 hebitudinis
1080 2524 1114 2583 et
1137 2520 1245 2584 finalis
1269 2518 1448 2585 relationis
1488 2520 1565 2585 Hoc
1589 2537 1679 2582 sensu

438 2630 558 2689 natura
588 2625 730 2690 bumana
759 2624 822 2689 dici
845 2624 1082 2707 quodammodo
1107 2629 1217 2708 potest
1261 2628 1433 2692 secundum
1459 2627 1616 2693 obiectum
1640 2625 1681 2687 in·

437 2731 539 2808 finita,
564 2751 760 2813 quamquam
785 2731 949 2797 subiectiee
972 2731 1065 2796 linita
1088 2738 1148 2797 est.

527 2838 558 2902 2.
581 2836 831 2902 Indiviaibilitas
847 2838 908 2902 Dei
933 2837 1081 2902 diversos
1104 2838 1226 2918 gradus
1250 2838 1462 2905 beatitudinis
1485 2839 1519 2904 in
1545 2836 1681 2905 diversis

437 2944 591 3009 subiectis
615 2964 820 3026 nequaquam
844 2943 1000 3009 excludit.
1033 2944 1124 3009 Haec
1147 2945 1231 3010 enim
1258 2944 1433 3010 diversitas
1448 2967 1514 3011 non
1531 2968 1576 3011 ex
1593 2948 1679 3029 parte

437 3050 572 3128 obiecti,
604 3050 690 3132 quod
720 3070 850 3133 semper
879 3058 976 3116 tolum
1007 3050 1208 3134 possidetur,
1238 3050 1295 3116 sed
1326 3072 1368 3117 ex
1399 3057 1494 3135 parte
1522 3052 1680 3119 naturalis

437 3159 624 3241 capacitatis
640 3157 753 3234 oritur,
779 3176 874 3239 quae,
899 3178 972 3221 cum
996 3156 1028 3221 in
1054 3161 1129 3222 ente
1149 3162 1260 3223 creato
1284 3156 1409 3223 infinita
1433 3180 1507 3223 esse
1530 3162 1678 3242 nequeat.

436 3268 527 3328 certo
551 3262 656 3345 gradu
680 3261 902 3328 determinata
924 3264 968 3327 sit
992 3266 1133 3345 oportet,
1158 3262 1212 3345 qui
1229 3263 1334 3345 magis
1350 3264 1499 3329 minusve
1515 3264 1678 3348 perfectus·

436 3390 509 3433 esse
532 3372 674 3453 potest‘2.

526 3479 556 3542 3.
580 3475 670 3539 Deus
694 3496 758 3541 non
782 3479 834 3540 eet
855 3478 1006 3557 medium,
1031 3498 1090 3559 quo
1113 3474 1209 3541 homo
1234 3478 1326 3559 quasi
1344 3482 1457 3544 utatur
1473 3480 1513 3543 ad
1531 3501 1568 3545 se
1585 3482 1677 3546 bean-

437 3582 530 3658 dum,
561 3581 618 3645 sed
649 3586 700 3646 est
724 3580 887 3647 obiectum
909 3580 1146 3647 beatitudinem
1172 3602 1326 3659 causaue,
1358 3583 1509 3665 idemque
1534 3591 1676 3651 centrum

437 3687 622 3751 absolutum
646 3686 751 3751 omnis
773 3688 880 3752 finalis
896 3687 1028 3765 ordinis,
1054 3688 1103 3753 cui
1122 3688 1213 3771 proin
1230 3688 1326 3759 homo
1343 3690 1461 3774 ipsein
1478 3690 1548 3755 Deo
1566 3692 1676 3757 beatus

436 3791 613 3858 ultimatim
636 3794 869 3860 subordinatur
892 3794 947 3875 (cf.
972 3796 1011 3859 31
1040 3800 1074 3861 et
1098 3794 1163 3875 51).

526 3902 557 3965 4.
582 3899 671 3965 Deus
694 3920 759 3981 qua
781 3900 943 3967 obiectum
966 3901 1180 3967 beatitudinis
1196 3922 1274 3967 vere
1291 3906 1342 3967 est
1358 3902 1431 3967 finis
1446 3904 1595 3987 bominis,
1620 3922 1676 3969 nou

437 4005 538 4071 solius
556 4005 738 4088 spiritualis
753 4012 892 4073 naturae
908 4008 941 4071 in
957 4007 1097 4073 bomine.
1130 4008 1313 4091 Utramque
1329 4009 1414 4074 enim
1430 4010 1534 4076 totius
1550 4008 1675 4077 humani

437 4112 608 4196 compositi
630 4118 769 4197 partem,
795 4114 969 4180 animalem
986 4118 1021 4180 et
1036 4114 1251 4198 spiritualem,
1277 4136 1355 4181 vere
1369 4112 1513 4183 finaliter
1529 4120 1673 4205 complet.

437 4240 501 4284 non
525 4240 605 4285 sane
627 4226 801 4303 utramque
824 4220 894 4305 pari
918 4220 1032 4298 modo,
1064 4222 1096 4285 id
1121 4222 1206 4303 quod
1229 4223 1359 4306 penitus
1382 4231 1600 4308 repugnaret,
1625 4222 1674 4289 sed

437 4327 527 4391 modo
552 4328 663 4413 cuique
685 4330 773 4411 porti
791 4348 936 4412 conpruo,
961 4326 1036 4391 huic
1053 4330 1242 4409 improdicta,
1267 4329 1314 4393 illi
1329 4332 1465 4395 rnediate
1481 4330 1579 4397 finale
1596 4352 1674 4397 com·

437 4432 637 4515 plementum
661 4433 819 4499 tribuens.
867 4434 1029 4499 Animalia
1053 4421 1180 4518 quippe
1196 4438 1332 4513 natura,
1365 4458 1435 4501 cum
1461 4438 1627 4521 spirituali
1646 4436 1672 4501 in

528 4675 630 4728 ¹ldem
648 4675 701 4729 iam
721 4678 750 4729 S.
770 4680 938 4744 Aupuetinue
956 4678 1037 4732 dicit:
1067 4678 1157 4741 ,Tune
1183 4683 1226 4733 est
1244 4680 1343 4749 quippe
1363 4678 1480 4748 optimus
1499 4679 1593 4743 bomo,
1620 4694 1671 4735 cum
1753 4732 1754 4735 ,

436 4766 494 4816 tota
513 4762 572 4816 vita
589 4780 640 4817 sua
657 4763 748 4832 pergit
765 4764 794 4818 in
812 4765 1058 4819 incommutabilem
1074 4766 1158 4821 vitam
1178 4770 1205 4821 et
1224 4770 1281 4821 toto
1294 4768 1392 4821 affectu
1410 4766 1535 4822 inhaeret
1546 4768 1611 4823 illi*
1641 4766 1672 4821 lle
1751 4812 1754 4843 Ι,

436 4850 521 4903 doctr.
540 4850 635 4905 ebriat.
655 4851 672 4905 l.
694 4852 717 4914 l,
736 4870 760 4907 c.
779 4854 822 4916 22,
841 4870 867 4907 n.
887 4854 931 4907 21.

526 4939 596 4993 ’Gt
618 4942 645 4993 S.
670 4940 769 5007 Tilena,
789 4940 815 4994 S.
835 4941 917 4995 tlreol.
940 4944 961 5005 l,
983 4943 1007 5005 2,
1026 4960 1051 5011 q.
1072 4945 1095 5003 5.
1116 4960 1140 4996 u.
1160 4944 1185 4997 2.
