<?xml version="1.0" encoding="UTF-8"?>
<!DOCTYPE html PUBLIC "-//W3C//DTD XHTML 1.0 Transitional//EN"
    "http://www.w3.org/TR/xhtml1/DTD/xhtml1-transitional.dtd">
<html xmlns="http://www.w3.org/1999/xhtml" xml:lang="en" lang="en">
 <head>
  <title>
</title>
<meta http-equiv="Content-Type" content="text/html;charset=utf-8" />
  <meta name='ocr-system' content='tesseract 3.04.00' />
  <meta name='ocr-capabilities' content='ocr_page ocr_carea ocr_par ocr_line ocrx_word'/>
</head>
<body>
  <div class='ocr_page' id='page_1' title='image "./institutionesiu00meyegoog_0511.png"; bbox 0 0 3909 5842; ppageno 0'>
   <div class='ocr_carea' id='block_1_1' title="bbox 657 678 1525 750">
    <p class='ocr_par' dir='ltr' id='par_1_1' title="bbox 657 678 1525 750">
     <span class='ocr_line' id='line_1_1' title="bbox 657 678 1525 750; baseline 0.013 -17"><span class='ocrx_word' id='word_1_1' title='bbox 657 678 762 735; x_wconf 77' lang='lat' dir='ltr'><strong>Recens</strong></span> <span class='ocrx_word' id='word_1_2' title='bbox 783 680 866 747; x_wconf 86' lang='lat' dir='ltr'>,iuris</span> <span class='ocrx_word' id='word_1_3' title='bbox 884 679 1021 736; x_wconf 76' lang='lat' dir='ltr'><strong>historici*</strong></span> <span class='ocrx_word' id='word_1_4' title='bbox 1043 680 1156 736; x_wconf 84' lang='lat' dir='ltr'>theoria.</span> <span class='ocrx_word' id='word_1_5' title='bbox 1461 686 1525 750; x_wconf 85' lang='grc'>459</span> 
     </span>
    </p>
   </div>
   <div class='ocr_carea' id='block_1_2' title="bbox 208 854 1561 2005">
    <p class='ocr_par' dir='ltr' id='par_1_2' title="bbox 278 854 1561 1047">
     <span class='ocr_line' id='line_1_2' title="bbox 369 854 1528 943; baseline 0.005 -23"><span class='ocrx_word' id='word_1_6' title='bbox 369 854 491 932; x_wconf 83' lang='lat' dir='ltr'>Quibus</span> <span class='ocrx_word' id='word_1_7' title='bbox 516 856 615 941; x_wconf 91' lang='lat' dir='ltr'>plane</span> <span class='ocrx_word' id='word_1_8' title='bbox 638 857 812 936; x_wconf 71' lang='lat' dir='ltr'>consentit,</span> <span class='ocrx_word' id='word_1_9' title='bbox 844 857 930 940; x_wconf 89' lang='lat' dir='ltr'>quod</span> <span class='ocrx_word' id='word_1_10' title='bbox 952 858 1009 923; x_wconf 87' lang='lat' dir='ltr'>ille</span> <span class='ocrx_word' id='word_1_11' title='bbox 1031 857 1106 924; x_wconf 91' lang='lat' dir='ltr'>dein</span> <span class='ocrx_word' id='word_1_12' title='bbox 1129 858 1172 924; x_wconf 91' lang='lat' dir='ltr'>ad</span> <span class='ocrx_word' id='word_1_13' title='bbox 1194 862 1403 941; x_wconf 78' lang='lat' dir='ltr'>praesentem</span> <span class='ocrx_word' id='word_1_14' title='bbox 1426 881 1528 943; x_wconf 87' lang='lat' dir='ltr'>quae-</span> 
     </span>
     <span class='ocr_line' id='line_1_3' title="bbox 278 960 1561 1047; baseline 0.004 -18"><span class='ocrx_word' id='word_1_15' title='bbox 278 962 419 1029; x_wconf 87' lang='lat' dir='ltr'>stionem</span> <span class='ocrx_word' id='word_1_16' title='bbox 444 962 626 1047; x_wconf 85' lang='lat' dir='ltr'>subiungit:</span> <span class='ocrx_word' id='word_1_17' title='bbox 1557 960 1561 968; x_wconf 75' lang='grc'><strong>’</strong></span> 
     </span>
    </p>

    <p class='ocr_par' dir='ltr' id='par_1_3' title="bbox 208 1068 1533 2005">
     <span class='ocr_line' id='line_1_4' title="bbox 374 1068 1528 1155; baseline 0.005 -22"><span class='ocrx_word' id='word_1_18' title='bbox 374 1068 446 1147; x_wconf 84' lang='lat' dir='ltr'>,lus</span> <span class='ocrx_word' id='word_1_19' title='bbox 562 1074 614 1135; x_wconf 87' lang='lat' dir='ltr'>est</span> <span class='ocrx_word' id='word_1_20' title='bbox 647 1072 725 1137; x_wconf 93' lang='lat' dir='ltr'>ordo</span> <span class='ocrx_word' id='word_1_21' title='bbox 758 1070 937 1151; x_wconf 88' lang='lat' dir='ltr'>humanus,</span> <span class='ocrx_word' id='word_1_22' title='bbox 970 1093 1169 1155; x_wconf 87' lang='lat' dir='ltr'>quamquam</span> <span class='ocrx_word' id='word_1_23' title='bbox 1201 1072 1244 1138; x_wconf 86' lang='lat' dir='ltr'>ad</span> <span class='ocrx_word' id='word_1_24' title='bbox 1275 1073 1528 1141; x_wconf 89' lang='lat' dir='ltr'>sustentandum</span> 
     </span>
     <span class='ocr_line' id='line_1_5' title="bbox 278 1174 1530 1262; baseline 0.005 -23"><span class='ocrx_word' id='word_1_25' title='bbox 278 1174 424 1240; x_wconf 84' lang='lat' dir='ltr'>ordinem</span> <span class='ocrx_word' id='word_1_26' title='bbox 450 1174 595 1241; x_wconf 91' lang='lat' dir='ltr'>divinum</span> <span class='ocrx_word' id='word_1_27' title='bbox 619 1177 652 1241; x_wconf 91' lang='lat' dir='ltr'>in</span> <span class='ocrx_word' id='word_1_28' title='bbox 675 1177 805 1245; x_wconf 92' lang='lat' dir='ltr'>mundo.</span> <span class='ocrx_word' id='word_1_29' title='bbox 851 1178 1033 1262; x_wconf 78' lang='lat' dir='ltr'>Propterea</span> <span class='ocrx_word' id='word_1_30' title='bbox 1054 1177 1134 1243; x_wconf 90' lang='lat' dir='ltr'>illud</span> <span class='ocrx_word' id='word_1_31' title='bbox 1157 1178 1308 1245; x_wconf 81' lang='lat' dir='ltr'><strong>subsistit</strong></span> <span class='ocrx_word' id='word_1_32' title='bbox 1330 1178 1409 1256; x_wconf 91' lang='lat' dir='ltr'>tale,</span> <span class='ocrx_word' id='word_1_33' title='bbox 1433 1180 1530 1262; x_wconf 91' lang='lat' dir='ltr'>quale</span> 
     </span>
     <span class='ocr_line' id='line_1_6' title="bbox 277 1280 1530 1369; baseline 0.006 -26"><span class='ocrx_word' id='word_1_34' title='bbox 277 1280 426 1347; x_wconf 91' lang='lat' dir='ltr'>homines</span> <span class='ocrx_word' id='word_1_35' title='bbox 459 1286 550 1349; x_wconf 86' lang='lat' dir='ltr'>corto</span> <span class='ocrx_word' id='word_1_36' title='bbox 582 1286 731 1367; x_wconf 89' lang='lat' dir='ltr'>tempore</span> <span class='ocrx_word' id='word_1_37' title='bbox 764 1288 798 1351; x_wconf 92' lang='lat' dir='ltr'>et</span> <span class='ocrx_word' id='word_1_38' title='bbox 828 1284 901 1349; x_wconf 90' lang='lat' dir='ltr'>loco</span> <span class='ocrx_word' id='word_1_39' title='bbox 932 1286 1187 1352; x_wconf 67' lang='lat' dir='ltr'>determinarent</span> <span class='ocrx_word' id='word_1_40' title='bbox 1217 1289 1252 1352; x_wconf 89' lang='lat' dir='ltr'>et</span> <span class='ocrx_word' id='word_1_41' title='bbox 1282 1285 1359 1369; x_wconf 90' lang='lat' dir='ltr'>quia</span> <span class='ocrx_word' id='word_1_42' title='bbox 1388 1286 1435 1352; x_wconf 90' lang='lat' dir='ltr'>sic</span> <span class='ocrx_word' id='word_1_43' title='bbox 1465 1308 1530 1352; x_wconf 95' lang='lat' dir='ltr'>non</span> 
     </span>
     <span class='ocr_line' id='line_1_7' title="bbox 279 1388 1531 1475; baseline 0.004 -22"><span class='ocrx_word' id='word_1_44' title='bbox 279 1388 379 1455; x_wconf 88' lang='lat' dir='ltr'>aliter</span> <span class='ocrx_word' id='word_1_45' title='bbox 394 1388 664 1469; x_wconf 77' lang='lat' dir='ltr'>determinarunt,</span> <span class='ocrx_word' id='word_1_46' title='bbox 688 1389 759 1457; x_wconf 89' lang='lat' dir='ltr'>sive</span> <span class='ocrx_word' id='word_1_47' title='bbox 782 1390 865 1456; x_wconf 91' lang='lat' dir='ltr'>bene</span> <span class='ocrx_word' id='word_1_48' title='bbox 882 1389 952 1457; x_wconf 85' lang='lat' dir='ltr'>sivo</span> <span class='ocrx_word' id='word_1_49' title='bbox 968 1392 1064 1471; x_wconf 87' lang='lat' dir='ltr'>malo,</span> <span class='ocrx_word' id='word_1_50' title='bbox 1087 1413 1153 1457; x_wconf 92' lang='lat' dir='ltr'>non</span> <span class='ocrx_word' id='word_1_51' title='bbox 1169 1396 1280 1459; x_wconf 88' lang='lat' dir='ltr'>autem</span> <span class='ocrx_word' id='word_1_52' title='bbox 1296 1392 1374 1475; x_wconf 92' lang='lat' dir='ltr'>quia</span> <span class='ocrx_word' id='word_1_53' title='bbox 1388 1392 1436 1457; x_wconf 92' lang='lat' dir='ltr'>sic</span> <span class='ocrx_word' id='word_1_54' title='bbox 1450 1392 1531 1458; x_wconf 92' lang='lat' dir='ltr'>illud</span> 
     </span>
     <span class='ocr_line' id='line_1_8' title="bbox 279 1494 1532 1583; baseline 0.006 -24"><span class='ocrx_word' id='word_1_55' title='bbox 279 1494 501 1561; x_wconf 87' lang='lat' dir='ltr'>determinare</span> <span class='ocrx_word' id='word_1_56' title='bbox 524 1494 558 1559; x_wconf 88' lang='lat' dir='ltr'>vi</span> <span class='ocrx_word' id='word_1_57' title='bbox 581 1494 683 1559; x_wconf 90' lang='lat' dir='ltr'>divini</span> <span class='ocrx_word' id='word_1_58' title='bbox 705 1495 875 1581; x_wconf 86' lang='lat' dir='ltr'>praecepti</span> <span class='ocrx_word' id='word_1_59' title='bbox 898 1496 1097 1570; x_wconf 80' lang='lat' dir='ltr'>debuerunt:</span> <span class='ocrx_word' id='word_1_60' title='bbox 1120 1497 1245 1563; x_wconf 89' lang='lat' dir='ltr'>idest:</span> <span class='ocrx_word' id='word_1_61' title='bbox 1269 1497 1320 1563; x_wconf 92' lang='lat' dir='ltr'>ius</span> <span class='ocrx_word' id='word_1_62' title='bbox 1343 1503 1395 1565; x_wconf 88' lang='lat' dir='ltr'>ost</span> <span class='ocrx_word' id='word_1_63' title='bbox 1417 1498 1532 1583; x_wconf 91' lang='lat' dir='ltr'>positi·</span> 
     </span>
     <span class='ocr_line' id='line_1_9' title="bbox 280 1600 1532 1688; baseline 0.006 -24"><span class='ocrx_word' id='word_1_64' title='bbox 280 1621 369 1667; x_wconf 91' lang='lat' dir='ltr'>vum.</span> <span class='ocrx_word' id='word_1_65' title='bbox 415 1600 526 1666; x_wconf 89' lang='lat' dir='ltr'>Habet</span> <span class='ocrx_word' id='word_1_66' title='bbox 549 1600 680 1683; x_wconf 91' lang='lat' dir='ltr'>quidem</span> <span class='ocrx_word' id='word_1_67' title='bbox 703 1605 738 1667; x_wconf 92' lang='lat' dir='ltr'>et</span> <span class='ocrx_word' id='word_1_68' title='bbox 760 1602 865 1686; x_wconf 91' lang='lat' dir='ltr'>ipsum</span> <span class='ocrx_word' id='word_1_69' title='bbox 891 1602 1043 1669; x_wconf 89' lang='lat' dir='ltr'>altiorem</span> <span class='ocrx_word' id='word_1_70' title='bbox 1065 1603 1184 1687; x_wconf 84' lang='lat' dir='ltr'>legem,</span> <span class='ocrx_word' id='word_1_71' title='bbox 1216 1603 1249 1668; x_wconf 90' lang='lat' dir='ltr'>in</span> <span class='ocrx_word' id='word_1_72' title='bbox 1273 1603 1355 1669; x_wconf 91' lang='lat' dir='ltr'>ideis</span> <span class='ocrx_word' id='word_1_73' title='bbox 1378 1609 1413 1671; x_wconf 86' lang='lat' dir='ltr'>ct</span> <span class='ocrx_word' id='word_1_74' title='bbox 1435 1626 1532 1688; x_wconf 88' lang='lat' dir='ltr'>prae-</span> 
     </span>
     <span class='ocr_line' id='line_1_10' title="bbox 281 1706 1532 1794; baseline 0.003 -22"><span class='ocrx_word' id='word_1_75' title='bbox 281 1706 386 1791; x_wconf 85' lang='lat' dir='ltr'>ceptis</span> <span class='ocrx_word' id='word_1_76' title='bbox 402 1706 505 1772; x_wconf 90' lang='lat' dir='ltr'>divini</span> <span class='ocrx_word' id='word_1_77' title='bbox 520 1707 643 1773; x_wconf 90' lang='lat' dir='ltr'>ordinis</span> <span class='ocrx_word' id='word_1_78' title='bbox 658 1708 768 1774; x_wconf 90' lang='lat' dir='ltr'>mundi</span> <span class='ocrx_word' id='word_1_79' title='bbox 785 1709 893 1787; x_wconf 91' lang='lat' dir='ltr'>sitam,</span> <span class='ocrx_word' id='word_1_80' title='bbox 911 1708 963 1775; x_wconf 94' lang='lat' dir='ltr'>cui</span> <span class='ocrx_word' id='word_1_81' title='bbox 979 1708 1175 1776; x_wconf 88' lang='lat' dir='ltr'>conformari</span> <span class='ocrx_word' id='word_1_82' title='bbox 1193 1711 1290 1794; x_wconf 80' lang='lat' dir='ltr'>debat,</span> <span class='ocrx_word' id='word_1_83' title='bbox 1308 1714 1343 1777; x_wconf 93' lang='lat' dir='ltr'>et</span> <span class='ocrx_word' id='word_1_84' title='bbox 1354 1711 1532 1776; x_wconf 90' lang='lat' dir='ltr'>secundum</span> 
     </span>
     <span class='ocr_line' id='line_1_11' title="bbox 208 1812 1533 1901; baseline 0.005 -25"><span class='ocrx_word' id='word_1_85' title='bbox 208 1846 211 1851; x_wconf 37' lang='lat' dir='ltr'>v</span> <span class='ocrx_word' id='word_1_86' title='bbox 281 1834 380 1896; x_wconf 86' lang='lat' dir='ltr'>quam</span> <span class='ocrx_word' id='word_1_87' title='bbox 408 1812 556 1879; x_wconf 87' lang='lat' dir='ltr'>homines</span> <span class='ocrx_word' id='word_1_88' title='bbox 578 1813 659 1880; x_wconf 92' lang='lat' dir='ltr'>illud</span> <span class='ocrx_word' id='word_1_89' title='bbox 683 1813 902 1881; x_wconf 88' lang='lat' dir='ltr'>determinare</span> <span class='ocrx_word' id='word_1_90' title='bbox 927 1816 1049 1883; x_wconf 79' lang='lat' dir='ltr'>debent.</span> <span class='ocrx_word' id='word_1_91' title='bbox 1095 1817 1142 1882; x_wconf 83' lang='lat' dir='ltr'>Et</span> <span class='ocrx_word' id='word_1_92' title='bbox 1164 1816 1212 1883; x_wconf 91' lang='lat' dir='ltr'>ita</span> <span class='ocrx_word' id='word_1_93' title='bbox 1236 1816 1367 1898; x_wconf 88' lang='lat' dir='ltr'>quidem</span> <span class='ocrx_word' id='word_1_94' title='bbox 1389 1816 1533 1901; x_wconf 91' lang='lat' dir='ltr'>positivo</span> 
     </span>
     <span class='ocr_line' id='line_1_12' title="bbox 279 1918 1531 2005; baseline 0.003 -22"><span class='ocrx_word' id='word_1_95' title='bbox 279 1918 343 1985; x_wconf 90' lang='lat' dir='ltr'>iuri</span> <span class='ocrx_word' id='word_1_96' title='bbox 365 1919 497 2002; x_wconf 87' lang='lat' dir='ltr'>aliquod</span> <span class='ocrx_word' id='word_1_97' title='bbox 521 1919 676 1987; x_wconf 91' lang='lat' dir='ltr'>divinitus</span> <span class='ocrx_word' id='word_1_98' title='bbox 699 1925 921 2005; x_wconf 88' lang='lat' dir='ltr'>praeceptum,</span> <span class='ocrx_word' id='word_1_99' title='bbox 944 1922 1076 1999; x_wconf 91' lang='lat' dir='ltr'>iustum,</span> <span class='ocrx_word' id='word_1_100' title='bbox 1101 1922 1297 1989; x_wconf 86' lang='lat' dir='ltr'>rationabile</span> <span class='ocrx_word' id='word_1_101' title='bbox 1320 1922 1531 2000; x_wconf 69' lang='lat' dir='ltr'>obversatum</span> 
     </span>
    </p>
   </div>
   <div class='ocr_carea' id='block_1_3' title="bbox 280 2025 1532 2432">
    <p class='ocr_par' dir='ltr' id='par_1_4' title="bbox 280 2025 1532 2432">
     <span class='ocr_line' id='line_1_13' title="bbox 280 2025 1532 2113; baseline 0.004 -23"><span class='ocrx_word' id='word_1_102' title='bbox 280 2062 326 2069; x_wconf 95' lang='lat'><strong>—</strong></span> <span class='ocrx_word' id='word_1_103' title='bbox 345 2026 402 2091; x_wconf 92' lang='lat' dir='ltr'>sed</span> <span class='ocrx_word' id='word_1_104' title='bbox 417 2025 506 2091; x_wconf 89' lang='lat' dir='ltr'>istud</span> <span class='ocrx_word' id='word_1_105' title='bbox 521 2026 728 2106; x_wconf 87' lang='lat' dir='ltr'>rationabile,</span> <span class='ocrx_word' id='word_1_106' title='bbox 753 2026 846 2093; x_wconf 90' lang='lat' dir='ltr'>ideae</span> <span class='ocrx_word' id='word_1_107' title='bbox 863 2032 896 2095; x_wconf 93' lang='lat' dir='ltr'>et</span> <span class='ocrx_word' id='word_1_108' title='bbox 912 2031 1092 2113; x_wconf 88' lang='lat' dir='ltr'>praecepta</span> <span class='ocrx_word' id='word_1_109' title='bbox 1108 2027 1230 2093; x_wconf 89' lang='lat' dir='ltr'>ordinis</span> <span class='ocrx_word' id='word_1_110' title='bbox 1246 2027 1347 2093; x_wconf 90' lang='lat' dir='ltr'>divini</span> <span class='ocrx_word' id='word_1_111' title='bbox 1362 2029 1397 2095; x_wconf 90' lang='lat' dir='ltr'>in</span> <span class='ocrx_word' id='word_1_112' title='bbox 1411 2030 1532 2095; x_wconf 90' lang='lat' dir='ltr'>mundo</span> 
     </span>
     <span class='ocr_line' id='line_1_14' title="bbox 280 2131 1530 2217; baseline 0.004 -21"><span class='ocrx_word' id='word_1_113' title='bbox 280 2152 347 2197; x_wconf 90' lang='lat' dir='ltr'>non</span> <span class='ocrx_word' id='word_1_114' title='bbox 369 2131 441 2216; x_wconf 91' lang='lat' dir='ltr'>ipsa</span> <span class='ocrx_word' id='word_1_115' title='bbox 464 2131 530 2197; x_wconf 89' lang='lat' dir='ltr'>iam</span> <span class='ocrx_word' id='word_1_116' title='bbox 553 2136 632 2199; x_wconf 89' lang='lat' dir='ltr'>sunt</span> <span class='ocrx_word' id='word_1_117' title='bbox 653 2132 704 2198; x_wconf 91' lang='lat' dir='ltr'>ius</span> <span class='ocrx_word' id='word_1_118' title='bbox 719 2170 764 2179; x_wconf 94' lang='lat'>—</span> <span class='ocrx_word' id='word_1_119' title='bbox 779 2134 830 2198; x_wconf 89' lang='lat' dir='ltr'>ius</span> <span class='ocrx_word' id='word_1_120' title='bbox 854 2134 953 2217; x_wconf 84' lang='lat' dir='ltr'>vulgo</span> <span class='ocrx_word' id='word_1_121' title='bbox 978 2134 1102 2200; x_wconf 91' lang='lat' dir='ltr'>dictum</span> <span class='ocrx_word' id='word_1_122' title='bbox 1117 2134 1269 2201; x_wconf 89' lang='lat' dir='ltr'>naturale</span> <span class='ocrx_word' id='word_1_123' title='bbox 1284 2135 1338 2200; x_wconf 87' lang='lat' dir='ltr'>vol</span> <span class='ocrx_word' id='word_1_124' title='bbox 1353 2134 1530 2211; x_wconf 89' lang='lat' dir='ltr'>rationale;</span> 
     </span>
     <span class='ocr_line' id='line_1_15' title="bbox 280 2237 1531 2325; baseline 0.006 -24"><span class='ocrx_word' id='word_1_125' title='bbox 280 2237 401 2322; x_wconf 91' lang='lat' dir='ltr'>quippe</span> <span class='ocrx_word' id='word_1_126' title='bbox 425 2238 500 2321; x_wconf 88' lang='lat' dir='ltr'>quia</span> <span class='ocrx_word' id='word_1_127' title='bbox 524 2238 564 2304; x_wconf 91' lang='lat' dir='ltr'>de</span> <span class='ocrx_word' id='word_1_128' title='bbox 587 2238 732 2307; x_wconf 87' lang='lat' dir='ltr'>essentia</span> <span class='ocrx_word' id='word_1_129' title='bbox 755 2239 835 2306; x_wconf 88' lang='lat' dir='ltr'>iuris</span> <span class='ocrx_word' id='word_1_130' title='bbox 856 2240 890 2306; x_wconf 90' lang='lat' dir='ltr'>id</span> <span class='ocrx_word' id='word_1_131' title='bbox 913 2241 1020 2325; x_wconf 92' lang='lat' dir='ltr'>ipsum</span> <span class='ocrx_word' id='word_1_132' title='bbox 1044 2245 1104 2319; x_wconf 88' lang='lat' dir='ltr'>est,</span> <span class='ocrx_word' id='word_1_133' title='bbox 1130 2244 1168 2306; x_wconf 89' lang='lat' dir='ltr'>ut</span> <span class='ocrx_word' id='word_1_134' title='bbox 1190 2241 1235 2307; x_wconf 91' lang='lat' dir='ltr'>sit</span> <span class='ocrx_word' id='word_1_135' title='bbox 1257 2242 1419 2307; x_wconf 89' lang='lat' dir='ltr'>humanus</span> <span class='ocrx_word' id='word_1_136' title='bbox 1441 2242 1531 2310; x_wconf 85' lang='lat' dir='ltr'>vitae</span> 
     </span>
     <span class='ocr_line' id='line_1_16' title="bbox 281 2343 1530 2432; baseline 0.005 -24"><span class='ocrx_word' id='word_1_137' title='bbox 281 2343 361 2410; x_wconf 92' lang='lat' dir='ltr'>ordo</span> <span class='ocrx_word' id='word_1_138' title='bbox 384 2344 517 2428; x_wconf 91' lang='lat' dir='ltr'>propria</span> <span class='ocrx_word' id='word_1_139' title='bbox 540 2344 705 2411; x_wconf 90' lang='lat' dir='ltr'>hominum</span> <span class='ocrx_word' id='word_1_140' title='bbox 721 2350 889 2431; x_wconf 86' lang='lat' dir='ltr'>potestate</span> <span class='ocrx_word' id='word_1_141' title='bbox 906 2352 1045 2426; x_wconf 88' lang='lat' dir='ltr'>erectus,</span> <span class='ocrx_word' id='word_1_142' title='bbox 1071 2368 1110 2414; x_wconf 90' lang='lat' dir='ltr'>ac</span> <span class='ocrx_word' id='word_1_143' title='bbox 1126 2346 1262 2431; x_wconf 91' lang='lat' dir='ltr'>proinde</span> <span class='ocrx_word' id='word_1_144' title='bbox 1277 2347 1328 2413; x_wconf 91' lang='lat' dir='ltr'>ius</span> <span class='ocrx_word' id='word_1_145' title='bbox 1343 2348 1530 2432; x_wconf 87' lang='lat' dir='ltr'>positivum.</span> 
     </span>
    </p>
   </div>
   <div class='ocr_carea' id='block_1_4' title="bbox 281 2450 1540 5085">
    <p class='ocr_par' dir='ltr' id='par_1_5' title="bbox 281 2450 1537 3494">
     <span class='ocr_line' id='line_1_17' title="bbox 282 2450 1532 2537; baseline 0.002 -20"><span class='ocrx_word' id='word_1_146' title='bbox 282 2500 333 2517; x_wconf 92' lang='lat'>...</span> <span class='ocrx_word' id='word_1_147' title='bbox 351 2450 435 2517; x_wconf 85' lang='lat' dir='ltr'>Sunt</span> <span class='ocrx_word' id='word_1_148' title='bbox 457 2450 515 2515; x_wconf 92' lang='lat' dir='ltr'>illa</span> <span class='ocrx_word' id='word_1_149' title='bbox 538 2451 668 2533; x_wconf 91' lang='lat' dir='ltr'>quidem</span> <span class='ocrx_word' id='word_1_150' title='bbox 691 2451 852 2536; x_wconf 91' lang='lat' dir='ltr'>principia</span> <span class='ocrx_word' id='word_1_151' title='bbox 875 2457 909 2519; x_wconf 89' lang='lat' dir='ltr'>et</span> <span class='ocrx_word' id='word_1_152' title='bbox 924 2473 1040 2519; x_wconf 86' lang='lat' dir='ltr'>norma</span> <span class='ocrx_word' id='word_1_153' title='bbox 1055 2451 1216 2519; x_wconf 87' lang='lat' dir='ltr'>directiva</span> <span class='ocrx_word' id='word_1_154' title='bbox 1231 2474 1290 2537; x_wconf 93' lang='lat' dir='ltr'>pro</span> <span class='ocrx_word' id='word_1_155' title='bbox 1305 2452 1443 2535; x_wconf 80' lang='lat' dir='ltr'>legibus,</span> <span class='ocrx_word' id='word_1_156' title='bbox 1466 2475 1532 2520; x_wconf 92' lang='lat' dir='ltr'>non</span> 
     </span>
     <span class='ocr_line' id='line_1_18' title="bbox 281 2556 1533 2641; baseline 0.005 -22"><span class='ocrx_word' id='word_1_157' title='bbox 281 2556 375 2639; x_wconf 91' lang='lat' dir='ltr'>ipsae</span> <span class='ocrx_word' id='word_1_158' title='bbox 401 2556 501 2640; x_wconf 87' lang='lat' dir='ltr'>leges,</span> <span class='ocrx_word' id='word_1_159' title='bbox 533 2557 711 2623; x_wconf 85' lang='lat' dir='ltr'>secundum</span> <span class='ocrx_word' id='word_1_160' title='bbox 735 2580 816 2641; x_wconf 91' lang='lat' dir='ltr'>quas</span> <span class='ocrx_word' id='word_1_161' title='bbox 839 2580 893 2623; x_wconf 92' lang='lat' dir='ltr'>res</span> <span class='ocrx_word' id='word_1_162' title='bbox 916 2559 1079 2624; x_wconf 89' lang='lat' dir='ltr'>humanae</span> <span class='ocrx_word' id='word_1_163' title='bbox 1102 2558 1245 2624; x_wconf 89' lang='lat' dir='ltr'>ordinari</span> <span class='ocrx_word' id='word_1_164' title='bbox 1269 2563 1304 2625; x_wconf 91' lang='lat' dir='ltr'>et</span> <span class='ocrx_word' id='word_1_165' title='bbox 1326 2558 1402 2625; x_wconf 91' lang='lat' dir='ltr'>lites</span> <span class='ocrx_word' id='word_1_166' title='bbox 1425 2558 1533 2625; x_wconf 84' lang='lat' dir='ltr'>dirimi</span> 
     </span>
     <span class='ocr_line' id='line_1_19' title="bbox 281 2662 1532 2748; baseline 0.005 -22"><span class='ocrx_word' id='word_1_167' title='bbox 281 2667 421 2745; x_wconf 89' lang='lat' dir='ltr'>possunt</span> <span class='ocrx_word' id='word_1_168' title='bbox 439 2716 446 2731; x_wconf 93' lang='lat'><strong>.</strong></span> <span class='ocrx_word' id='word_1_169' title='bbox 461 2715 467 2729; x_wconf 93' lang='lat'><strong>.</strong></span> <span class='ocrx_word' id='word_1_170' title='bbox 483 2716 489 2729; x_wconf 94' lang='lat'><em>.</em></span> <span class='ocrx_word' id='word_1_171' title='bbox 508 2684 572 2729; x_wconf 91' lang='lat' dir='ltr'>non</span> <span class='ocrx_word' id='word_1_172' title='bbox 588 2664 711 2729; x_wconf 89' lang='lat' dir='ltr'>habent</span> <span class='ocrx_word' id='word_1_173' title='bbox 725 2664 894 2730; x_wconf 87' lang='lat' dir='ltr'>iuridicam</span> <span class='ocrx_word' id='word_1_174' title='bbox 908 2663 1060 2747; x_wconf 87' lang='lat' dir='ltr'>(externe</span> <span class='ocrx_word' id='word_1_175' title='bbox 1073 2662 1286 2748; x_wconf 82' lang='lat' dir='ltr'>obligantem)</span> <span class='ocrx_word' id='word_1_176' title='bbox 1298 2665 1532 2732; x_wconf 89' lang='lat' dir='ltr'>auctoritatem</span> 
     </span>
     <span class='ocr_line' id='line_1_20' title="bbox 281 2767 1533 2855; baseline 0.005 -24"><span class='ocrx_word' id='word_1_177' title='bbox 281 2767 315 2832; x_wconf 94' lang='lat' dir='ltr'>in</span> <span class='ocrx_word' id='word_1_178' title='bbox 333 2769 568 2837; x_wconf 81' lang='lat' dir='ltr'>communitate</span> <span class='ocrx_word' id='word_1_179' title='bbox 584 2770 736 2851; x_wconf 90' lang='lat' dir='ltr'>humana,</span> <span class='ocrx_word' id='word_1_180' title='bbox 759 2770 913 2855; x_wconf 89' lang='lat' dir='ltr'>quamdiu</span> <span class='ocrx_word' id='word_1_181' title='bbox 929 2774 963 2836; x_wconf 91' lang='lat' dir='ltr'>et</span> <span class='ocrx_word' id='word_1_182' title='bbox 979 2776 1142 2853; x_wconf 90' lang='lat' dir='ltr'>quatenus</span> <span class='ocrx_word' id='word_1_183' title='bbox 1157 2771 1301 2837; x_wconf 89' lang='lat' dir='ltr'>humana</span> <span class='ocrx_word' id='word_1_184' title='bbox 1316 2771 1533 2839; x_wconf 87' lang='lat' dir='ltr'>communitas</span> 
     </span>
     <span class='ocr_line' id='line_1_21' title="bbox 283 2874 1533 2963; baseline 0.004 -24"><span class='ocrx_word' id='word_1_185' title='bbox 283 2874 341 2940; x_wconf 92' lang='lat' dir='ltr'>illa</span> <span class='ocrx_word' id='word_1_186' title='bbox 364 2897 428 2941; x_wconf 93' lang='lat' dir='ltr'>non</span> <span class='ocrx_word' id='word_1_187' title='bbox 453 2878 608 2944; x_wconf 92' lang='lat' dir='ltr'>statuerit</span> <span class='ocrx_word' id='word_1_188' title='bbox 631 2882 799 2959; x_wconf 87' lang='lat' dir='ltr'>tamquam</span> <span class='ocrx_word' id='word_1_189' title='bbox 823 2882 1002 2963; x_wconf 86' lang='lat' dir='ltr'>praecepta</span> <span class='ocrx_word' id='word_1_190' title='bbox 1025 2878 1076 2943; x_wconf 91' lang='lat' dir='ltr'>sui</span> <span class='ocrx_word' id='word_1_191' title='bbox 1099 2878 1223 2963; x_wconf 90' lang='lat' dir='ltr'>proprii</span> <span class='ocrx_word' id='word_1_192' title='bbox 1246 2878 1393 2945; x_wconf 90' lang='lat' dir='ltr'>ordinis.</span> <span class='ocrx_word' id='word_1_193' title='bbox 1412 2879 1533 2963; x_wconf 91' lang='lat' dir='ltr'>..lpse</span> 
     </span>
     <span class='ocr_line' id='line_1_22' title="bbox 283 2981 1534 3068; baseline 0.005 -23"><span class='ocrx_word' id='word_1_194' title='bbox 283 2981 447 3049; x_wconf 88' lang='lat' dir='ltr'>humanus</span> <span class='ocrx_word' id='word_1_195' title='bbox 470 2982 560 3062; x_wconf 94' lang='lat' dir='ltr'>ordo,</span> <span class='ocrx_word' id='word_1_196' title='bbox 584 3004 649 3049; x_wconf 90' lang='lat' dir='ltr'>non</span> <span class='ocrx_word' id='word_1_197' title='bbox 673 3004 758 3067; x_wconf 88' lang='lat' dir='ltr'>quae</span> <span class='ocrx_word' id='word_1_198' title='bbox 780 2984 866 3049; x_wconf 91' lang='lat' dir='ltr'>hunc</span> <span class='ocrx_word' id='word_1_199' title='bbox 889 2984 1070 3068; x_wconf 90' lang='lat' dir='ltr'>respiciunt</span> <span class='ocrx_word' id='word_1_200' title='bbox 1094 2983 1195 3050; x_wconf 89' lang='lat' dir='ltr'>divini</span> <span class='ocrx_word' id='word_1_201' title='bbox 1218 2985 1340 3050; x_wconf 89' lang='lat' dir='ltr'>ordinis</span> <span class='ocrx_word' id='word_1_202' title='bbox 1354 2984 1534 3068; x_wconf 90' lang='lat' dir='ltr'>postulata,</span> 
     </span>
     <span class='ocr_line' id='line_1_23' title="bbox 284 3088 1535 3168; baseline 0.002 -15"><span class='ocrx_word' id='word_1_203' title='bbox 284 3108 357 3154; x_wconf 88' lang='lat' dir='ltr'>eam</span> <span class='ocrx_word' id='word_1_204' title='bbox 381 3089 443 3153; x_wconf 89' lang='lat' dir='ltr'>Dei</span> <span class='ocrx_word' id='word_1_205' title='bbox 470 3088 672 3155; x_wconf 86' lang='lat' dir='ltr'>sanctionem</span> <span class='ocrx_word' id='word_1_206' title='bbox 702 3090 812 3168; x_wconf 88' lang='lat' dir='ltr'>habet,</span> <span class='ocrx_word' id='word_1_207' title='bbox 841 3093 878 3155; x_wconf 92' lang='lat' dir='ltr'>ut</span> <span class='ocrx_word' id='word_1_208' title='bbox 907 3088 1057 3155; x_wconf 91' lang='lat' dir='ltr'>homines</span> <span class='ocrx_word' id='word_1_209' title='bbox 1087 3095 1224 3156; x_wconf 86' lang='lat' dir='ltr'>externe</span> <span class='ocrx_word' id='word_1_210' title='bbox 1254 3094 1289 3154; x_wconf 89' lang='lat' dir='ltr'>et</span> <span class='ocrx_word' id='word_1_211' title='bbox 1318 3090 1535 3156; x_wconf 87' lang='lat' dir='ltr'>communiter</span> 
     </span>
     <span class='ocr_line' id='line_1_24' title="bbox 285 3194 1534 3278; baseline 0.001 -19"><span class='ocrx_word' id='word_1_212' title='bbox 285 3194 419 3278; x_wconf 89' lang='lat' dir='ltr'>obliget.</span> <span class='ocrx_word' id='word_1_213' title='bbox 453 3194 506 3261; x_wconf 88' lang='lat' dir='ltr'>Sic</span> <span class='ocrx_word' id='word_1_214' title='bbox 529 3194 630 3278; x_wconf 84' lang='lat' dir='ltr'>igitur</span> <span class='ocrx_word' id='word_1_215' title='bbox 654 3195 815 3261; x_wconf 90' lang='lat' dir='ltr'>humanus</span> <span class='ocrx_word' id='word_1_216' title='bbox 839 3195 928 3273; x_wconf 94' lang='lat' dir='ltr'>ordo,</span> <span class='ocrx_word' id='word_1_217' title='bbox 954 3195 1010 3277; x_wconf 92' lang='lat' dir='ltr'>qui</span> <span class='ocrx_word' id='word_1_218' title='bbox 1028 3195 1079 3259; x_wconf 92' lang='lat' dir='ltr'>ius</span> <span class='ocrx_word' id='word_1_219' title='bbox 1095 3200 1156 3273; x_wconf 86' lang='lat' dir='ltr'>cst,</span> <span class='ocrx_word' id='word_1_220' title='bbox 1180 3194 1213 3259; x_wconf 91' lang='lat' dir='ltr'>in</span> <span class='ocrx_word' id='word_1_221' title='bbox 1230 3194 1340 3260; x_wconf 89' lang='lat' dir='ltr'>divino</span> <span class='ocrx_word' id='word_1_222' title='bbox 1355 3194 1534 3274; x_wconf 90' lang='lat' dir='ltr'>radicatur,</span> 
     </span>
     <span class='ocr_line' id='line_1_25' title="bbox 284 3300 1537 3387; baseline 0.002 -21"><span class='ocrx_word' id='word_1_223' title='bbox 284 3301 343 3367; x_wconf 90' lang='lat' dir='ltr'>sed</span> <span class='ocrx_word' id='word_1_224' title='bbox 367 3322 431 3383; x_wconf 89' lang='lat' dir='ltr'>qua</span> <span class='ocrx_word' id='word_1_225' title='bbox 453 3301 487 3366; x_wconf 94' lang='lat' dir='ltr'>in</span> <span class='ocrx_word' id='word_1_226' title='bbox 511 3322 546 3368; x_wconf 90' lang='lat' dir='ltr'>se</span> <span class='ocrx_word' id='word_1_227' title='bbox 570 3306 605 3367; x_wconf 92' lang='lat' dir='ltr'>et</span> <span class='ocrx_word' id='word_1_228' title='bbox 627 3324 687 3387; x_wconf 89' lang='lat' dir='ltr'>per</span> <span class='ocrx_word' id='word_1_229' title='bbox 709 3324 745 3369; x_wconf 88' lang='lat' dir='ltr'>se</span> <span class='ocrx_word' id='word_1_230' title='bbox 767 3302 960 3380; x_wconf 85' lang='lat' dir='ltr'>subsistens,</span> <span class='ocrx_word' id='word_1_231' title='bbox 985 3306 1019 3368; x_wconf 87' lang='lat' dir='ltr'>et</span> <span class='ocrx_word' id='word_1_232' title='bbox 1035 3301 1069 3365; x_wconf 89' lang='lat' dir='ltr'>in</span> <span class='ocrx_word' id='word_1_233' title='bbox 1083 3301 1146 3367; x_wconf 90' lang='lat' dir='ltr'>hac</span> <span class='ocrx_word' id='word_1_234' title='bbox 1162 3301 1232 3367; x_wconf 87' lang='lat' dir='ltr'>eius</span> <span class='ocrx_word' id='word_1_235' title='bbox 1248 3300 1462 3368; x_wconf 90' lang='lat' dir='ltr'>subsistentia</span> <span class='ocrx_word' id='word_1_236' title='bbox 1477 3323 1537 3386; x_wconf 91' lang='lat' dir='ltr'>per</span> 
     </span>
     <span class='ocr_line' id='line_1_26' title="bbox 284 3407 828 3494; baseline 0.004 -22"><span class='ocrx_word' id='word_1_237' title='bbox 284 3428 321 3473; x_wconf 91' lang='lat' dir='ltr'>se</span> <span class='ocrx_word' id='word_1_238' title='bbox 343 3411 520 3494; x_wconf 83' lang='lat' dir='ltr'>positioitos</span> <span class='ocrx_word' id='word_1_239' title='bbox 543 3412 627 3474; x_wconf 83' lang='lat' dir='ltr'>iuris</span> <span class='ocrx_word' id='word_1_240' title='bbox 650 3407 828 3477; x_wconf 85' lang='lat' dir='ltr'>consistit.“</span> 
     </span>
    </p>

    <p class='ocr_par' dir='ltr' id='par_1_6' title="bbox 284 3513 1540 5085">
     <span class='ocr_line' id='line_1_27' title="bbox 379 3513 1536 3601; baseline -0.002 -22"><span class='ocrx_word' id='word_1_241' title='bbox 379 3514 452 3591; x_wconf 85' lang='lat' dir='ltr'>,Ius</span> <span class='ocrx_word' id='word_1_242' title='bbox 475 3518 526 3580; x_wconf 90' lang='lat' dir='ltr'>est</span> <span class='ocrx_word' id='word_1_243' title='bbox 538 3518 709 3600; x_wconf 83' lang='lat' dir='ltr'>positivam</span> <span class='ocrx_word' id='word_1_244' title='bbox 724 3517 899 3582; x_wconf 80' lang='lat' dir='ltr'>secandam</span> <span class='ocrx_word' id='word_1_245' title='bbox 916 3516 961 3597; x_wconf 83' lang='lat' dir='ltr'>id,</span> <span class='ocrx_word' id='word_1_246' title='bbox 987 3516 1072 3601; x_wconf 84' lang='lat' dir='ltr'>quod</span> <span class='ocrx_word' id='word_1_247' title='bbox 1087 3516 1240 3580; x_wconf 80' lang='lat' dir='ltr'>continet:</span> <span class='ocrx_word' id='word_1_248' title='bbox 1263 3566 1316 3581; x_wconf 88' lang='lat'>...</span> <span class='ocrx_word' id='word_1_249' title='bbox 1340 3513 1411 3579; x_wconf 88' lang='lat' dir='ltr'>eius</span> <span class='ocrx_word' id='word_1_250' title='bbox 1427 3514 1536 3578; x_wconf 90' lang='lat' dir='ltr'>deter-</span> 
     </span>
     <span class='ocr_line' id='line_1_28' title="bbox 285 3619 1537 3706; baseline -0.001 -21"><span class='ocrx_word' id='word_1_251' title='bbox 285 3620 432 3687; x_wconf 88' lang='lat' dir='ltr'>minatae</span> <span class='ocrx_word' id='word_1_252' title='bbox 455 3622 546 3704; x_wconf 86' lang='lat' dir='ltr'>leges</span> <span class='ocrx_word' id='word_1_253' title='bbox 570 3621 759 3688; x_wconf 91' lang='lat' dir='ltr'>humanitus</span> <span class='ocrx_word' id='word_1_254' title='bbox 783 3620 945 3699; x_wconf 91' lang='lat' dir='ltr'>conditae,</span> <span class='ocrx_word' id='word_1_255' title='bbox 969 3620 1134 3705; x_wconf 88' lang='lat' dir='ltr'>positivae</span> <span class='ocrx_word' id='word_1_256' title='bbox 1150 3623 1245 3697; x_wconf 88' lang='lat' dir='ltr'>sunt;</span> <span class='ocrx_word' id='word_1_257' title='bbox 1269 3619 1356 3685; x_wconf 92' lang='lat' dir='ltr'>idem</span> <span class='ocrx_word' id='word_1_258' title='bbox 1368 3622 1537 3706; x_wconf 81' lang='lat' dir='ltr'>positivum</span> 
     </span>
     <span class='ocr_line' id='line_1_29' title="bbox 285 3724 1537 3813; baseline -0.002 -21"><span class='ocrx_word' id='word_1_259' title='bbox 285 3734 331 3793; x_wconf 83' lang='lat' dir='ltr'>cat</span> <span class='ocrx_word' id='word_1_260' title='bbox 346 3728 518 3793; x_wconf 81' lang='lat' dir='ltr'>secundum</span> <span class='ocrx_word' id='word_1_261' title='bbox 534 3750 628 3793; x_wconf 81' lang='lat' dir='ltr'>suum</span> <span class='ocrx_word' id='word_1_262' title='bbox 643 3731 798 3813; x_wconf 60' lang='lat' dir='ltr'>ciperem·</span> <span class='ocrx_word' id='word_1_263' title='bbox 821 3728 883 3793; x_wconf 90' lang='lat' dir='ltr'>etsi</span> <span class='ocrx_word' id='word_1_264' title='bbox 900 3726 1017 3793; x_wconf 86' lang='lat' dir='ltr'>ultima</span> <span class='ocrx_word' id='word_1_265' title='bbox 1031 3726 1118 3794; x_wconf 93' lang='lat' dir='ltr'>ratio</span> <span class='ocrx_word' id='word_1_266' title='bbox 1135 3726 1313 3809; x_wconf 83' lang='lat' dir='ltr'>obligantis</span> <span class='ocrx_word' id='word_1_267' title='bbox 1329 3724 1537 3793; x_wconf 85' lang='lat' dir='ltr'>auctoritatis</span> 
     </span>
     <span class='ocr_line' id='line_1_30' title="bbox 285 3832 1540 3914; baseline -0.002 -15"><span class='ocrx_word' id='word_1_268' title='bbox 285 3833 357 3899; x_wconf 91' lang='lat' dir='ltr'>eius</span> <span class='ocrx_word' id='word_1_269' title='bbox 388 3836 440 3899; x_wconf 89' lang='lat' dir='ltr'>est</span> <span class='ocrx_word' id='word_1_270' title='bbox 471 3834 549 3899; x_wconf 89' lang='lat' dir='ltr'>ordo</span> <span class='ocrx_word' id='word_1_271' title='bbox 574 3833 703 3899; x_wconf 87' lang='lat' dir='ltr'>divinus</span> <span class='ocrx_word' id='word_1_272' title='bbox 726 3832 848 3914; x_wconf 90' lang='lat' dir='ltr'>mundi,</span> <span class='ocrx_word' id='word_1_273' title='bbox 879 3834 974 3899; x_wconf 85' lang='lat' dir='ltr'>sedes</span> <span class='ocrx_word' id='word_1_274' title='bbox 998 3838 1110 3899; x_wconf 87' lang='lat' dir='ltr'>tamen</span> <span class='ocrx_word' id='word_1_275' title='bbox 1133 3832 1230 3898; x_wconf 91' lang='lat' dir='ltr'>huius</span> <span class='ocrx_word' id='word_1_276' title='bbox 1254 3832 1464 3899; x_wconf 89' lang='lat' dir='ltr'>auctoritatis</span> <span class='ocrx_word' id='word_1_277' title='bbox 1488 3836 1540 3897; x_wconf 90' lang='lat' dir='ltr'>est</span> 
     </span>
     <span class='ocr_line' id='line_1_31' title="bbox 285 3937 1539 4018; baseline -0.003 -13"><span class='ocrx_word' id='word_1_278' title='bbox 285 3938 475 4005; x_wconf 86' lang='lat' dir='ltr'>humanitus</span> <span class='ocrx_word' id='word_1_279' title='bbox 492 3938 729 4005; x_wconf 90' lang='lat' dir='ltr'>determinatus</span> <span class='ocrx_word' id='word_1_280' title='bbox 746 3939 836 4018; x_wconf 90' lang='lat' dir='ltr'>ordo,</span> <span class='ocrx_word' id='word_1_281' title='bbox 859 3939 911 4004; x_wconf 89' lang='lat' dir='ltr'>ius</span> <span class='ocrx_word' id='word_1_282' title='bbox 927 3939 1121 4005; x_wconf 89' lang='lat' dir='ltr'>subsistens.</span> <span class='ocrx_word' id='word_1_283' title='bbox 1161 3938 1346 4004; x_wconf 84' lang='lat' dir='ltr'>Secundum</span> <span class='ocrx_word' id='word_1_284' title='bbox 1361 3937 1447 4003; x_wconf 91' lang='lat' dir='ltr'>hanc</span> <span class='ocrx_word' id='word_1_285' title='bbox 1462 3938 1539 4001; x_wconf 90' lang='lat' dir='ltr'>sub-</span> 
     </span>
     <span class='ocr_line' id='line_1_32' title="bbox 284 4042 1538 4130; baseline -0.003 -19"><span class='ocrx_word' id='word_1_286' title='bbox 284 4045 472 4113; x_wconf 90' lang='lat' dir='ltr'>sistentiam</span> <span class='ocrx_word' id='word_1_287' title='bbox 499 4045 533 4110; x_wconf 91' lang='lat' dir='ltr'>in</span> <span class='ocrx_word' id='word_1_288' title='bbox 556 4045 666 4111; x_wconf 89' lang='lat' dir='ltr'>seius</span> <span class='ocrx_word' id='word_1_289' title='bbox 689 4046 787 4111; x_wconf 89' lang='lat' dir='ltr'>immo</span> <span class='ocrx_word' id='word_1_290' title='bbox 810 4066 997 4130; x_wconf 87' lang='lat' dir='ltr'>repugnare</span> <span class='ocrx_word' id='word_1_291' title='bbox 1019 4049 1132 4130; x_wconf 85' lang='lat' dir='ltr'>potest</span> <span class='ocrx_word' id='word_1_292' title='bbox 1154 4044 1260 4111; x_wconf 90' lang='lat' dir='ltr'>ordini</span> <span class='ocrx_word' id='word_1_293' title='bbox 1283 4044 1393 4109; x_wconf 89' lang='lat' dir='ltr'>divino</span> <span class='ocrx_word' id='word_1_294' title='bbox 1416 4042 1538 4121; x_wconf 89' lang='lat' dir='ltr'>mundi,</span> 
     </span>
     <span class='ocr_line' id='line_1_33' title="bbox 285 4147 1538 4232; baseline -0.003 -15"><span class='ocrx_word' id='word_1_295' title='bbox 285 4152 339 4217; x_wconf 91' lang='lat' dir='ltr'>cui</span> <span class='ocrx_word' id='word_1_296' title='bbox 370 4149 557 4217; x_wconf 86' lang='lat' dir='ltr'>subservire</span> <span class='ocrx_word' id='word_1_297' title='bbox 587 4150 685 4217; x_wconf 89' lang='lat' dir='ltr'>debet</span> <span class='ocrx_word' id='word_1_298' title='bbox 787 4154 821 4215; x_wconf 89' lang='lat' dir='ltr'>ot</span> <span class='ocrx_word' id='word_1_299' title='bbox 850 4150 884 4215; x_wconf 90' lang='lat' dir='ltr'>in</span> <span class='ocrx_word' id='word_1_300' title='bbox 907 4150 969 4215; x_wconf 89' lang='lat' dir='ltr'>hac</span> <span class='ocrx_word' id='word_1_301' title='bbox 993 4151 1094 4217; x_wconf 89' lang='lat' dir='ltr'>etiam</span> <span class='ocrx_word' id='word_1_302' title='bbox 1117 4172 1178 4215; x_wconf 92' lang='lat' dir='ltr'>sua</span> <span class='ocrx_word' id='word_1_303' title='bbox 1201 4149 1363 4232; x_wconf 89' lang='lat' dir='ltr'>qualitate</span> <span class='ocrx_word' id='word_1_304' title='bbox 1385 4149 1455 4213; x_wconf 88' lang='lat' dir='ltr'>Deo</span> <span class='ocrx_word' id='word_1_305' title='bbox 1479 4147 1538 4213; x_wconf 87' lang='lat' dir='ltr'>ad-</span> 
     </span>
     <span class='ocr_line' id='line_1_34' title="bbox 286 4254 1540 4341; baseline -0.003 -18"><span class='ocrx_word' id='word_1_306' title='bbox 286 4279 386 4325; x_wconf 88' lang='lat' dir='ltr'>versa</span> <span class='ocrx_word' id='word_1_307' title='bbox 408 4256 459 4323; x_wconf 92' lang='lat' dir='ltr'>ius</span> <span class='ocrx_word' id='word_1_308' title='bbox 482 4256 605 4323; x_wconf 87' lang='lat' dir='ltr'>retinet</span> <span class='ocrx_word' id='word_1_309' title='bbox 627 4278 720 4323; x_wconf 91' lang='lat' dir='ltr'>suam</span> <span class='ocrx_word' id='word_1_310' title='bbox 745 4258 910 4341; x_wconf 84' lang='lat' dir='ltr'>obligandi</span> <span class='ocrx_word' id='word_1_311' title='bbox 935 4257 1169 4324; x_wconf 89' lang='lat' dir='ltr'>auctoritatem</span> <span class='ocrx_word' id='word_1_312' title='bbox 1191 4255 1230 4338; x_wconf 80' lang='lat' dir='ltr'>(l)</span> <span class='ocrx_word' id='word_1_313' title='bbox 1248 4309 1255 4323; x_wconf 95' lang='lat'><strong><em>.</em></strong></span> <span class='ocrx_word' id='word_1_314' title='bbox 1274 4308 1307 4323; x_wconf 88' lang='lat'>..</span> <span class='ocrx_word' id='word_1_315' title='bbox 1333 4256 1416 4322; x_wconf 86' lang='lat' dir='ltr'>Sunt</span> <span class='ocrx_word' id='word_1_316' title='bbox 1438 4254 1540 4338; x_wconf 89' lang='lat' dir='ltr'>igitur</span> 
     </span>
     <span class='ocr_line' id='line_1_35' title="bbox 286 4360 1538 4449; baseline -0.002 -21"><span class='ocrx_word' id='word_1_317' title='bbox 286 4365 338 4430; x_wconf 92' lang='lat' dir='ltr'>ius</span> <span class='ocrx_word' id='word_1_318' title='bbox 366 4368 401 4431; x_wconf 90' lang='lat' dir='ltr'>et</span> <span class='ocrx_word' id='word_1_319' title='bbox 431 4364 482 4429; x_wconf 91' lang='lat' dir='ltr'>ius</span> <span class='ocrx_word' id='word_1_320' title='bbox 513 4364 690 4449; x_wconf 88' lang='lat' dir='ltr'>positivum</span> <span class='ocrx_word' id='word_1_321' title='bbox 723 4369 902 4449; x_wconf 89' lang='lat' dir='ltr'>conceptus</span> <span class='ocrx_word' id='word_1_322' title='bbox 933 4363 1086 4441; x_wconf 90' lang='lat' dir='ltr'>identici;</span> <span class='ocrx_word' id='word_1_323' title='bbox 1118 4384 1183 4429; x_wconf 90' lang='lat' dir='ltr'>non</span> <span class='ocrx_word' id='word_1_324' title='bbox 1208 4366 1260 4428; x_wconf 91' lang='lat' dir='ltr'>est</span> <span class='ocrx_word' id='word_1_325' title='bbox 1286 4362 1337 4427; x_wconf 92' lang='lat' dir='ltr'>ius</span> <span class='ocrx_word' id='word_1_326' title='bbox 1360 4362 1422 4426; x_wconf 90' lang='lat' dir='ltr'>nisi</span> <span class='ocrx_word' id='word_1_327' title='bbox 1449 4360 1538 4445; x_wconf 92' lang='lat' dir='ltr'>posi·</span> 
     </span>
     <span class='ocr_line' id='line_1_36' title="bbox 286 4472 423 4539; baseline -0.015 -1"><span class='ocrx_word' id='word_1_328' title='bbox 286 4472 423 4539; x_wconf 86' lang='lat' dir='ltr'>tivum.“</span> 
     </span>
     <span class='ocr_line' id='line_1_37' title="bbox 286 4574 1540 4661; baseline -0.003 -17"><span class='ocrx_word' id='word_1_329' title='bbox 286 4576 331 4659; x_wconf 58' lang='lat'>5:³2</span> <span class='ocrx_word' id='word_1_330' title='bbox 383 4578 492 4656; x_wconf 84' lang='lat' dir='ltr'>,Quod</span> <span class='ocrx_word' id='word_1_331' title='bbox 522 4582 632 4644; x_wconf 89' lang='lat' dir='ltr'>autem</span> <span class='ocrx_word' id='word_1_332' title='bbox 664 4578 777 4643; x_wconf 85' lang='lat' dir='ltr'>subest</span> <span class='ocrx_word' id='word_1_333' title='bbox 801 4576 972 4661; x_wconf 89' lang='lat' dir='ltr'>conceptui</span> <span class='ocrx_word' id='word_1_334' title='bbox 997 4576 1135 4642; x_wconf 91' lang='lat' dir='ltr'>alicuius</span> <span class='ocrx_word' id='word_1_335' title='bbox 1158 4574 1248 4655; x_wconf 89' lang='lat' dir='ltr'>,iuris</span> <span class='ocrx_word' id='word_1_336' title='bbox 1270 4576 1432 4653; x_wconf 86' lang='lat' dir='ltr'>naturae‘,</span> <span class='ocrx_word' id='word_1_337' title='bbox 1462 4578 1540 4641; x_wconf 91' lang='lat' dir='ltr'>sunt</span> 
     </span>
     <span class='ocr_line' id='line_1_38' title="bbox 285 4676 1538 4768; baseline -0.004 -20"><span class='ocrx_word' id='word_1_338' title='bbox 285 4684 365 4749; x_wconf 87' lang='lat' dir='ltr'>illae</span> <span class='ocrx_word' id='word_1_339' title='bbox 387 4684 479 4768; x_wconf 88' lang='lat' dir='ltr'>ipsae</span> <span class='ocrx_word' id='word_1_340' title='bbox 502 4682 597 4748; x_wconf 85' lang='lat' dir='ltr'>ideae</span> <span class='ocrx_word' id='word_1_341' title='bbox 621 4686 655 4749; x_wconf 89' lang='lat' dir='ltr'>ct</span> <span class='ocrx_word' id='word_1_342' title='bbox 678 4686 857 4767; x_wconf 89' lang='lat' dir='ltr'>praecepta</span> <span class='ocrx_word' id='word_1_343' title='bbox 873 4680 997 4746; x_wconf 91' lang='lat' dir='ltr'>ordinis</span> <span class='ocrx_word' id='word_1_344' title='bbox 1013 4679 1116 4745; x_wconf 89' lang='lat' dir='ltr'>divini</span> <span class='ocrx_word' id='word_1_345' title='bbox 1130 4678 1163 4744; x_wconf 89' lang='lat' dir='ltr'>in</span> <span class='ocrx_word' id='word_1_346' title='bbox 1180 4677 1311 4756; x_wconf 92' lang='lat' dir='ltr'>mundo,</span> <span class='ocrx_word' id='word_1_347' title='bbox 1334 4676 1429 4743; x_wconf 88' lang='lat' dir='ltr'>ideae</span> <span class='ocrx_word' id='word_1_348' title='bbox 1444 4678 1538 4755; x_wconf 87' lang='lat' dir='ltr'>iuris;</span> 
     </span>
     <span class='ocr_line' id='line_1_39' title="bbox 286 4783 1539 4869; baseline -0.005 -14"><span class='ocrx_word' id='word_1_349' title='bbox 286 4791 372 4857; x_wconf 90' lang='lat' dir='ltr'>istae</span> <span class='ocrx_word' id='word_1_350' title='bbox 406 4794 533 4869; x_wconf 91' lang='lat' dir='ltr'>autem,</span> <span class='ocrx_word' id='word_1_351' title='bbox 566 4794 604 4854; x_wconf 90' lang='lat' dir='ltr'>ut</span> <span class='ocrx_word' id='word_1_352' title='bbox 636 4792 804 4855; x_wconf 90' lang='lat' dir='ltr'>ostensum</span> <span class='ocrx_word' id='word_1_353' title='bbox 837 4792 904 4867; x_wconf 90' lang='lat' dir='ltr'>est,</span> <span class='ocrx_word' id='word_1_354' title='bbox 938 4808 1045 4869; x_wconf 92' lang='lat' dir='ltr'>neque</span> <span class='ocrx_word' id='word_1_355' title='bbox 1076 4784 1235 4869; x_wconf 89' lang='lat' dir='ltr'>requisita</span> <span class='ocrx_word' id='word_1_356' title='bbox 1267 4783 1539 4849; x_wconf 90' lang='lat' dir='ltr'>determinatione</span> 
     </span>
     <span class='ocr_line' id='line_1_40' title="bbox 287 4890 1539 4982; baseline -0.006 -19"><span class='ocrx_word' id='word_1_357' title='bbox 287 4896 520 4982; x_wconf 85' lang='lat' dir='ltr'>(praecisione)</span> <span class='ocrx_word' id='word_1_358' title='bbox 553 4916 659 4978; x_wconf 87' lang='lat' dir='ltr'>neque</span> <span class='ocrx_word' id='word_1_359' title='bbox 692 4894 858 4977; x_wconf 82' lang='lat' dir='ltr'>obligandi</span> <span class='ocrx_word' id='word_1_360' title='bbox 888 4893 922 4958; x_wconf 85' lang='lat' dir='ltr'>vi</span> <span class='ocrx_word' id='word_1_361' title='bbox 946 4894 1026 4959; x_wconf 89' lang='lat' dir='ltr'>iuris</span> <span class='ocrx_word' id='word_1_362' title='bbox 1049 4891 1220 4977; x_wconf 87' lang='lat' dir='ltr'>praeditae</span> <span class='ocrx_word' id='word_1_363' title='bbox 1243 4892 1331 4956; x_wconf 89' lang='lat' dir='ltr'>sunt.</span> <span class='ocrx_word' id='word_1_364' title='bbox 1345 4941 1353 4955; x_wconf 91' lang='lat'><strong>.</strong></span> <span class='ocrx_word' id='word_1_365' title='bbox 1368 4940 1397 4956; x_wconf 88' lang='lat'>..</span> <span class='ocrx_word' id='word_1_366' title='bbox 1422 4890 1539 4973; x_wconf 89' lang='lat' dir='ltr'>Itaque</span> 
     </span>
     <span class='ocr_line' id='line_1_41' title="bbox 288 4994 1538 5085; baseline -0.006 -17"><span class='ocrx_word' id='word_1_367' title='bbox 288 5004 410 5070; x_wconf 89' lang='lat' dir='ltr'>dantur</span> <span class='ocrx_word' id='word_1_368' title='bbox 433 5024 512 5068; x_wconf 87' lang='lat' dir='ltr'>sane</span> <span class='ocrx_word' id='word_1_369' title='bbox 529 5002 667 5067; x_wconf 89' lang='lat' dir='ltr'>rationis</span> <span class='ocrx_word' id='word_1_370' title='bbox 682 5000 851 5085; x_wconf 90' lang='lat' dir='ltr'>postulata</span> <span class='ocrx_word' id='word_1_371' title='bbox 867 4999 955 5065; x_wconf 92' lang='lat' dir='ltr'>circa</span> <span class='ocrx_word' id='word_1_372' title='bbox 969 5000 1031 5077; x_wconf 89' lang='lat' dir='ltr'>ius,</span> <span class='ocrx_word' id='word_1_373' title='bbox 1054 4997 1112 5063; x_wconf 87' lang='lat' dir='ltr'>sed</span> <span class='ocrx_word' id='word_1_374' title='bbox 1128 5017 1193 5062; x_wconf 91' lang='lat' dir='ltr'>non</span> <span class='ocrx_word' id='word_1_375' title='bbox 1209 4995 1308 5061; x_wconf 92' lang='lat' dir='ltr'>datur</span> <span class='ocrx_word' id='word_1_376' title='bbox 1322 4994 1374 5060; x_wconf 89' lang='lat' dir='ltr'>ius</span> <span class='ocrx_word' id='word_1_377' title='bbox 1389 4994 1538 5061; x_wconf 78' lang='lat' dir='ltr'>rationis,</span> 
     </span>
    </p>
   </div>
   <div class='ocr_carea' id='block_1_5' title="bbox 0 0 1976 5842">
    <p class='ocr_par' dir='ltr' id='par_1_7' title="bbox 0 0 1976 5842">
     <span class='ocr_line' id='line_1_42' title="bbox 0 0 1976 5842; baseline 0 0"><span class='ocrx_word' id='word_1_378' title='bbox 0 0 1976 5842; x_wconf 95' lang='lat' dir='ltr'> </span> 
     </span>
    </p>
   </div>
  </div>
 </body>
</html>
