3909 5842
654 694 696 748 De
714 711 819 749 summo
837 694 908 763 legis
926 693 1061 749 naturalis
1079 693 1219 764 principio.
1496 696 1561 759 253

319 871 468 956 principii
500 872 659 938 rationem
688 877 742 938 sat
771 894 873 957 prope
903 872 1068 954 attingere
1099 870 1238 950 videtur,
1269 891 1340 936 eam
1365 874 1562 937 tamennon

320 978 368 1046 ita
397 979 613 1046 determinate
642 979 805 1063 proponit,
836 984 874 1045 ut
896 978 976 1044 solis
999 976 1195 1043 deducendis
1218 977 1422 1043 naturalibus
1446 967 1562 1062 obliqu-

320 1087 467 1170 tionibus,
491 1107 552 1152 nec
574 1086 671 1152 simul
694 1086 848 1164 consiliis,
872 1083 1006 1169 propria
1029 1103 1101 1149 esse
1124 1089 1293 1167 appareat.

408 1200 557 1268 Ultimum
576 1201 715 1284 denique
737 1201 922 1279 formulam,
950 1220 1015 1282 qua
1038 1197 1117 1263 nihil
1140 1197 1229 1264 aliud
1251 1217 1369 1264 revera
1384 1196 1565 1264 adstruitur

320 1329 419 1395 quam
447 1307 639 1391 principium
663 1308 696 1373 S.
720 1307 866 1372 Thomas
896 1326 1039 1388 congrue
1071 1305 1333 1382 determinatum,
1364 1324 1428 1368 non
1458 1303 1564 1367 miuus

320 1434 379 1496 per
401 1434 438 1479 se
460 1414 636 1496 genuinam
666 1434 763 1495 quam
791 1415 833 1478 sd
856 1433 951 1478 usum
981 1411 1138 1478 scientiae
1168 1410 1286 1477 ceteris
1315 1409 1564 1494 praeferendam

321 1540 394 1584 esse
417 1520 652 1588 existimamus.

321 1665 392 1738 284.
480 1656 637 1738 'Phasis
663 1655 854 1738 XXXII·
884 1679 1056 1741 Summum
1077 1678 1164 1759 legis
1178 1677 1347 1740 naturalis
1362 1675 1563 1754 principium

321 1783 399 1855 apte
420 1777 462 1840 ad
483 1778 571 1839 hauc
598 1778 780 1839 formulam
806 1776 992 1857 redigitur:
1020 1777 1195 1840 Rectum
1220 1779 1409 1838 naturae
1436 1773 1565 1836 ratio·

321 1875 440 1937 nolis
461 1875 653 1937 ordinem
680 1879 892 1950 tamquam
919 1874 1138 1939 divinitus
1161 1877 1356 1936 sanctum
1378 1875 1564 1936 servato.

411 1993 715 2062 Praenotanda.
742 1995 771 2058 1.
785 1993 931 2058 Naturae
943 1991 1115 2059 rationalis
1127 1991 1270 2056 ordinem
1285 1989 1429 2066 dicimus,
1442 1988 1566 2054 scilicet

322 2106 460 2168 naturae
492 2103 662 2183 humanae,
692 2099 868 2164 secundum
899 2117 1019 2164 omnes
1036 2098 1227 2165 essentiales
1250 2101 1420 2180 respectus
1442 2093 1565 2178 simpli·

322 2207 405 2273 citer
427 2207 618 2290 completae,
643 2227 707 2288 quo
730 2225 827 2270 sensu
852 2205 965 2270 eadem
989 2205 1079 2270 reale
1102 2209 1136 2270 et
1158 2205 1262 2270 totale
1291 2202 1390 2285 ,legis
1406 2203 1561 2267 naturae‘*

322 2314 568 2380 fundamentum
600 2332 673 2377 esse
702 2311 914 2394 intellegitur.
970 2313 1001 2376 2.
1031 2310 1181 2376 Naturae
1210 2309 1382 2374 rationalis
1414 2309 1566 2390 ordimem,

321 2442 386 2486 non
400 2420 667 2502 qualemcumque
679 2418 853 2502 partialem
866 2422 900 2483 et
915 2417 1163 2482 subordinatum
1179 2436 1210 2482 v.
1224 2435 1256 2497 g.
1274 2414 1419 2480 ordinem
1437 2413 1565 2480 esethe-

321 2526 433 2604 ticum,
457 2526 515 2591 sed
539 2525 685 2591 ordinem
706 2527 834 2610 finalem
858 2527 1043 2609 simpliciter
1065 2525 1169 2604 talem,
1194 2520 1248 2604 qui
1272 2543 1314 2586 ex
1337 2521 1400 2585 fine
1417 2539 1566 2604 supremo

323 2636 605 2699 commensuratur
628 2634 661 2696 et
684 2631 716 2695 in
741 2651 804 2712 quo
826 2631 894 2695 solo
912 2629 1055 2712 qualitas
1071 2627 1203 2692 moralis
1220 2627 1382 2694 actionum
1399 2626 1565 2691 fundatur.

323 2742 354 2804 3.
380 2739 510 2804 Rectam
542 2737 687 2803 ordinem
711 2773 755 2781 -
778 2740 815 2802 ut
848 2735 1070 2818 distinguatur
1102 2733 1263 2799 obiectum
1294 2736 1370 2819 lepis
1400 2753 1457 2797 seu
1486 2731 1566 2796 obli·

322 2844 468 2927 gationis
490 2844 627 2911 strictae
650 2843 692 2908 ab
716 2843 843 2908 obiecto
867 2845 1002 2909 consilii.
1044 2841 1131 2923 Lege
1155 2839 1240 2905 enim
1264 2838 1464 2924 praecipitur
1487 2838 1566 2902 ordo

324 2973 388 3016 non
412 2950 587 3016 secundum
611 2950 749 3033 gradum
774 2949 914 3032 aliquem
938 2947 1093 3013 maiorem
1113 2945 1167 3012 vel
1183 2946 1339 3011 minorem
1356 2945 1566 3030 perfectionis

323 3057 468 3132 moralis,
499 3057 557 3122 sed
585 3056 762 3122 secundum
785 3055 916 3132 limites
942 3054 1057 3137 quibus
1082 3053 1161 3118 ordo
1185 3055 1369 3138 simpliciter
1391 3059 1494 3117 rectas
1517 3053 1567 3117 est

324 3167 359 3228 et
389 3185 410 3227 a
439 3184 503 3228 mom
533 3169 614 3228 recto
644 3161 865 3243 distinguitur.
912 3165 942 3226 4.
973 3161 1148 3245 Tamquam
1179 3159 1332 3222 divinitas
1361 3165 1502 3222 sanctam
1525 3192 1566 3202 —

324 3272 362 3333 ut
386 3269 568 3335 insinuetur
590 3269 730 3334 formale
752 3267 944 3352 principium
970 3265 1188 3348 obligationis
1213 3285 1277 3329 non
1301 3264 1334 3328 in
1357 3263 1499 3328 humana
1514 3284 1567 3327 ra-

324 3374 424 3453 tione,
455 3374 513 3440 sed
542 3375 575 3440 in
606 3373 814 3440 sanctissima
837 3373 898 3438 Dei
926 3373 1099 3439 voluntate
1123 3371 1210 3455 (lege
1233 3370 1382 3450 aeterna)
1405 3369 1503 3435 situm
1534 3373 1568 3434 et

325 3503 391 3564 qua
420 3482 489 3548 tale
518 3482 550 3546 in
580 3481 719 3547 hominis
747 3478 946 3545 conscientia
970 3479 1066 3543 simul
1091 3499 1163 3544 cum
1186 3478 1260 3559 lege
1283 3476 1427 3542 naturali
1449 3475 1567 3541 saltem

324 3589 482 3672 implicite
505 3588 713 3653 innotescens
737 3585 826 3668 (vide
849 3608 880 3650 n.
906 3588 969 3650 248
987 3587 1048 3668 sq).

326 3734 399 3806 285.
489 3733 656 3806 Probatur.
702 3736 869 3801 Summum
901 3735 986 3818 legis
1018 3733 1179 3801 naturalis
1211 3733 1412 3817 principium,
1444 3737 1480 3799 ut
1509 3753 1567 3798 suo

325 3843 498 3926 conceptui
529 3841 746 3924 respondeat,
781 3843 858 3907 baec
889 3846 955 3906 tria
988 3843 1169 3908 essentialia
1202 3843 1356 3926 requisita
1391 3839 1569 3922 adimpleat

325 3970 461 4015 neeesse
491 3952 559 4014 est:
590 3951 619 4012 1.
643 3947 750 4012 Debet
780 3967 853 4011 esse
880 3949 1077 4032 principiam
1107 3969 1177 4012 aare
1209 3945 1393 4029 ,formale“,
1424 3943 1444 4010 i.
1470 3965 1497 4010 e.
1521 3944 1569 4010 ita

325 4054 495 4121 reductive
511 4053 671 4130 ultimum,
694 4056 733 4118 ut
748 4052 903 4117 exhibeat
925 4051 1032 4134 ipsum
1057 4051 1219 4118 obiectum
1243 4051 1381 4116 formale
1404 4051 1567 4134 proprium

325 4164 434 4229 omnis
457 4165 492 4228 et
514 4160 614 4226 solius
638 4158 849 4241 obligationis
872 4159 1033 4224 naturalis
1056 4180 1114 4223 seu
1137 4158 1180 4236 id,
1211 4157 1297 4240 quod
1320 4157 1353 4221 in
1377 4157 1463 4221 omni
1487 4157 1570 4239 legis

326 4268 469 4336 materia
488 4289 547 4352 per
569 4288 602 4331 se
625 4275 653 4331 et
675 4267 799 4330 ratione
822 4267 873 4330 sai
896 4265 1104 4348 praecipitur,
1129 4267 1164 4330 et
1186 4264 1282 4330 simul
1304 4263 1462 4340 ultimam,
1486 4283 1570 4343 quae

328 4374 401 4441 dari
415 4375 530 4459 possit,
553 4373 713 4438 rationem
731 4371 887 4450 continet,
904 4372 944 4436 ob
961 4393 1058 4454 quam
1074 4373 1285 4455 praeceptum
1301 4373 1359 4434 aut
1374 4368 1570 4453 prohibitum

327 4481 467 4559 dicatur,
485 4479 637 4562 quicquid
652 4478 847 4544 naturaliter
865 4477 1008 4561 praecipi
1025 4481 1083 4544 aut
1098 4476 1259 4561 prohiberi
1276 4475 1509 4557 cognoscimus.
1527 4510 1571 4518 —

329 4591 362 4654 2.
386 4589 586 4672 Principiam
613 4583 829 4667 ,materiale“,
853 4584 875 4650 i.
891 4606 919 4651 e.
936 4585 969 4649 in
986 4584 1098 4650 ordine
1122 4582 1324 4649 deductionis
1339 4603 1416 4647 vere
1432 4581 1570 4665 primum
1653 4649 1661 4670 x

328 4697 366 4759 et
393 4692 705 4758 universalissimum
735 4713 793 4756 seu
822 4691 902 4770 tale,
933 4691 1019 4774 quod
1049 4690 1205 4774 implicite
1235 4693 1354 4755 cuncta
1383 4687 1490 4753 officis
1513 4687 1570 4752 ho-

328 4802 426 4868 minis
449 4801 613 4866 naturalia
636 4800 905 4884 comprehendat:
929 4801 1010 4865 haec
1034 4799 1118 4865 enim
1142 4797 1328 4862 necessaria
1348 4795 1492 4862 condicio
1509 4798 1570 4872 est,

328 4912 369 4975 ut
391 4929 452 4992 ope
475 4907 678 4974 deductionis
701 4906 852 4972 similiter
867 4910 985 4971 cuncta
999 4905 1075 4970 inde
1091 4903 1233 4970 derivari
1248 4902 1385 4987 possint.
1401 4937 1444 4946 -
1461 4905 1490 4966 3.
1508 4901 1572 4964 Per

195 5005 199 5014 ¹
329 5038 364 5082 se
395 5023 500 5081 motam
535 5023 563 5080 et
594 5015 734 5096 evidens,
764 5011 785 5077 i.
812 5032 839 5077 e.
870 5011 903 5076 iu
934 5011 1046 5076 ordine
1081 5013 1266 5096 copnitiomis
1299 5013 1458 5094 practicae
1493 5027 1571 5072 vere
