3909 5842
657 692 724 748 Esse
743 711 837 749 verum
855 694 898 748 ius
917 697 1032 747 naturae
1049 691 1190 747 assentur.
1482 694 1547 760 473

304 869 403 936 Porro
432 871 466 935 in
496 870 566 937 iure
597 870 752 953 cuiusque
781 870 892 956 pepuli
920 870 1147 952 (Volksrecbt)
1181 870 1321 955 ,duplex
1350 870 1547 937 elementum

299 976 457 1042 inveniri“
486 976 575 1053 dicit,
611 977 768 1055 ,alterum
796 976 1005 1055 individuale,
1036 976 1210 1059 unicuique
1238 977 1358 1061 populo
1387 976 1420 1041 in
1444 976 1548 1061 parti·

301 1080 405 1146 culari
435 1081 612 1165 proprium,
644 1082 785 1149 alterum
818 1081 1015 1159 universale,
1046 1082 1224 1165 fundatam
1254 1086 1288 1149 ia
1318 1104 1361 1166 eo,
1392 1086 1476 1169 quod
1506 1093 1549 1150 est

300 1196 441 1253 naturae
463 1189 625 1253 humanae
647 1188 826 1254 cammanc“
841 1191 861 1253 ¹.

393 1292 517 1359 Similia
539 1294 661 1379 passim
678 1295 763 1378 apud
780 1294 863 1360 alios
883 1294 1062 1379 scriptores
1076 1293 1222 1359 eiusdem
1237 1294 1369 1359 scholae
1384 1294 1549 1377 leguntur.

306 1400 362 1466 Sic
385 1421 413 1467 e.
439 1422 470 1483 g.
495 1402 617 1468 Pacbta
641 1402 770 1469 scribit:
806 1402 879 1480 ,Ius
903 1401 1223 1468 consuetudinarium
1247 1405 1300 1467 est
1319 1401 1380 1478 ius,
1404 1403 1490 1484 quod
1514 1402 1547 1467 in

303 1506 503 1573 conscientia
525 1509 636 1593 populi
660 1510 841 1575 immediate
864 1530 957 1574 suam
981 1508 1140 1591 originem
1162 1507 1286 1574 babet.
1306 1561 1312 1573 .
1331 1561 1338 1573 .
1356 1513 1390 1574 et
1409 1508 1443 1573 in
1459 1529 1550 1573 more

303 1613 414 1697 populi
438 1612 540 1692 (usus,
565 1614 779 1697 consuetudo)
796 1636 831 1680 se
847 1614 1048 1680 manifestat.
1069 1668 1075 1680 .
1095 1668 1101 1680 .
1121 1666 1127 1678 .
1159 1613 1214 1679 Ius
1230 1614 1550 1681 consuetudinarium

303 1720 473 1803 praecedit
495 1718 545 1784 ius
560 1720 683 1802 legale3
708 1742 771 1786 non
796 1721 837 1787 ab
854 1721 1055 1787 auctoritate
1069 1720 1280 1803 legislatoris,
1304 1719 1362 1786 sed
1378 1721 1419 1786 ab
1436 1720 1550 1787 eadem

304 1828 472 1909 potestate
501 1846 593 1891 suam
622 1827 687 1891 vim
712 1826 792 1892 imis
816 1827 945 1911 accipit,
977 1827 1139 1909 adquam
1163 1826 1222 1892 illa
1244 1827 1345 1894 etiam
1369 1826 1551 1893 auctoritas

304 1931 453 2016 proxime
475 1932 652 2000 reducitur.
679 1987 684 1997 .
712 1986 718 1999 .
747 1986 753 1997 .
801 1932 915 2000 Oritur
938 1954 981 1999 ex
1004 1952 1053 2011 eo,
1085 1933 1171 2015 quod
1194 1933 1330 2017 spiritus
1352 1933 1546 1999 nationalis“

304 2036 440 2119 (rectius
464 2038 519 2105 lex
542 2038 704 2106 naturalis
726 2044 820 2106 recta
842 2040 971 2106 ratione
991 2042 1165 2123 expressa]
1187 2040 1237 2117 ,in
1255 2042 1373 2105 animis
1389 2041 1551 2105 hominum

307 2149 475 2229 implentur
498 2153 526 2211 ct
547 2148 662 2211 exserit
684 2147 806 2211 iudicia
829 2147 982 2229 iuridica,
1007 2168 1088 2233 qaae
1102 2148 1152 2212 illi
1167 2154 1355 2233 repararunt
1370 2156 1398 2212 et
1413 2150 1552 2213 radicat

305 2260 465 2338 tamquam
490 2254 676 2318 mmania.
705 2305 710 2317 .
738 2306 744 2317 .
771 2305 777 2340 ·,
813 2252 1021 2319 Consuetudo
1044 2256 1097 2319 est
1121 2255 1303 2318 escrcitiam
1325 2254 1552 2339 reparatura

305 2356 377 2437 (des
400 2358 657 2441 Rechtssatzes),
682 2380 766 2441 quae
790 2366 863 2425 anta
886 2362 975 2425 illam
999 2360 1064 2425 iam
1088 2358 1276 2425 exsistit.“²

395 2466 447 2529 Ex
471 2464 587 2547 quibus
611 2465 760 2531 omnibus
783 2464 864 2530 baec
887 2465 1038 2549 profecto
1062 2466 1226 2531 conclusio
1242 2469 1361 2549 sponte
1375 2485 1412 2530 se
1426 2463 1552 2529 unicui·

307 2591 370 2652 que
386 2570 547 2637 obtrudit:
572 2570 741 2637 Eiusmodi
756 2570 806 2637 ius
827 2572 1199 2649 ,consuetudinarium“,
1215 2593 1275 2656 per
1289 2593 1326 2638 se
1341 2570 1552 2654 originarium

307 2680 341 2743 et
368 2681 573 2755 ,commune“
595 2686 651 2743 crat
667 2677 700 2742 id
715 2678 820 2762 ipsum
838 2682 899 2755 est,
924 2679 1011 2760 quod
1026 2682 1158 2745 veteres
1173 2681 1226 2745 ias
1241 2680 1386 2744 divinum
1402 2680 1552 2743 naturale

306 2788 519 2861 vocaverunt,
544 2788 707 2866 quatenus
729 2784 799 2851 sine
823 2785 888 2849 ullo
912 2784 1054 2868 positivo
1078 2784 1243 2851 bominum
1268 2784 1403 2851 consilio
1425 2784 1552 2849 incon·

306 2888 445 2955 scientia
474 2890 676 2973 singulorum
708 2897 742 2954 et
765 2894 1003 2973 consequenter
1025 2890 1059 2955 in
1082 2890 1185 2958 totius
1208 2891 1318 2975 populi
1341 2890 1553 2975 persuasione

308 2994 340 3060 vi
363 2996 494 3061 luminis
517 2996 688 3061 rationalis
704 3016 740 3061 se
757 2996 955 3063 determinat
971 3002 1005 3063 et
1021 2997 1187 3074 subsistit3
1212 3006 1268 3063 aut
1283 2997 1363 3062 illud
1378 3018 1442 3062 non
1458 3018 1552 3062 secus

305 3122 345 3167 ac
374 3103 517 3168 humana
540 3102 706 3184 legislatio
729 3107 898 3185 tamquam
921 3102 1044 3169 invicte
1068 3103 1288 3168 necessarium
1312 3111 1346 3169 et
1367 3105 1551 3188 praerequi-

304 3211 401 3274 sitam
433 3212 597 3294 supponat
629 3212 792 3293 0portet³.
840 3209 930 3286 Quae
962 3209 1066 3291 igitur
1094 3209 1181 3276 ratio
1211 3219 1284 3275 erat
1312 3212 1382 3275 tam
1412 3207 1551 3274 sollicite

398 3438 466 3491 ¹De
485 3438 603 3505 Sauipny
620 3438 638 3493 l.
658 3454 680 3491 c.
701 3436 743 3499 52,
762 3437 778 3502 fi
800 3436 840 3490 15.

395 3526 407 3559 ²
426 3527 535 3595 Mitto,
555 3524 743 3593 Vorlesungsn
761 3524 828 3579 tlber
846 3524 896 3579 das
913 3523 1026 3592 heutige
1039 3530 1105 3578 rdm.
1120 3523 1208 3579 Recbt
1221 3523 1233 3576 Ι
1247 3524 1270 3577 Ι.
1284 3522 1323 3581 Β..
1345 3524 1368 3577 l.
1382 3522 1460 3593 Kap,
1479 3522 1552 3589 511,

306 3614 348 3669 Gi.
368 3616 488 3668 eiusdem
511 3614 699 3680 ,Pandelrten“
723 3614 734 3668 Ι
756 3616 777 3669 1.
798 3614 876 3684 Kap,
896 3615 912 3677 ξ
934 3614 964 3667 11
978 3630 1026 3683 sq;
1046 3613 1172 3667 similiter
1190 3630 1213 3665 v.
1233 3614 1389 3681 Vanperow‚
1408 3610 1551 3665 strbuch

306 3704 354 3759 der
373 3702 532 3757 Pandelrteu
552 3704 563 3757 Ι
582 3702 598 3771 ἕ
619 3705 652 3757 14
664 3721 705 3772 sq.
1411 3692 1415 3699 ’

398 3792 456 3845 'ld
476 3792 521 3845 rel
539 3792 602 3845 inde
621 3794 742 3861 apparet,
762 3792 832 3861 quod
852 3791 928 3846 nulla
946 3790 1039 3862 populi
1058 3790 1224 3845 consuetudo
1244 3791 1294 3858 lapi
1314 3798 1430 3843 natuerae
1447 3796 1552 3843 contra·

306 3882 397 3934 atam
415 3880 470 3933 vim
489 3879 547 3933 veri
567 3880 634 3933 iuris
653 3896 782 3948 umquam
801 3879 923 3934 obtinere
942 3883 1040 3949 potest.
1076 3879 1107 3933 ld
1126 3878 1208 3932 etiam
1228 3878 1331 3931 Purltta
1352 3876 1553 3945 (Vorlesungen

306 3968 323 4037 fi
344 3968 390 4035 13)
410 3967 534 4035 agnoscit
553 3967 660 4023 dicens:
690 3968 771 4033 ,Eine
790 3968 961 4023 schlechthin
987 3966 1147 4021 unsittlicbc
1166 3965 1345 4020 Gewobnheit
1370 3965 1433 4019 dart
1448 3966 1493 4019 nie
1511 3965 1553 4018 als

306 4054 453 4111 Ausdruok
479 4056 553 4109 einer
578 4055 687 4109 wahren
714 4055 994 4123 Vollrsllberzcugung
1019 4054 1144 4123 gelten“‚
1170 4057 1199 4107 et
1224 4052 1397 4122 (Pandekten
1422 4052 1552 4119 lfillll:

309 4144 370 4211 ,Sie
396 4142 452 4211 (die
471 4142 661 4212 Gewohnbeit)
689 4145 781 4197 wurde
807 4144 876 4198 ohne
895 4144 1057 4211 Bedentung
1081 4143 1156 4207 sein,
1181 4160 1259 4195 neon
1286 4142 1329 4194 die
1347 4141 1553 4195 Nichtexistenz

306 4236 355 4290 des
368 4232 569 4297 Rechtssatzes,
588 4232 640 4285 den
659 4232 699 4285 sie
718 4232 817 4286 darton
836 4232 895 4296 soll,
915 4250 966 4285 aas
985 4234 1090 4285 andern
1111 4234 1243 4285 Gramen
1262 4230 1436 4284 entscbieden
1454 4233 1552 4293 aaran

306 4342 356 4395 pro
374 4322 468 4377 eadem
488 4340 517 4375 re
535 4322 665 4376 invocans
684 4322 750 4375 illud
770 4322 799 4376 L.
820 4323 862 4387 39,
881 4322 942 4390 Dig.
962 4322 996 4375 de
1014 4322 1122 4390 legibus
1142 4322 1180 4388 (1,
1199 4321 1250 4388 3):·
1268 4318 1358 4384 ,Quod
1377 4338 1431 4374 non
1449 4320 1553 4374 ratione

306 4412 504 4477 introductum,
529 4412 578 4465 sed
596 4428 687 4465 errore
712 4410 843 4481 primum,
870 4410 965 4465 deinde
985 4410 1179 4465 consuetudine
1198 4411 1338 4463 obtentum
1363 4413 1420 4473 est,
1444 4409 1474 4463 in
1492 4409 1554 4463 aliis

307 4500 442 4555 similibus
460 4518 511 4553 non
531 4500 658 4553 obtinel.“
687 4530 721 4539 —
747 4500 810 4553 Ideo
830 4504 857 4553 et
875 4504 919 4553 ius
937 4504 1097 4553 canonicum
1122 4503 1180 4553 lum
1205 4498 1293 4567 legem
1312 4498 1459 4552 humanam
1481 4498 1553 4565 (con-

307 4587 490 4655 stitutionem)
511 4592 569 4641 lum
592 4591 806 4641 emunetadlnem
832 4589 919 4656 quoad
938 4588 1082 4641 iuridicum
1100 4588 1223 4641 valorem
1240 4590 1300 4641 iuri
1319 4594 1435 4641 acturae
1453 4586 1553 4642 diserte

307 4677 475 4742 subordinat,
494 4678 557 4731 vide
577 4677 653 4731 (irat.
673 4677 751 4731 Decr.
771 4676 802 4730 D.
817 4676 890 4741 Vlll,
909 4694 932 4730 c.
953 4678 968 4729 7
987 4679 1019 4741 8;
1040 4677 1073 4732 D.
1086 4676 1133 4745 IX,
1153 4694 1176 4730 c.
1197 4677 1221 4730 1.
1241 4706 1276 4715 -
1296 4676 1420 4729 Practice
1438 4676 1554 4744 denique

307 4782 390 4835 quam
409 4782 504 4835 parum
525 4767 567 4820 ius
584 4765 743 4820 historicum
770 4765 822 4819 sibi
841 4764 894 4834 ipsi
913 4765 1048 4830 sufficiat,
1073 4766 1127 4819 nisi
1152 4765 1280 4819 continuo
1305 4764 1338 4817 ad
1365 4766 1408 4817 ius
1433 4764 1554 4818 normale

307 4854 395 4923 ipsius
422 4858 535 4907 naturae
560 4853 704 4923 respiciat,
730 4854 778 4907 vix
803 4852 858 4907 alia
884 4854 911 4906 in
936 4872 966 4907 re
992 4853 1094 4907 clarius
1119 4853 1266 4907 innotescit
1290 4870 1372 4921 quam
1393 4852 1421 4905 in
1440 4853 1554 4906 materia

309 4946 380 4997 iaris
399 4944 555 5009 centapolis.
594 4940 762 5010 Quicumque
781 4943 852 4996 enim
871 4942 979 4996 sincera
998 4945 1089 4996 mente
1106 4940 1159 4996 boe
1179 4959 1273 4995 eruere
1291 4941 1421 4995 historice
1439 4958 1475 4994 ex
1493 4958 1553 4995 con·

307 5030 452 5085 suetudine
479 5030 639 5101 populorum
667 5031 791 5084 nituntur
818 5031 899 5100 (quae
926 5030 1011 5085 latius
1037 5031 1095 5083 fere
1122 5034 1236 5084 naturae
1263 5028 1444 5100 corruptelam
1471 5046 1553 5098 quam
