3909 5842
371 676 410 729 De
422 674 573 729 voluntatis
585 674 613 729 in
625 674 697 729 alias
708 674 856 729 facultates
867 673 990 745 imperio.
1007 704 1039 713 -
1056 673 1097 727 De
1111 672 1294 727 involuntario
1308 672 1434 727 violento.
1482 676 1523 741 69

369 854 400 917 2.
430 852 472 917 ln
503 854 677 938 appetitam
706 854 889 919 sensitivam
920 854 1093 917 internam.
1140 848 1245 915 Huius
1270 850 1395 917 scilicet
1417 852 1525 915 motus

276 957 392 1023 varios
415 959 569 1024 voluntas
593 960 627 1023 et
650 956 796 1023 excitare
819 961 855 1023 et
877 956 1062 1039 generatim
1086 956 1185 1023 etiam
1203 976 1409 1041 compescere
1424 955 1524 1033 valet,

274 1063 306 1128 si
329 1065 471 1131 sollicite
494 1086 535 1131 ea
556 1069 710 1131 avertere
726 1063 862 1147 satagit,
886 1084 970 1147 quae
987 1084 1102 1129 ansam
1118 1062 1276 1129 eiusmodi
1291 1062 1418 1129 actibus
1433 1082 1525 1147 prae·

275 1170 357 1236 bere
380 1172 497 1238 solent.
543 1170 702 1237 Attamen
725 1191 790 1236 non
812 1190 944 1255 semper
966 1168 1099 1235 omuino
1121 1168 1279 1253 impedire
1302 1172 1422 1253 potest,
1446 1190 1525 1251 quo-

276 1276 386 1341 minus
415 1277 464 1342 illi
493 1277 565 1342 sive
595 1298 637 1342 ex
667 1276 868 1343 obiectorum
899 1279 1111 1342 externorum
1141 1255 1353 1359 impressione
1383 1276 1454 1340 sive
1484 1295 1527 1339 ex

210 1400 215 1404 ·
275 1383 437 1465 organica
472 1382 618 1467 corporis
655 1381 868 1467 dispositione
898 1381 1074 1464 aliquando
1106 1382 1302 1449 excitentur.
1356 1380 1463 1457 Quare
1493 1384 1527 1445 et

275 1490 450 1574 apostolus
472 1490 556 1555 Rom
581 1492 611 1567 7,
636 1491 679 1554 23
709 1492 871 1555 testatur:
905 1488 1030 1567 ¹,Video
1061 1487 1160 1554 aliam
1186 1488 1294 1571 legem
1317 1486 1350 1551 iu
1373 1485 1527 1551 membris

278 1596 364 1661 meis
386 1600 627 1679 repugnantem
650 1595 716 1679 legi
739 1596 860 1661 mentis
882 1598 1030 1663 meae.“¹

369 1706 401 1769 3.
425 1703 465 1769 In
488 1724 600 1769 sensus
624 1710 777 1786 caterona,
802 1706 965 1785 quatenus
990 1722 1101 1767 eorum
1119 1720 1253 1783 organa,
1278 1697 1431 1781 quamdiu
1446 1718 1528 1763 sana

274 1813 371 1889 sunt,
394 1809 562 1888 voluutas,
587 1808 705 1875 saltem
728 1808 913 1892 generatim
938 1807 1106 1893 applicare
1130 1810 1190 1873 aut
1215 1804 1381 1872 continere
1406 1808 1526 1889 potest,

276 1914 378 1997 idque
401 1915 455 1981 vel
479 1914 633 1998 organice
657 1919 691 1982 et
714 1914 839 1981 duecte
862 1915 916 1980 vel
939 1912 1127 1981 mechanica
1150 1916 1185 1978 et
1207 1911 1365 1978 indirecte
1388 1914 1527 1977 tantum.

370 2022 401 2086 4.
414 2022 529 2087 Iaoim
540 2024 710 2104 metricam,
723 2021 898 2103 etquidem
911 2020 1035 2086 directe
1048 2020 1081 2084 in
1092 2018 1133 2085 iis
1143 2018 1294 2097 motibus,
1308 2016 1362 2100 qui
1372 2016 1414 2083 ad
1425 2017 1528 2083 vitam

275 2127 412 2210 proprie
429 2128 603 2193 animalem
620 2127 796 2211 pertinent,
820 2132 858 2195 ut
873 2130 951 2192 suut
965 2130 1076 2192 motus
1095 2146 1290 2208 organorum
1308 2122 1454 2207 corporis
1470 2140 1527 2187 ex-

274 2239 466 2312 ternorum;
489 2234 649 2301 indirecte
672 2236 783 2301 autem
801 2234 835 2298 iu
850 2233 902 2313 iis,
926 2234 981 2315 qui
997 2233 1087 2300 vitae
1103 2230 1316 2315 vegetativae
1335 2227 1527 2294 inserviunt.

276 2373 332 2445 95.
425 2370 642 2445 corollarium.
689 2373 754 2440 'I'ot
783 2373 885 2457 igitur
913 2372 1035 2439 diversi
1064 2375 1158 2438 actus
1185 2373 1359 2437 voluntarii
1383 2372 1530 2455 imperati

277 2480 440 2563 distingui
455 2482 603 2564 possunt,
625 2486 706 2562 quot
720 2480 754 2545 in
770 2479 900 2545 homine
915 2478 1085 2563 potentiae
1101 2482 1178 2545 sunt
1193 2476 1375 2543 voluntatis
1393 2474 1529 2559 imperio

276 2587 525 2653 subordinatas.
572 2586 728 2663 Quamvis
758 2586 844 2652 enim
875 2606 988 2651 omnes
1015 2606 1074 2669 per
1097 2584 1279 2652 voluntatis
1301 2582 1472 2667 imperium
1496 2582 1530 2647 in

277 2692 410 2758 ratione
433 2692 563 2758 formali
588 2697 683 2759 actus
705 2695 881 2759 voluntarii
895 2692 983 2759 inter
998 2713 1034 2758 se
1050 2690 1258 2769 conveniunt,
1283 2689 1402 2772 singuli
1418 2693 1529 2755 tamen

276 2819 374 2864 suam
385 2801 557 2883 propriam
572 2802 729 2867 rationem
743 2808 833 2865 octus
848 2798 1079 2883 propriamque
1095 2797 1392 2863 denominationem
1407 2796 1530 2862 habent

277 2906 322 2971 ab
347 2926 388 2971 ea
411 2906 582 2985 facultate,
606 2927 627 2972 a
650 2926 716 2989 qua
736 2907 882 2991 proxime
903 2905 1096 2989 procedunt.
1143 2904 1334 2971 Notandum
1357 2906 1531 2987 praeterea

279 3033 413 3079 omnem
436 3015 547 3078 actum
570 3013 777 3095 imperatum,
802 3010 866 3077 etsi
888 3012 1016 3097 physice
1040 3011 1255 3095 compositum
1271 3030 1314 3075 ex
1329 3008 1449 3093 duplici
1465 3008 1531 3074 ele·

279 3122 405 3194 mento,
430 3140 472 3184 ex
487 3122 564 3184 actu
580 3118 707 3185 scilicet
721 3117 913 3202 principalis
928 3115 1059 3199 agentis
1075 3120 1110 3183 et
1125 3115 1344 3195 instrumenti,
1368 3116 1532 3181 moraliter

278 3228 395 3290 tamen
417 3248 518 3291 onom
542 3245 615 3290 esse
638 3245 677 3289 ac
701 3224 796 3290 dici2.

545 3416 563 3500 ἕ
587 3420 618 3485 3.
665 3416 722 3482 De
744 3416 1033 3483 involuntario
1058 3416 1265 3483 violento.

279 3542 334 3615 96.
425 3542 566 3608 lnfluxui
586 3540 767 3608 voluntatis
782 3540 997 3627 inpotentiae
1013 3540 1073 3607 sibi
1090 3541 1286 3607 naturaliter
1301 3538 1532 3605 subordinatas

278 3648 484 3733 (voluntario
495 3646 670 3732 imperato)
683 3667 722 3713 eo
737 3646 844 3731 magis
860 3647 953 3730 quasi
965 3646 1132 3713 hostiliter
1145 3646 1341 3713 adversatur
1351 3648 1529 3727 violentum,

280 3756 372 3840 quod
395 3756 448 3820 vel
463 3754 527 3839 ipsi
542 3758 724 3838 spontaneo
741 3753 866 3819 directe
882 3752 1067 3837 opponitur.
1100 3752 1297 3819 Violentiam
1314 3753 1384 3837 pati
1400 3752 1532 3835 aliquod

281 3883 388 3945 agens
403 3861 555 3928 naturale
571 3860 755 3943 generatim
772 3859 900 3940 dicitur,
925 3860 954 3925 ei
969 3864 1094 3927 motum
1111 3860 1163 3923 vel
1180 3859 1364 3943 impulsum,
1389 3860 1531 3927 naturali

279 3967 487 4035 inclinationi
502 3966 623 4032 interni
639 3964 789 4051 principii
805 3966 1016 4045 contrarium,
1034 3987 1054 4031 a
1070 3965 1229 4050 principio
1246 3966 1355 4032 activo
1372 3970 1531 4031 extraneo

280 4074 394 4141 subire
417 4074 554 4156 cogitur.
590 4072 698 4149 Quare
720 4076 889 4138 violentam
912 4094 933 4138 a
955 4072 1069 4138 schola
1092 4071 1218 4137 definiri
1241 4072 1342 4139 solet:
1370 4074 1426 4155 „id
1448 4074 1532 4158 quod

279 4182 426 4269 procedit
449 4202 470 4244 o
486 4181 647 4265 principio
664 4182 835 4245 extrinseco
851 4180 1079 4244 contronitmte
1092 4176 1207 4263 poaao“
1219 4180 1241 4245 ³.
1273 4178 1403 4263 Duplici
1418 4182 1529 4243 autem

281 4286 381 4353 modo
404 4305 555 4369 „passum
578 4283 822 4351 contranitens“
850 4304 923 4348 esse
945 4286 1075 4367 potest:
1099 4284 1152 4349 vel
1169 4283 1298 4351 ratione
1312 4283 1532 4350 inclinationis

281 4393 447 4461 natrrralis
470 4389 656 4457 contrariae
678 4390 854 4456 habitualis
876 4392 1008 4456 tantum
1033 4392 1085 4455 vel
1110 4390 1209 4458 etiam
1234 4394 1368 4457 actualis
1392 4412 1450 4455 seu
1474 4388 1532 4454 eli·

280 4501 380 4568 citae.
428 4497 614 4578 Utrumque
643 4496 775 4562 modum
806 4496 951 4562 definitio
982 4496 1118 4563 violenti
1148 4498 1303 4577 admittit,
1336 4518 1532 4581 quemquam

279 4604 444 4673 violentia
474 4604 516 4672 ad
545 4602 796 4686 significandum
826 4602 958 4669 modum
990 4602 1185 4670 renitentiae
1209 4606 1345 4671 actualia
1369 4625 1434 4670 uon
1457 4625 1532 4669 raro

279 4711 429 4798 speciale
452 4713 561 4796 potius
583 4735 702 4780 nomeu
725 4718 895 4781 coactionis
917 4714 1066 4781 sortitur.

378 4922 387 4952 ¹
407 4920 436 4973 S.
458 4920 550 4975 Ttom
570 4921 595 4986 1,
613 4920 638 4987 2,
658 4938 684 4991 q.
705 4922 747 4987 17,
765 4938 790 4976 e.
810 4923 835 4976 7.
943 4922 955 4955 ¹
974 4923 1001 4975 S.
1026 4921 1117 4975 licon.
1137 4920 1154 4973 l.
1175 4938 1198 4975 o.
1218 4936 1241 4973 a.
1262 4920 1287 4973 4.

374 5008 386 5041 ⁸
405 5009 511 5062 Suom
528 5005 557 5061 1..
577 5025 600 5062 o.
620 5008 689 5077 disp.
708 5008 733 5074 2,
751 5012 819 5065 sect.
839 5010 862 5074 1,
881 5027 908 5063 n.
927 5010 952 5063 5.
