<?xml version="1.0" encoding="UTF-8"?>
<!DOCTYPE html PUBLIC "-//W3C//DTD XHTML 1.0 Transitional//EN"
    "http://www.w3.org/TR/xhtml1/DTD/xhtml1-transitional.dtd">
<html xmlns="http://www.w3.org/1999/xhtml" xml:lang="en" lang="en">
 <head>
  <title>
</title>
<meta http-equiv="Content-Type" content="text/html;charset=utf-8" />
  <meta name='ocr-system' content='tesseract 3.04.00' />
  <meta name='ocr-capabilities' content='ocr_page ocr_carea ocr_par ocr_line ocrx_word'/>
</head>
<body>
  <div class='ocr_page' id='page_1' title='image "./institutionesiu00meyegoog_0173.png"; bbox 0 0 3909 5842; ppageno 0'>
   <div class='ocr_carea' id='block_1_1' title="bbox 419 673 1524 745">
    <p class='ocr_par' dir='ltr' id='par_1_1' title="bbox 419 673 1524 745">
     <span class='ocr_line' id='line_1_1' title="bbox 419 673 1524 745; baseline 0.004 -18"><span class='ocrx_word' id='word_1_1' title='bbox 419 673 572 729; x_wconf 82' lang='lat' dir='ltr'>Essentials</span> <span class='ocrx_word' id='word_1_2' title='bbox 590 673 735 729; x_wconf 72' lang='lat' dir='ltr'><strong>discrimen</strong></span> <span class='ocrx_word' id='word_1_3' title='bbox 753 675 825 729; x_wconf 86' lang='lat' dir='ltr'>inter</span> <span class='ocrx_word' id='word_1_4' title='bbox 843 675 943 730; x_wconf 89' lang='lat' dir='ltr'>bonum</span> <span class='ocrx_word' id='word_1_5' title='bbox 963 674 1111 729; x_wconf 83' lang='grc'>1111111111</span> <span class='ocrx_word' id='word_1_6' title='bbox 1130 674 1231 729; x_wconf 88' lang='lat' dir='ltr'>morale</span> <span class='ocrx_word' id='word_1_7' title='bbox 1250 674 1390 729; x_wconf 85' lang='lat' dir='ltr'>asseritur.</span> <span class='ocrx_word' id='word_1_8' title='bbox 1463 679 1524 745; x_wconf 86' lang='lat'>121</span> 
     </span>
    </p>
   </div>
   <div class='ocr_carea' id='block_1_2' title="bbox 261 848 1535 5082">
    <p class='ocr_par' dir='ltr' id='par_1_2' title="bbox 277 848 1526 939">
     <span class='ocr_line' id='line_1_2' title="bbox 277 848 1526 939; baseline -0.002 -19"><span class='ocrx_word' id='word_1_9' title='bbox 277 848 342 920; x_wconf 81' lang='grc'>151.</span> <span class='ocrx_word' id='word_1_10' title='bbox 432 848 591 921; x_wconf 65' lang='lat' dir='ltr'>Probatur</span> <span class='ocrx_word' id='word_1_11' title='bbox 599 848 667 921; x_wconf 83' lang='lat'>111⁰.</span> <span class='ocrx_word' id='word_1_12' title='bbox 684 853 989 919; x_wconf 77' lang='lat' dir='ltr'>Exclusioneomnis</span> <span class='ocrx_word' id='word_1_13' title='bbox 997 855 1188 939; x_wconf 79' lang='lat' dir='ltr'>positivisrni</span> <span class='ocrx_word' id='word_1_14' title='bbox 1197 855 1328 919; x_wconf 80' lang='grc'>11010111</span> <span class='ocrx_word' id='word_1_15' title='bbox 1333 856 1390 935; x_wconf 90' lang='lat' dir='ltr'>;et</span> <span class='ocrx_word' id='word_1_16' title='bbox 1398 854 1526 935; x_wconf 92' lang='lat' dir='ltr'>quidem</span> 
     </span>
    </p>

    <p class='ocr_par' dir='ltr' id='par_1_3' title="bbox 371 959 1234 1044">
     <span class='ocr_line' id='line_1_3' title="bbox 371 959 1234 1044; baseline 0.002 -21"><span class='ocrx_word' id='word_1_17' title='bbox 371 959 598 1023; x_wconf 72' lang='grc'>1111111111</span> <span class='ocrx_word' id='word_1_18' title='bbox 624 960 807 1044; x_wconf 73' lang='lat' dir='ltr'><strong><em>hypothesin</em></strong></span> <span class='ocrx_word' id='word_1_19' title='bbox 833 962 1042 1025; x_wconf 86' lang='lat' dir='ltr'>iustitutionis</span> <span class='ocrx_word' id='word_1_20' title='bbox 1064 961 1234 1025; x_wconf 79' lang='lat' dir='ltr'><strong><em>humanae.</em></strong></span> 
     </span>
    </p>

    <p class='ocr_par' dir='ltr' id='par_1_4' title="bbox 261 1064 1533 2850">
     <span class='ocr_line' id='line_1_4' title="bbox 372 1064 1527 1150; baseline 0.002 -20"><span class='ocrx_word' id='word_1_21' title='bbox 372 1067 406 1145; x_wconf 87' lang='grc'>1)</span> <span class='ocrx_word' id='word_1_22' title='bbox 429 1064 542 1129; x_wconf 89' lang='lat' dir='ltr'>Omnis</span> <span class='ocrx_word' id='word_1_23' title='bbox 565 1066 701 1131; x_wconf 82' lang='lat' dir='ltr'>effectus</span> <span class='ocrx_word' id='word_1_24' title='bbox 716 1066 871 1150; x_wconf 72' lang='lat' dir='ltr'><strong>supponit</strong></span> <span class='ocrx_word' id='word_1_25' title='bbox 887 1086 1019 1132; x_wconf 89' lang='lat' dir='ltr'>causam</span> <span class='ocrx_word' id='word_1_26' title='bbox 1036 1064 1220 1148; x_wconf 91' lang='lat' dir='ltr'>adaequate</span> <span class='ocrx_word' id='word_1_27' title='bbox 1237 1066 1527 1149; x_wconf 75' lang='lat' dir='ltr'>proportionatam.</span> 
     </span>
     <span class='ocr_line' id='line_1_5' title="bbox 277 1170 1529 1257; baseline 0.002 -22"><span class='ocrx_word' id='word_1_28' title='bbox 277 1170 352 1236; x_wconf 88' lang='lat' dir='ltr'>lam</span> <span class='ocrx_word' id='word_1_29' title='bbox 383 1192 474 1249; x_wconf 88' lang='lat' dir='ltr'>vero,</span> <span class='ocrx_word' id='word_1_30' title='bbox 505 1172 547 1236; x_wconf 92' lang='lat' dir='ltr'>ad</span> <span class='ocrx_word' id='word_1_31' title='bbox 578 1192 814 1255; x_wconf 86' lang='lat' dir='ltr'>quemcumque</span> <span class='ocrx_word' id='word_1_32' title='bbox 837 1172 968 1238; x_wconf 89' lang='lat' dir='ltr'>modum</span> <span class='ocrx_word' id='word_1_33' title='bbox 991 1172 1207 1237; x_wconf 88' lang='lat' dir='ltr'>institutionis</span> <span class='ocrx_word' id='word_1_34' title='bbox 1230 1172 1393 1238; x_wconf 80' lang='lat' dir='ltr'>humanae</span> <span class='ocrx_word' id='word_1_35' title='bbox 1415 1173 1529 1257; x_wconf 87' lang='lat' dir='ltr'>positi·</span> 
     </span>
     <span class='ocr_line' id='line_1_6' title="bbox 277 1277 1530 1364; baseline 0.002 -22"><span class='ocrx_word' id='word_1_36' title='bbox 277 1278 391 1343; x_wconf 82' lang='lat' dir='ltr'>vietae</span> <span class='ocrx_word' id='word_1_37' title='bbox 420 1277 623 1361; x_wconf 84' lang='lat' dir='ltr'>confugiunt,</span> <span class='ocrx_word' id='word_1_38' title='bbox 653 1280 736 1344; x_wconf 85' lang='lat' dir='ltr'>uibit</span> <span class='ocrx_word' id='word_1_39' title='bbox 759 1278 879 1362; x_wconf 77' lang='lat' dir='ltr'>afferre</span> <span class='ocrx_word' id='word_1_40' title='bbox 901 1286 1029 1359; x_wconf 88' lang='lat' dir='ltr'>norunt,</span> <span class='ocrx_word' id='word_1_41' title='bbox 1060 1278 1145 1363; x_wconf 80' lang='lat' dir='ltr'>quod</span> <span class='ocrx_word' id='word_1_42' title='bbox 1168 1300 1268 1344; x_wconf 84' lang='lat' dir='ltr'>ceusu</span> <span class='ocrx_word' id='word_1_43' title='bbox 1289 1282 1530 1364; x_wconf 77' lang='lat' dir='ltr'>proportionata</span> 
     </span>
     <span class='ocr_line' id='line_1_7' title="bbox 261 1384 1529 1470; baseline 0.002 -21"><span class='ocrx_word' id='word_1_44' title='bbox 261 1406 348 1449; x_wconf 81' lang='lat' dir='ltr'>esse</span> <span class='ocrx_word' id='word_1_45' title='bbox 369 1386 469 1470; x_wconf 84' lang='lat' dir='ltr'>possit</span> <span class='ocrx_word' id='word_1_46' title='bbox 491 1385 617 1467; x_wconf 75' lang='lat' dir='ltr'>effectus</span> <span class='ocrx_word' id='word_1_47' title='bbox 639 1388 707 1450; x_wconf 87' lang='lat' dir='ltr'>tam</span> <span class='ocrx_word' id='word_1_48' title='bbox 731 1384 928 1451; x_wconf 87' lang='lat' dir='ltr'>universalis</span> <span class='ocrx_word' id='word_1_49' title='bbox 950 1388 986 1451; x_wconf 87' lang='lat' dir='ltr'>et</span> <span class='ocrx_word' id='word_1_50' title='bbox 1009 1385 1041 1449; x_wconf 90' lang='lat' dir='ltr'>in</span> <span class='ocrx_word' id='word_1_51' title='bbox 1065 1384 1153 1450; x_wconf 90' lang='lat' dir='ltr'>omni</span> <span class='ocrx_word' id='word_1_52' title='bbox 1168 1405 1276 1451; x_wconf 89' lang='lat' dir='ltr'>rerum</span> <span class='ocrx_word' id='word_1_53' title='bbox 1292 1406 1331 1450; x_wconf 90' lang='lat' dir='ltr'>ac</span> <span class='ocrx_word' id='word_1_54' title='bbox 1345 1388 1529 1469; x_wconf 86' lang='lat' dir='ltr'>temporum</span> 
     </span>
     <span class='ocr_line' id='line_1_8' title="bbox 277 1490 1529 1574; baseline 0.004 -22"><span class='ocrx_word' id='word_1_55' title='bbox 277 1490 508 1557; x_wconf 85' lang='lat' dir='ltr'>vicissitudine</span> <span class='ocrx_word' id='word_1_56' title='bbox 538 1494 609 1555; x_wconf 89' lang='lat' dir='ltr'>tam</span> <span class='ocrx_word' id='word_1_57' title='bbox 639 1491 831 1569; x_wconf 87' lang='lat' dir='ltr'>constantis,</span> <span class='ocrx_word' id='word_1_58' title='bbox 861 1496 931 1558; x_wconf 89' lang='lat' dir='ltr'>tam</span> <span class='ocrx_word' id='word_1_59' title='bbox 961 1494 1078 1557; x_wconf 88' lang='grc'>0011111</span> <span class='ocrx_word' id='word_1_60' title='bbox 1107 1490 1297 1556; x_wconf 80' lang='lat' dir='ltr'>inferiorum</span> <span class='ocrx_word' id='word_1_61' title='bbox 1325 1492 1529 1574; x_wconf 81' lang='lat' dir='ltr'>appetituum</span> 
     </span>
     <span class='ocr_line' id='line_1_9' title="bbox 278 1597 1531 1681; baseline 0.002 -20"><span class='ocrx_word' id='word_1_62' title='bbox 278 1600 315 1662; x_wconf 92' lang='lat' dir='ltr'>et</span> <span class='ocrx_word' id='word_1_63' title='bbox 345 1597 534 1663; x_wconf 81' lang='lat' dir='ltr'>infrenatae</span> <span class='ocrx_word' id='word_1_64' title='bbox 562 1598 716 1663; x_wconf 82' lang='lat' dir='ltr'>licentiae</span> <span class='ocrx_word' id='word_1_65' title='bbox 747 1598 917 1663; x_wconf 76' lang='lat' dir='ltr'>suasiones</span> <span class='ocrx_word' id='word_1_66' title='bbox 939 1597 1055 1663; x_wconf 90' lang='lat' dir='ltr'>invicti</span> <span class='ocrx_word' id='word_1_67' title='bbox 1080 1601 1178 1680; x_wconf 89' lang='lat' dir='ltr'>atque</span> <span class='ocrx_word' id='word_1_68' title='bbox 1201 1597 1393 1677; x_wconf 89' lang='lat' dir='ltr'>indelebilis,</span> <span class='ocrx_word' id='word_1_69' title='bbox 1425 1598 1531 1681; x_wconf 89' lang='lat' dir='ltr'>qualis</span> 
     </span>
     <span class='ocr_line' id='line_1_10' title="bbox 277 1702 1530 1788; baseline 0.001 -19"><span class='ocrx_word' id='word_1_70' title='bbox 277 1708 333 1769; x_wconf 89' lang='lat' dir='ltr'>est</span> <span class='ocrx_word' id='word_1_71' title='bbox 356 1703 415 1768; x_wconf 91' lang='lat' dir='ltr'>illa</span> <span class='ocrx_word' id='word_1_72' title='bbox 437 1704 510 1787; x_wconf 85' lang='lat' dir='ltr'>ipsa</span> <span class='ocrx_word' id='word_1_73' title='bbox 532 1703 697 1769; x_wconf 91' lang='lat' dir='ltr'>hominum</span> <span class='ocrx_word' id='word_1_74' title='bbox 720 1704 900 1788; x_wconf 81' lang='lat' dir='ltr'>persuasio,</span> <span class='ocrx_word' id='word_1_75' title='bbox 925 1724 1023 1787; x_wconf 91' lang='lat' dir='ltr'>quam</span> <span class='ocrx_word' id='word_1_76' title='bbox 1046 1704 1079 1769; x_wconf 92' lang='lat' dir='ltr'>in</span> <span class='ocrx_word' id='word_1_77' title='bbox 1103 1702 1313 1788; x_wconf 86' lang='lat' dir='ltr'>praecedenti</span> <span class='ocrx_word' id='word_1_78' title='bbox 1336 1708 1530 1787; x_wconf 82' lang='lat' dir='ltr'>argumento</span> 
     </span>
     <span class='ocr_line' id='line_1_11' title="bbox 278 1809 1531 1893; baseline 0.001 -19"><span class='ocrx_word' id='word_1_79' title='bbox 278 1809 572 1876; x_wconf 86' lang='lat' dir='ltr'>consideravimus.</span> <span class='ocrx_word' id='word_1_80' title='bbox 600 1810 692 1875; x_wconf 93' lang='lat' dir='ltr'>Nihil</span> <span class='ocrx_word' id='word_1_81' title='bbox 707 1810 792 1874; x_wconf 91' lang='lat' dir='ltr'>enim</span> <span class='ocrx_word' id='word_1_82' title='bbox 809 1810 843 1875; x_wconf 88' lang='lat' dir='ltr'>in</span> <span class='ocrx_word' id='word_1_83' title='bbox 859 1810 932 1876; x_wconf 88' lang='lat' dir='ltr'>vita</span> <span class='ocrx_word' id='word_1_84' title='bbox 947 1813 1048 1892; x_wconf 90' lang='lat' dir='ltr'>atque</span> <span class='ocrx_word' id='word_1_85' title='bbox 1063 1809 1201 1876; x_wconf 89' lang='lat' dir='ltr'>historia</span> <span class='ocrx_word' id='word_1_86' title='bbox 1216 1810 1408 1893; x_wconf 90' lang='lat' dir='ltr'>populorum</span> <span class='ocrx_word' id='word_1_87' title='bbox 1425 1810 1531 1892; x_wconf 81' lang='lat' dir='ltr'>magis</span> 
     </span>
     <span class='ocr_line' id='line_1_12' title="bbox 279 1916 1532 2002; baseline 0 -21"><span class='ocrx_word' id='word_1_88' title='bbox 279 1917 440 1982; x_wconf 67' lang='grc'>1111011111</span> <span class='ocrx_word' id='word_1_89' title='bbox 471 1926 565 2002; x_wconf 81' lang='lat' dir='ltr'>etque</span> <span class='ocrx_word' id='word_1_90' title='bbox 598 1920 777 1981; x_wconf 78' lang='lat' dir='ltr'>innumeris</span> <span class='ocrx_word' id='word_1_91' title='bbox 810 1916 1062 1983; x_wconf 83' lang='lat' dir='ltr'>occidentalibus</span> <span class='ocrx_word' id='word_1_92' title='bbox 1095 1918 1258 2001; x_wconf 74' lang='lat' dir='ltr'>sepianum</span> <span class='ocrx_word' id='word_1_93' title='bbox 1291 1938 1329 1981; x_wconf 87' lang='lat' dir='ltr'>uc</span> <span class='ocrx_word' id='word_1_94' title='bbox 1358 1925 1532 2001; x_wconf 85' lang='lat' dir='ltr'>temporum</span> 
     </span>
     <span class='ocr_line' id='line_1_13' title="bbox 279 2022 1530 2107; baseline 0 -19"><span class='ocrx_word' id='word_1_95' title='bbox 279 2022 559 2088; x_wconf 77' lang='lat' dir='ltr'>vicissitudinibus</span> <span class='ocrx_word' id='word_1_96' title='bbox 582 2022 762 2107; x_wconf 70' lang='lat' dir='ltr'>obseouium,</span> <span class='ocrx_word' id='word_1_97' title='bbox 787 2044 883 2105; x_wconf 90' lang='lat' dir='ltr'>quam</span> <span class='ocrx_word' id='word_1_98' title='bbox 908 2028 944 2088; x_wconf 90' lang='lat' dir='ltr'>et</span> <span class='ocrx_word' id='word_1_99' title='bbox 966 2022 1194 2107; x_wconf 87' lang='lat' dir='ltr'>imperantium</span> <span class='ocrx_word' id='word_1_100' title='bbox 1220 2022 1311 2104; x_wconf 82' lang='lat' dir='ltr'>leges</span> <span class='ocrx_word' id='word_1_101' title='bbox 1335 2042 1374 2087; x_wconf 90' lang='lat' dir='ltr'>ac</span> <span class='ocrx_word' id='word_1_102' title='bbox 1397 2023 1530 2107; x_wconf 88' lang='lat' dir='ltr'>placita,</span> 
     </span>
     <span class='ocr_line' id='line_1_14' title="bbox 279 2128 1532 2213; baseline 0.002 -20"><span class='ocrx_word' id='word_1_103' title='bbox 279 2132 316 2193; x_wconf 91' lang='lat' dir='ltr'>et</span> <span class='ocrx_word' id='word_1_104' title='bbox 341 2128 508 2193; x_wconf 89' lang='lat' dir='ltr'>hominum</span> <span class='ocrx_word' id='word_1_105' title='bbox 525 2128 565 2193; x_wconf 90' lang='lat' dir='ltr'>de</span> <span class='ocrx_word' id='word_1_106' title='bbox 579 2129 709 2195; x_wconf 88' lang='lat' dir='ltr'>ratione</span> <span class='ocrx_word' id='word_1_107' title='bbox 723 2129 880 2195; x_wconf 87' lang='lat' dir='ltr'>utilitatis</span> <span class='ocrx_word' id='word_1_108' title='bbox 896 2129 1093 2206; x_wconf 85' lang='lat' dir='ltr'>aestimatio,</span> <span class='ocrx_word' id='word_1_109' title='bbox 1119 2130 1153 2193; x_wconf 92' lang='lat' dir='ltr'>et</span> <span class='ocrx_word' id='word_1_110' title='bbox 1168 2128 1361 2211; x_wconf 88' lang='lat' dir='ltr'>populorum</span> <span class='ocrx_word' id='word_1_111' title='bbox 1378 2130 1532 2213; x_wconf 89' lang='lat' dir='ltr'>opinandi</span> 
     </span>
     <span class='ocr_line' id='line_1_15' title="bbox 280 2234 1533 2318; baseline 0.002 -19"><span class='ocrx_word' id='word_1_112' title='bbox 280 2234 487 2300; x_wconf 88' lang='lat' dir='ltr'>consuetudo</span> <span class='ocrx_word' id='word_1_113' title='bbox 517 2255 590 2299; x_wconf 90' lang='lat' dir='ltr'>cum</span> <span class='ocrx_word' id='word_1_114' title='bbox 621 2235 763 2318; x_wconf 84' lang='lat' dir='ltr'>analoga</span> <span class='ocrx_word' id='word_1_115' title='bbox 792 2235 975 2300; x_wconf 85' lang='lat' dir='ltr'>iuventutis</span> <span class='ocrx_word' id='word_1_116' title='bbox 1006 2234 1209 2311; x_wconf 83' lang='lat' dir='ltr'>educatione,</span> <span class='ocrx_word' id='word_1_117' title='bbox 1241 2238 1275 2299; x_wconf 92' lang='lat' dir='ltr'>et</span> <span class='ocrx_word' id='word_1_118' title='bbox 1302 2234 1330 2299; x_wconf 89' lang='lat' dir='ltr'>si</span> <span class='ocrx_word' id='word_1_119' title='bbox 1354 2235 1533 2317; x_wconf 90' lang='lat' dir='ltr'>quisalius</span> 
     </span>
     <span class='ocr_line' id='line_1_16' title="bbox 280 2340 1532 2424; baseline 0.002 -19"><span class='ocrx_word' id='word_1_120' title='bbox 280 2341 428 2405; x_wconf 81' lang='lat' dir='ltr'>influxus</span> <span class='ocrx_word' id='word_1_121' title='bbox 451 2340 582 2407; x_wconf 90' lang='lat' dir='ltr'>socialis</span> <span class='ocrx_word' id='word_1_122' title='bbox 605 2342 799 2424; x_wconf 81' lang='lat' dir='ltr'>contingens</span> <span class='ocrx_word' id='word_1_123' title='bbox 822 2362 880 2407; x_wconf 91' lang='lat' dir='ltr'>seu</span> <span class='ocrx_word' id='word_1_124' title='bbox 905 2342 947 2408; x_wconf 86' lang='lat' dir='ltr'>ab</span> <span class='ocrx_word' id='word_1_125' title='bbox 971 2340 1140 2406; x_wconf 87' lang='lat' dir='ltr'>essentiali</span> <span class='ocrx_word' id='word_1_126' title='bbox 1161 2341 1260 2406; x_wconf 92' lang='lat' dir='ltr'>ductu</span> <span class='ocrx_word' id='word_1_127' title='bbox 1276 2344 1414 2407; x_wconf 86' lang='lat' dir='ltr'>naturae</span> <span class='ocrx_word' id='word_1_128' title='bbox 1430 2342 1532 2407; x_wconf 89' lang='lat' dir='ltr'>ratio·</span> 
     </span>
     <span class='ocr_line' id='line_1_17' title="bbox 280 2446 1533 2531; baseline 0.002 -20"><span class='ocrx_word' id='word_1_129' title='bbox 280 2446 370 2511; x_wconf 89' lang='lat' dir='ltr'>nalis</span> <span class='ocrx_word' id='word_1_130' title='bbox 399 2446 549 2513; x_wconf 86' lang='lat' dir='ltr'>diversus</span> <span class='ocrx_word' id='word_1_131' title='bbox 578 2447 763 2530; x_wconf 82' lang='lat' dir='ltr'>excogitari</span> <span class='ocrx_word' id='word_1_132' title='bbox 791 2448 906 2531; x_wconf 90' lang='lat' dir='ltr'>possit.</span> <span class='ocrx_word' id='word_1_133' title='bbox 953 2446 1074 2524; x_wconf 83' lang='lat' dir='ltr'>Quodsi</span> <span class='ocrx_word' id='word_1_134' title='bbox 1105 2449 1215 2511; x_wconf 90' lang='lat' dir='ltr'>autem</span> <span class='ocrx_word' id='word_1_135' title='bbox 1246 2446 1278 2511; x_wconf 92' lang='lat' dir='ltr'>in</span> <span class='ocrx_word' id='word_1_136' title='bbox 1308 2446 1381 2513; x_wconf 90' lang='lat' dir='ltr'>istis</span> <span class='ocrx_word' id='word_1_137' title='bbox 1405 2468 1533 2531; x_wconf 88' lang='lat' dir='ltr'>quoque</span> 
     </span>
     <span class='ocr_line' id='line_1_18' title="bbox 280 2552 1532 2637; baseline 0.001 -19"><span class='ocrx_word' id='word_1_138' title='bbox 280 2553 417 2635; x_wconf 86' lang='lat' dir='ltr'>aliquod</span> <span class='ocrx_word' id='word_1_139' title='bbox 440 2554 637 2618; x_wconf 88' lang='lat' dir='ltr'>elementum</span> <span class='ocrx_word' id='word_1_140' title='bbox 661 2576 822 2619; x_wconf 69' lang='lat' dir='ltr'>nuncnune</span> <span class='ocrx_word' id='word_1_141' title='bbox 838 2562 866 2619; x_wconf 83' lang='lat' dir='ltr'>et</span> <span class='ocrx_word' id='word_1_142' title='bbox 881 2555 994 2619; x_wconf 80' lang='lat' dir='ltr'>stabile</span> <span class='ocrx_word' id='word_1_143' title='bbox 1011 2553 1235 2631; x_wconf 89' lang='lat' dir='ltr'>observamus,</span> <span class='ocrx_word' id='word_1_144' title='bbox 1258 2552 1291 2617; x_wconf 93' lang='lat' dir='ltr'>id</span> <span class='ocrx_word' id='word_1_145' title='bbox 1306 2552 1412 2637; x_wconf 90' lang='lat' dir='ltr'>ipsum</span> <span class='ocrx_word' id='word_1_146' title='bbox 1429 2555 1532 2621; x_wconf 90' lang='lat' dir='ltr'>mani·</span> 
     </span>
     <span class='ocr_line' id='line_1_19' title="bbox 280 2660 1531 2746; baseline 0.001 -21"><span class='ocrx_word' id='word_1_147' title='bbox 280 2661 370 2725; x_wconf 80' lang='lat' dir='ltr'>feste</span> <span class='ocrx_word' id='word_1_148' title='bbox 393 2681 459 2725; x_wconf 89' lang='lat' dir='ltr'>non</span> <span class='ocrx_word' id='word_1_149' title='bbox 482 2680 590 2739; x_wconf 87' lang='lat' dir='ltr'>causa,</span> <span class='ocrx_word' id='word_1_150' title='bbox 615 2662 673 2725; x_wconf 92' lang='lat' dir='ltr'>sed</span> <span class='ocrx_word' id='word_1_151' title='bbox 697 2660 824 2743; x_wconf 79' lang='lat' dir='ltr'>effectus</span> <span class='ocrx_word' id='word_1_152' title='bbox 846 2668 892 2726; x_wconf 86' lang='lat' dir='ltr'>est</span> <span class='ocrx_word' id='word_1_153' title='bbox 914 2662 1088 2726; x_wconf 76' lang='lat' dir='ltr'>corumunis</span> <span class='ocrx_word' id='word_1_154' title='bbox 1110 2663 1332 2746; x_wconf 82' lang='lat' dir='ltr'>persuasionis</span> <span class='ocrx_word' id='word_1_155' title='bbox 1349 2664 1531 2743; x_wconf 80' lang='lat' dir='ltr'>anterioris,</span> 
     </span>
     <span class='ocr_line' id='line_1_20' title="bbox 281 2766 1070 2850; baseline 0.001 -19"><span class='ocrx_word' id='word_1_156' title='bbox 281 2788 369 2849; x_wconf 87' lang='lat' dir='ltr'>quse</span> <span class='ocrx_word' id='word_1_157' title='bbox 393 2786 414 2831; x_wconf 91' lang='lat' dir='ltr'>a</span> <span class='ocrx_word' id='word_1_158' title='bbox 437 2766 526 2831; x_wconf 91' lang='lat' dir='ltr'>nullo</span> <span class='ocrx_word' id='word_1_159' title='bbox 548 2766 675 2831; x_wconf 82' lang='lat' dir='ltr'>influxu</span> <span class='ocrx_word' id='word_1_160' title='bbox 698 2766 893 2832; x_wconf 89' lang='lat' dir='ltr'>accidentali</span> <span class='ocrx_word' id='word_1_161' title='bbox 917 2766 1070 2850; x_wconf 87' lang='lat' dir='ltr'>pendeat.</span> 
     </span>
    </p>

    <p class='ocr_par' dir='ltr' id='par_1_5' title="bbox 280 2872 1535 4540">
     <span class='ocr_line' id='line_1_21' title="bbox 374 2872 1532 2957; baseline 0 -20"><span class='ocrx_word' id='word_1_162' title='bbox 374 2872 410 2953; x_wconf 92' lang='lat' dir='ltr'>b)</span> <span class='ocrx_word' id='word_1_163' title='bbox 434 2873 542 2939; x_wconf 91' lang='lat' dir='ltr'>Ductu</span> <span class='ocrx_word' id='word_1_164' title='bbox 573 2878 712 2939; x_wconf 88' lang='lat' dir='ltr'>naturae</span> <span class='ocrx_word' id='word_1_165' title='bbox 741 2873 889 2939; x_wconf 91' lang='lat' dir='ltr'>homines</span> <span class='ocrx_word' id='word_1_166' title='bbox 919 2874 1009 2957; x_wconf 90' lang='lat' dir='ltr'>ipsas</span> <span class='ocrx_word' id='word_1_167' title='bbox 1033 2873 1124 2955; x_wconf 86' lang='lat' dir='ltr'>leges</span> <span class='ocrx_word' id='word_1_168' title='bbox 1149 2872 1262 2938; x_wconf 91' lang='lat' dir='ltr'>civiles</span> <span class='ocrx_word' id='word_1_169' title='bbox 1285 2876 1319 2939; x_wconf 91' lang='lat' dir='ltr'>et</span> <span class='ocrx_word' id='word_1_170' title='bbox 1342 2874 1532 2957; x_wconf 90' lang='lat' dir='ltr'>populorum</span> 
     </span>
     <span class='ocr_line' id='line_1_22' title="bbox 281 2978 1534 3064; baseline -0.002 -18"><span class='ocrx_word' id='word_1_171' title='bbox 281 2980 456 3064; x_wconf 88' lang='lat' dir='ltr'>opiniones</span> <span class='ocrx_word' id='word_1_172' title='bbox 485 3000 550 3045; x_wconf 89' lang='lat' dir='ltr'>non</span> <span class='ocrx_word' id='word_1_173' title='bbox 581 3000 676 3046; x_wconf 90' lang='lat' dir='ltr'>secus</span> <span class='ocrx_word' id='word_1_174' title='bbox 706 3000 746 3045; x_wconf 87' lang='lat' dir='ltr'>ac</span> <span class='ocrx_word' id='word_1_175' title='bbox 776 2980 923 3063; x_wconf 80' lang='lat' dir='ltr'>singulas</span> <span class='ocrx_word' id='word_1_176' title='bbox 951 2978 1112 3045; x_wconf 89' lang='lat' dir='ltr'>humanas</span> <span class='ocrx_word' id='word_1_177' title='bbox 1143 2978 1289 3045; x_wconf 87' lang='lat' dir='ltr'>actiones</span> <span class='ocrx_word' id='word_1_178' title='bbox 1319 2979 1379 3043; x_wconf 88' lang='lat' dir='ltr'>sub</span> <span class='ocrx_word' id='word_1_179' title='bbox 1406 2979 1534 3045; x_wconf 91' lang='lat' dir='ltr'>ratione</span> 
     </span>
     <span class='ocr_line' id='line_1_23' title="bbox 281 3084 1535 3169; baseline -0.001 -19"><span class='ocrx_word' id='word_1_180' title='bbox 281 3085 486 3151; x_wconf 86' lang='lat' dir='ltr'>moralitatis</span> <span class='ocrx_word' id='word_1_181' title='bbox 508 3086 688 3152; x_wconf 88' lang='lat' dir='ltr'>diiudicant</span> <span class='ocrx_word' id='word_1_182' title='bbox 710 3107 832 3169; x_wconf 90' lang='lat' dir='ltr'>easque</span> <span class='ocrx_word' id='word_1_183' title='bbox 854 3107 920 3151; x_wconf 92' lang='lat' dir='ltr'>non</span> <span class='ocrx_word' id='word_1_184' title='bbox 942 3106 1019 3151; x_wconf 90' lang='lat' dir='ltr'>raro</span> <span class='ocrx_word' id='word_1_185' title='bbox 1042 3084 1221 3151; x_wconf 88' lang='lat' dir='ltr'>invincibili</span> <span class='ocrx_word' id='word_1_186' title='bbox 1245 3085 1456 3169; x_wconf 88' lang='lat' dir='ltr'>persuasione</span> <span class='ocrx_word' id='word_1_187' title='bbox 1476 3088 1535 3151; x_wconf 90' lang='lat' dir='ltr'>aut</span> 
     </span>
     <span class='ocr_line' id='line_1_24' title="bbox 280 3190 1532 3277; baseline -0.003 -18"><span class='ocrx_word' id='word_1_188' title='bbox 280 3194 389 3259; x_wconf 89' lang='lat' dir='ltr'>bonas</span> <span class='ocrx_word' id='word_1_189' title='bbox 418 3197 454 3259; x_wconf 92' lang='lat' dir='ltr'>et</span> <span class='ocrx_word' id='word_1_190' title='bbox 481 3194 587 3260; x_wconf 89' lang='lat' dir='ltr'>iustas</span> <span class='ocrx_word' id='word_1_191' title='bbox 614 3199 673 3260; x_wconf 91' lang='lat' dir='ltr'>aut</span> <span class='ocrx_word' id='word_1_192' title='bbox 701 3194 909 3273; x_wconf 89' lang='lat' dir='ltr'>inhonestas,</span> <span class='ocrx_word' id='word_1_193' title='bbox 941 3214 1133 3277; x_wconf 88' lang='lat' dir='ltr'>perversas,</span> <span class='ocrx_word' id='word_1_194' title='bbox 1167 3192 1307 3259; x_wconf 87' lang='lat' dir='ltr'>iniustas</span> <span class='ocrx_word' id='word_1_195' title='bbox 1339 3212 1412 3257; x_wconf 92' lang='lat' dir='ltr'>esse</span> <span class='ocrx_word' id='word_1_196' title='bbox 1442 3190 1532 3256; x_wconf 86' lang='lat' dir='ltr'>affir-</span> 
     </span>
     <span class='ocr_line' id='line_1_25' title="bbox 282 3297 1532 3384; baseline -0.002 -19"><span class='ocrx_word' id='word_1_197' title='bbox 282 3304 389 3367; x_wconf 88' lang='lat' dir='ltr'>mant.</span> <span class='ocrx_word' id='word_1_198' title='bbox 436 3300 513 3365; x_wconf 90' lang='lat' dir='ltr'>Ideo</span> <span class='ocrx_word' id='word_1_199' title='bbox 543 3320 604 3365; x_wconf 89' lang='lat' dir='ltr'>nec</span> <span class='ocrx_word' id='word_1_200' title='bbox 634 3298 840 3383; x_wconf 89' lang='lat' dir='ltr'>opinionibus</span> <span class='ocrx_word' id='word_1_201' title='bbox 862 3298 1040 3384; x_wconf 86' lang='lat' dir='ltr'>perversis,</span> <span class='ocrx_word' id='word_1_202' title='bbox 1072 3298 1282 3381; x_wconf 89' lang='lat' dir='ltr'>quantumvis</span> <span class='ocrx_word' id='word_1_203' title='bbox 1305 3298 1374 3364; x_wconf 90' lang='lat' dir='ltr'>late</span> <span class='ocrx_word' id='word_1_204' title='bbox 1397 3297 1532 3374; x_wconf 85' lang='lat' dir='ltr'>diffusis,</span> 
     </span>
     <span class='ocr_line' id='line_1_26' title="bbox 281 3403 1533 3492; baseline -0.004 -19"><span class='ocrx_word' id='word_1_205' title='bbox 281 3428 457 3473; x_wconf 90' lang='lat' dir='ltr'>assensum</span> <span class='ocrx_word' id='word_1_206' title='bbox 479 3406 725 3492; x_wconf 88' lang='lat' dir='ltr'>praestandum,</span> <span class='ocrx_word' id='word_1_207' title='bbox 749 3427 810 3472; x_wconf 92' lang='lat' dir='ltr'>nec</span> <span class='ocrx_word' id='word_1_208' title='bbox 834 3406 961 3490; x_wconf 81' lang='lat' dir='ltr'>iegibus</span> <span class='ocrx_word' id='word_1_209' title='bbox 985 3406 1160 3472; x_wconf 88' lang='lat' dir='ltr'>inhonesta</span> <span class='ocrx_word' id='word_1_210' title='bbox 1182 3404 1457 3490; x_wconf 89' lang='lat' dir='ltr'>praecipientibus</span> <span class='ocrx_word' id='word_1_211' title='bbox 1476 3403 1533 3469; x_wconf 92' lang='lat' dir='ltr'>ob·</span> 
     </span>
     <span class='ocr_line' id='line_1_27' title="bbox 281 3512 1533 3596; baseline -0.003 -17"><span class='ocrx_word' id='word_1_212' title='bbox 281 3512 479 3579; x_wconf 89' lang='lat' dir='ltr'>oediendum</span> <span class='ocrx_word' id='word_1_213' title='bbox 503 3534 575 3579; x_wconf 89' lang='lat' dir='ltr'>esse</span> <span class='ocrx_word' id='word_1_214' title='bbox 599 3517 657 3579; x_wconf 91' lang='lat' dir='ltr'>aut</span> <span class='ocrx_word' id='word_1_215' title='bbox 680 3513 824 3579; x_wconf 90' lang='lat' dir='ltr'>oboediri</span> <span class='ocrx_word' id='word_1_216' title='bbox 848 3513 932 3580; x_wconf 90' lang='lat' dir='ltr'>citra</span> <span class='ocrx_word' id='word_1_217' title='bbox 954 3513 1197 3578; x_wconf 87' lang='lat' dir='ltr'>inhonestatem</span> <span class='ocrx_word' id='word_1_218' title='bbox 1227 3532 1324 3596; x_wconf 89' lang='lat' dir='ltr'>posse</span> <span class='ocrx_word' id='word_1_219' title='bbox 1353 3531 1412 3595; x_wconf 93' lang='lat' dir='ltr'>pro</span> <span class='ocrx_word' id='word_1_220' title='bbox 1443 3515 1533 3576; x_wconf 89' lang='lat' dir='ltr'>certo</span> 
     </span>
     <span class='ocr_line' id='line_1_28' title="bbox 281 3614 1534 3703; baseline -0.004 -18"><span class='ocrx_word' id='word_1_221' title='bbox 281 3620 419 3686; x_wconf 89' lang='lat' dir='ltr'>habent.</span> <span class='ocrx_word' id='word_1_222' title='bbox 465 3619 591 3703; x_wconf 90' lang='lat' dir='ltr'>Nequit</span> <span class='ocrx_word' id='word_1_223' title='bbox 617 3620 719 3702; x_wconf 80' lang='lat' dir='ltr'>igitur</span> <span class='ocrx_word' id='word_1_224' title='bbox 741 3620 910 3686; x_wconf 88' lang='lat' dir='ltr'>criterium</span> <span class='ocrx_word' id='word_1_225' title='bbox 933 3618 1131 3685; x_wconf 89' lang='lat' dir='ltr'>moralitatis</span> <span class='ocrx_word' id='word_1_226' title='bbox 1155 3618 1280 3683; x_wconf 85' lang='lat' dir='ltr'>sivein</span> <span class='ocrx_word' id='word_1_227' title='bbox 1304 3617 1383 3701; x_wconf 89' lang='lat' dir='ltr'>ipsis</span> <span class='ocrx_word' id='word_1_228' title='bbox 1406 3614 1534 3699; x_wconf 84' lang='lat' dir='ltr'>legibus</span> 
     </span>
     <span class='ocr_line' id='line_1_29' title="bbox 283 3723 1533 3811; baseline -0.006 -18"><span class='ocrx_word' id='word_1_229' title='bbox 283 3727 438 3793; x_wconf 88' lang='lat' dir='ltr'>civilibus</span> <span class='ocrx_word' id='word_1_230' title='bbox 460 3727 531 3792; x_wconf 91' lang='lat' dir='ltr'>sive</span> <span class='ocrx_word' id='word_1_231' title='bbox 553 3726 587 3791; x_wconf 93' lang='grc'>111</span> <span class='ocrx_word' id='word_1_232' title='bbox 611 3726 722 3810; x_wconf 88' lang='lat' dir='ltr'>aliqua</span> <span class='ocrx_word' id='word_1_233' title='bbox 744 3726 895 3811; x_wconf 89' lang='lat' dir='ltr'>opinione</span> <span class='ocrx_word' id='word_1_234' title='bbox 918 3726 1084 3791; x_wconf 92' lang='lat' dir='ltr'>hominum</span> <span class='ocrx_word' id='word_1_235' title='bbox 1108 3724 1178 3790; x_wconf 90' lang='grc'>1111</span> <span class='ocrx_word' id='word_1_236' title='bbox 1201 3725 1234 3789; x_wconf 91' lang='lat' dir='ltr'>in</span> <span class='ocrx_word' id='word_1_237' title='bbox 1258 3742 1462 3807; x_wconf 88' lang='lat' dir='ltr'>quacumque</span> <span class='ocrx_word' id='word_1_238' title='bbox 1485 3723 1533 3787; x_wconf 90' lang='lat' dir='ltr'>in-</span> 
     </span>
     <span class='ocr_line' id='line_1_30' title="bbox 283 3829 1533 3916; baseline -0.006 -15"><span class='ocrx_word' id='word_1_239' title='bbox 283 3834 460 3901; x_wconf 89' lang='lat' dir='ltr'>stitutione</span> <span class='ocrx_word' id='word_1_240' title='bbox 481 3834 537 3899; x_wconf 86' lang='grc'>111</span> <span class='ocrx_word' id='word_1_241' title='bbox 557 3834 783 3916; x_wconf 72' lang='lat' dir='ltr'>confingentis</span> <span class='ocrx_word' id='word_1_242' title='bbox 798 3832 942 3898; x_wconf 90' lang='lat' dir='ltr'>humana</span> <span class='ocrx_word' id='word_1_243' title='bbox 957 3832 1056 3899; x_wconf 91' lang='lat' dir='ltr'>situm</span> <span class='ocrx_word' id='word_1_244' title='bbox 1074 3852 1157 3897; x_wconf 90' lang='lat' dir='ltr'>esse.</span> <span class='ocrx_word' id='word_1_245' title='bbox 1188 3831 1234 3896; x_wconf 78' lang='lat' dir='ltr'>ut</span> <span class='ocrx_word' id='word_1_246' title='bbox 1249 3851 1338 3907; x_wconf 88' lang='grc'>1110,</span> <span class='ocrx_word' id='word_1_247' title='bbox 1364 3829 1436 3913; x_wconf 91' lang='lat' dir='ltr'>quis</span> <span class='ocrx_word' id='word_1_248' title='bbox 1451 3830 1533 3895; x_wconf 90' lang='lat' dir='ltr'>adeo</span> 
     </span>
     <span class='ocr_line' id='line_1_31' title="bbox 285 3936 1532 4020; baseline -0.006 -13"><span class='ocrx_word' id='word_1_249' title='bbox 285 3962 306 4007; x_wconf 89' lang='lat' dir='ltr'>a</span> <span class='ocrx_word' id='word_1_250' title='bbox 335 3960 420 4005; x_wconf 89' lang='lat' dir='ltr'>sana</span> <span class='ocrx_word' id='word_1_251' title='bbox 450 3945 562 4005; x_wconf 90' lang='lat' dir='ltr'>mente</span> <span class='ocrx_word' id='word_1_252' title='bbox 584 3940 758 4018; x_wconf 86' lang='lat' dir='ltr'>exciderit,</span> <span class='ocrx_word' id='word_1_253' title='bbox 789 3944 827 4007; x_wconf 92' lang='lat' dir='ltr'>ut</span> <span class='ocrx_word' id='word_1_254' title='bbox 850 3940 939 4006; x_wconf 90' lang='lat' dir='ltr'>dicat</span> <span class='ocrx_word' id='word_1_255' title='bbox 968 3943 1028 4005; x_wconf 88' lang='lat' dir='ltr'>aut</span> <span class='ocrx_word' id='word_1_256' title='bbox 1057 3938 1219 4004; x_wconf 87' lang='lat' dir='ltr'>dicentem</span> <span class='ocrx_word' id='word_1_257' title='bbox 1245 3937 1348 4015; x_wconf 87' lang='grc'>10111,</span> <span class='ocrx_word' id='word_1_258' title='bbox 1381 3936 1532 4020; x_wconf 88' lang='lat' dir='ltr'>periuria,</span> 
     </span>
     <span class='ocr_line' id='line_1_32' title="bbox 283 4042 1532 4133; baseline -0.005 -20"><span class='ocrx_word' id='word_1_259' title='bbox 283 4046 474 4133; x_wconf 86' lang='lat' dir='ltr'>parricidia,</span> <span class='ocrx_word' id='word_1_260' title='bbox 499 4046 631 4112; x_wconf 90' lang='lat' dir='ltr'>caedem</span> <span class='ocrx_word' id='word_1_261' title='bbox 655 4047 886 4124; x_wconf 90' lang='lat' dir='ltr'>innocentium,</span> <span class='ocrx_word' id='word_1_262' title='bbox 910 4045 1094 4122; x_wconf 88' lang='lat' dir='ltr'>latrocinia,</span> <span class='ocrx_word' id='word_1_263' title='bbox 1120 4043 1290 4121; x_wconf 89' lang='lat' dir='ltr'>adulteria,</span> <span class='ocrx_word' id='word_1_264' title='bbox 1316 4042 1532 4127; x_wconf 88' lang='lat' dir='ltr'>proditionem</span> 
     </span>
     <span class='ocr_line' id='line_1_33' title="bbox 283 4148 1533 4238; baseline -0.006 -19"><span class='ocrx_word' id='word_1_265' title='bbox 283 4154 417 4238; x_wconf 83' lang='lat' dir='ltr'>patriae</span> <span class='ocrx_word' id='word_1_266' title='bbox 446 4156 482 4218; x_wconf 91' lang='lat' dir='ltr'>et</span> <span class='ocrx_word' id='word_1_267' title='bbox 509 4152 687 4218; x_wconf 90' lang='lat' dir='ltr'>amicorum</span> <span class='ocrx_word' id='word_1_268' title='bbox 718 4152 865 4219; x_wconf 87' lang='lat' dir='ltr'>actiones</span> <span class='ocrx_word' id='word_1_269' title='bbox 895 4172 967 4217; x_wconf 91' lang='lat' dir='ltr'>esse</span> <span class='ocrx_word' id='word_1_270' title='bbox 998 4172 1056 4235; x_wconf 90' lang='lat' dir='ltr'>per</span> <span class='ocrx_word' id='word_1_271' title='bbox 1079 4170 1115 4216; x_wconf 92' lang='lat' dir='ltr'>ss</span> <span class='ocrx_word' id='word_1_272' title='bbox 1143 4150 1376 4233; x_wconf 83' lang='lat' dir='ltr'>,adiaphoras“</span> <span class='ocrx_word' id='word_1_273' title='bbox 1403 4152 1438 4213; x_wconf 92' lang='lat' dir='ltr'>et</span> <span class='ocrx_word' id='word_1_274' title='bbox 1461 4148 1533 4214; x_wconf 90' lang='lat' dir='ltr'>ideo</span> 
     </span>
     <span class='ocr_line' id='line_1_34' title="bbox 284 4254 1534 4341; baseline -0.006 -15"><span class='ocrx_word' id='word_1_275' title='bbox 284 4264 417 4328; x_wconf 85' lang='lat' dir='ltr'>tantum</span> <span class='ocrx_word' id='word_1_276' title='bbox 441 4257 610 4335; x_wconf 88' lang='lat' dir='ltr'>nefandas,</span> <span class='ocrx_word' id='word_1_277' title='bbox 641 4258 728 4340; x_wconf 91' lang='lat' dir='ltr'>quod</span> <span class='ocrx_word' id='word_1_278' title='bbox 752 4278 809 4323; x_wconf 90' lang='lat' dir='ltr'>eas</span> <span class='ocrx_word' id='word_1_279' title='bbox 833 4258 885 4323; x_wconf 86' lang='lat' dir='ltr'>vel</span> <span class='ocrx_word' id='word_1_280' title='bbox 909 4259 984 4339; x_wconf 86' lang='lat' dir='ltr'>lege</span> <span class='ocrx_word' id='word_1_281' title='bbox 1008 4255 1094 4321; x_wconf 92' lang='lat' dir='ltr'>civili</span> <span class='ocrx_word' id='word_1_282' title='bbox 1118 4256 1283 4341; x_wconf 86' lang='lat' dir='ltr'>prohiberi</span> <span class='ocrx_word' id='word_1_283' title='bbox 1307 4256 1360 4319; x_wconf 93' lang='grc'>101</span> <span class='ocrx_word' id='word_1_284' title='bbox 1381 4254 1534 4338; x_wconf 89' lang='lat' dir='ltr'>opinandi</span> 
     </span>
     <span class='ocr_line' id='line_1_35' title="bbox 285 4361 1533 4447; baseline -0.005 -16"><span class='ocrx_word' id='word_1_285' title='bbox 285 4363 524 4431; x_wconf 90' lang='lat' dir='ltr'>consuetudine</span> <span class='ocrx_word' id='word_1_286' title='bbox 546 4364 716 4447; x_wconf 86' lang='lat' dir='ltr'>reprobari</span> <span class='ocrx_word' id='word_1_287' title='bbox 739 4364 932 4447; x_wconf 84' lang='lat' dir='ltr'>contigerit!</span> <span class='ocrx_word' id='word_1_288' title='bbox 957 4398 1001 4409; x_wconf 91' lang='lat'><em>-</em></span> <span class='ocrx_word' id='word_1_289' title='bbox 1024 4361 1117 4427; x_wconf 86' lang='lat' dir='ltr'>Adeo</span> <span class='ocrx_word' id='word_1_290' title='bbox 1141 4362 1350 4445; x_wconf 85' lang='lat' dir='ltr'>proposuisse</span> <span class='ocrx_word' id='word_1_291' title='bbox 1373 4361 1458 4426; x_wconf 92' lang='lat' dir='ltr'>hunc</span> <span class='ocrx_word' id='word_1_292' title='bbox 1481 4382 1533 4425; x_wconf 89' lang='lat' dir='ltr'>er-</span> 
     </span>
     <span class='ocr_line' id='line_1_36' title="bbox 285 4471 764 4540; baseline -0.01 -2"><span class='ocrx_word' id='word_1_293' title='bbox 285 4493 395 4540; x_wconf 88' lang='lat' dir='ltr'>rorem</span> <span class='ocrx_word' id='word_1_294' title='bbox 420 4492 493 4537; x_wconf 89' lang='lat' dir='ltr'>eum</span> <span class='ocrx_word' id='word_1_295' title='bbox 517 4471 681 4537; x_wconf 85' lang='lat' dir='ltr'>refutasse</span> <span class='ocrx_word' id='word_1_296' title='bbox 704 4476 764 4537; x_wconf 89' lang='lat' dir='ltr'>est.</span> 
     </span>
    </p>

    <p class='ocr_par' dir='ltr' id='par_1_6' title="bbox 285 4574 1533 5082">
     <span class='ocr_line' id='line_1_37' title="bbox 376 4574 1533 4662; baseline -0.004 -18"><span class='ocrx_word' id='word_1_297' title='bbox 376 4578 408 4659; x_wconf 83' lang='lat' dir='ltr'>c)</span> <span class='ocrx_word' id='word_1_298' title='bbox 433 4578 525 4655; x_wconf 87' lang='lat' dir='ltr'>Quod</span> <span class='ocrx_word' id='word_1_299' title='bbox 553 4579 586 4644; x_wconf 92' lang='lat' dir='ltr'>in</span> <span class='ocrx_word' id='word_1_300' title='bbox 616 4578 725 4662; x_wconf 89' lang='lat' dir='ltr'>specie</span> <span class='ocrx_word' id='word_1_301' title='bbox 749 4580 901 4645; x_wconf 85' lang='lat' dir='ltr'>Hobbeeii</span> <span class='ocrx_word' id='word_1_302' title='bbox 930 4578 1113 4644; x_wconf 83' lang='lat' dir='ltr'>doctrinam</span> <span class='ocrx_word' id='word_1_303' title='bbox 1143 4576 1281 4652; x_wconf 88' lang='lat' dir='ltr'>attinet,</span> <span class='ocrx_word' id='word_1_304' title='bbox 1313 4596 1353 4641; x_wconf 89' lang='lat' dir='ltr'>aa</span> <span class='ocrx_word' id='word_1_305' title='bbox 1384 4575 1437 4641; x_wconf 92' lang='lat' dir='ltr'>vel</span> <span class='ocrx_word' id='word_1_306' title='bbox 1460 4574 1533 4639; x_wconf 89' lang='lat' dir='ltr'>ideo</span> 
     </span>
     <span class='ocr_line' id='line_1_38' title="bbox 285 4682 1533 4771; baseline -0.007 -18"><span class='ocrx_word' id='word_1_307' title='bbox 285 4694 405 4771; x_wconf 89' lang='lat' dir='ltr'>sponte</span> <span class='ocrx_word' id='word_1_308' title='bbox 421 4690 555 4753; x_wconf 87' lang='lat' dir='ltr'>corruat</span> <span class='ocrx_word' id='word_1_309' title='bbox 570 4704 705 4751; x_wconf 90' lang='lat' dir='ltr'>necesse</span> <span class='ocrx_word' id='word_1_310' title='bbox 720 4692 781 4763; x_wconf 90' lang='lat' dir='ltr'>est,</span> <span class='ocrx_word' id='word_1_311' title='bbox 806 4686 892 4769; x_wconf 90' lang='lat' dir='ltr'>quod</span> <span class='ocrx_word' id='word_1_312' title='bbox 908 4686 960 4768; x_wconf 90' lang='lat' dir='ltr'>(ut</span> <span class='ocrx_word' id='word_1_313' title='bbox 974 4685 1063 4750; x_wconf 86' lang='grc'>111111</span> <span class='ocrx_word' id='word_1_314' title='bbox 1078 4705 1137 4751; x_wconf 91' lang='lat' dir='ltr'>suo</span> <span class='ocrx_word' id='word_1_315' title='bbox 1153 4684 1226 4750; x_wconf 86' lang='grc'>1010</span> <span class='ocrx_word' id='word_1_316' title='bbox 1243 4682 1533 4761; x_wconf 90' lang='lat' dir='ltr'>demonstrabitur)</span> 
     </span>
     <span class='ocr_line' id='line_1_39' title="bbox 285 4788 1533 4868; baseline -0.006 -9"><span class='ocrx_word' id='word_1_317' title='bbox 285 4792 465 4859; x_wconf 89' lang='lat' dir='ltr'>falsissimo</span> <span class='ocrx_word' id='word_1_318' title='bbox 494 4791 707 4857; x_wconf 90' lang='lat' dir='ltr'>fundamento</span> <span class='ocrx_word' id='word_1_319' title='bbox 736 4791 877 4868; x_wconf 86' lang='lat' dir='ltr'>nitatur,</span> <span class='ocrx_word' id='word_1_320' title='bbox 909 4790 1051 4856; x_wconf 91' lang='lat' dir='ltr'>absurda</span> <span class='ocrx_word' id='word_1_321' title='bbox 1081 4790 1235 4855; x_wconf 90' lang='lat' dir='ltr'>videlicet</span> <span class='ocrx_word' id='word_1_322' title='bbox 1265 4788 1395 4855; x_wconf 91' lang='lat' dir='ltr'>fictione</span> <span class='ocrx_word' id='word_1_323' title='bbox 1425 4792 1533 4853; x_wconf 90' lang='lat' dir='ltr'>status</span> 
     </span>
     <span class='ocr_line' id='line_1_40' title="bbox 285 4895 1531 4981; baseline -0.005 -16"><span class='ocrx_word' id='word_1_324' title='bbox 285 4900 455 4965; x_wconf 91' lang='lat' dir='ltr'>hominum</span> <span class='ocrx_word' id='word_1_325' title='bbox 485 4897 652 4981; x_wconf 84' lang='lat' dir='ltr'>originarii</span> <span class='ocrx_word' id='word_1_326' title='bbox 681 4898 850 4964; x_wconf 86' lang='lat' dir='ltr'>brutorum</span> <span class='ocrx_word' id='word_1_327' title='bbox 881 4897 1006 4975; x_wconf 90' lang='lat' dir='ltr'>similis,</span> <span class='ocrx_word' id='word_1_328' title='bbox 1039 4916 1134 4979; x_wconf 91' lang='lat' dir='ltr'>quem</span> <span class='ocrx_word' id='word_1_329' title='bbox 1170 4895 1388 4973; x_wconf 87' lang='lat' dir='ltr'>,naturalem“</span> <span class='ocrx_word' id='word_1_330' title='bbox 1423 4899 1531 4971; x_wconf 88' lang='lat' dir='ltr'>vocat,</span> 
     </span>
     <span class='ocr_line' id='line_1_41' title="bbox 287 5000 1465 5082; baseline -0.004 -10"><span class='ocrx_word' id='word_1_331' title='bbox 287 5012 320 5072; x_wconf 90' lang='lat' dir='ltr'>et</span> <span class='ocrx_word' id='word_1_332' title='bbox 343 5006 397 5070; x_wconf 92' lang='lat' dir='ltr'>cui</span> <span class='ocrx_word' id='word_1_333' title='bbox 421 5002 588 5070; x_wconf 88' lang='lat' dir='ltr'>mediante</span> <span class='ocrx_word' id='word_1_334' title='bbox 616 5012 795 5082; x_wconf 75' lang='lat' dir='ltr'>,corrlrnctu</span> <span class='ocrx_word' id='word_1_335' title='bbox 819 5002 949 5070; x_wconf 84' lang='lat' dir='ltr'>soc-iuli“</span> <span class='ocrx_word' id='word_1_336' title='bbox 975 5006 1083 5069; x_wconf 85' lang='lat' dir='ltr'>status</span> <span class='ocrx_word' id='word_1_337' title='bbox 1108 5001 1237 5067; x_wconf 91' lang='lat' dir='ltr'>socialis</span> <span class='ocrx_word' id='word_1_338' title='bbox 1261 5000 1465 5067; x_wconf 89' lang='lat' dir='ltr'>successerit.</span> 
     </span>
    </p>
   </div>
   <div class='ocr_carea' id='block_1_3' title="bbox 0 0 1973 5842">
    <p class='ocr_par' dir='ltr' id='par_1_7' title="bbox 0 0 1973 5842">
     <span class='ocr_line' id='line_1_42' title="bbox 0 0 1973 5842; baseline 0 0"><span class='ocrx_word' id='word_1_339' title='bbox 0 0 1973 5842; x_wconf 95' lang='lat' dir='ltr'> </span> 
     </span>
    </p>
   </div>
  </div>
 </body>
</html>
