3909 5842
521 646 555 701 11.
575 646 615 701 De
634 650 695 701 ortu
714 650 742 701 et
760 664 906 717 progressu
924 648 1056 703 scientiae
1075 649 1143 703 iuris
1161 649 1304 704 naturalis.
1445 664 1538 703 xxxix

278 826 425 901 verant,
458 845 536 889 mox
559 824 624 889 illis
649 824 813 889 Wolfiana
836 824 1120 908 philosophemata
1144 825 1318 891 admisceri
1342 832 1537 910 coeperunt;

277 930 426 995 eandem
456 951 572 997 auram
600 931 843 1015 participarunt
872 933 1105 1019 Barlcmaqai,
1138 934 1187 998 De
1210 933 1329 1013 Felice,
1362 933 1452 997 Vicat
1475 936 1537 997 etc.

278 1034 392 1101 Immo
415 1037 538 1120 passim
568 1036 640 1102 fere
663 1038 836 1104 doctorum
858 1038 959 1104 etiam
984 1037 1220 1105 catholicorum
1244 1038 1370 1122 scripta
1393 1038 1538 1105 eiusdem

277 1144 448 1227 temporis
479 1144 599 1209 saltem
629 1143 664 1209 in
696 1143 851 1210 methodo
887 1145 1008 1227 partim
1042 1144 1242 1210 Pufendorfii
1273 1144 1394 1228 partim
1427 1144 1539 1209 Wolfii

278 1248 433 1331 vestigia
455 1250 530 1334 plus
553 1250 705 1316 minusve
727 1270 809 1334 prae
831 1272 868 1316 se
891 1251 1020 1329 ierunt3
1052 1270 1249 1333 quamquam
1273 1249 1404 1315 aliunde
1427 1250 1538 1315 multi·

278 1354 391 1437 plicas
425 1376 539 1421 eorum
573 1377 702 1422 errores
738 1356 830 1439 vigili
864 1357 983 1424 obtutu
1017 1356 1079 1441 ipsi
1115 1377 1256 1439 arguere
1291 1359 1391 1438 atque
1426 1356 1538 1421 solidis

278 1461 391 1526 armis
422 1462 589 1529 debellare
619 1463 707 1528 haud
735 1463 932 1535 omiserunt,
963 1467 1001 1529 ut
1024 1466 1063 1529 A.
1090 1464 1253 1529 Mor-olori
1277 1462 1538 1546 (1672-1750),

278 1565 384 1633 card.
409 1568 525 1633 Gerdil
554 1566 821 1650 (lile—1802),
856 1570 998 1635 Concinc
1023 1568 1060 1635 0.
1086 1569 1161 1647 P.¹,
1193 1570 1351 1652 allecta,
1382 1570 1539 1635 Lasearn

280 1672 471 1756 Guariai³,
503 1674 537 1739 in
571 1674 747 1741 Germania
778 1677 819 1740 A.
852 1676 975 1761 Desine
1005 1674 1044 1741 Ο.
1075 1675 1106 1741 S.
1139 1676 1216 1751 B.⁴,
1250 1676 1321 1761 Ipn.
1355 1676 1537 1759 Schworah

277 1779 366 1843 Jolc.
389 1780 583 1866 Zauiaperss,
607 1780 673 1847 alii.

377 1887 492 1951 Altera
507 1889 639 1953 evolutio
655 1887 886 1971 complectitur
900 1887 1048 1953 scholam
1059 1888 1282 1973 philosophiae
1299 1888 1468 1972 sopiriona
1483 1909 1537 1952 seu

280 1995 528 2059 sensualislicoc
554 1996 618 2059 lule
647 1996 767 2072 dioec,
798 2015 884 2077 quae
912 1995 946 2059 in
968 1993 1093 2077 Anglia
1122 1997 1158 2059 st
1188 1992 1295 2059 Gallia
1325 1993 1366 2058 ab
1397 1996 1539 2059 exeunte

279 2098 421 2163 saeculo
432 2099 527 2164 XVII
538 2100 690 2179 invaluit,
704 2101 838 2183 eiusque
850 2122 976 2165 morum
989 2100 1134 2183 iurisque
1146 2100 1302 2165 theorias.
1327 2099 1433 2165 Huius
1445 2099 1538 2165 scho-

282 2202 341 2267 lae
360 2202 467 2287 prima
486 2205 590 2271 veluti
608 2206 825 2273 fundamenta
843 2206 921 2271 iecit
940 2207 1027 2271 Boeo
1050 2208 1089 2271 de
1108 2207 1256 2271 Voculam
1276 2204 1537 2287 (1561-1626),

282 2330 361 2373 eam
394 2332 475 2376 vero
508 2311 732 2396 philosophice
765 2313 939 2379 constituit
970 2318 1072 2395 atque
1104 2312 1173 2378 late
1205 2312 1403 2396 propagavit
1435 2314 1539 2379 Loclce

282 2416 540 2499 (1632-1704)
564 2440 624 2503 per
653 2420 769 2485 librum
798 2421 926 2503 ,Flssay
954 2418 1153 2501 concerning
1176 2418 1308 2484 Human
1331 2418 1538 2485 Understan-

282 2522 386 2605 ding‘
415 2521 541 2605 (1690).
589 2525 692 2591 Simul
715 2530 827 2593 autem
850 2525 921 2591 eius
943 2524 1150 2609 philosophia
1172 2524 1253 2591 iuris
1276 2525 1374 2590 rebus
1397 2524 1538 2609 politicis

281 2632 458 2715 applicata
474 2631 568 2714 (Two
585 2634 752 2699 Treatises
777 2634 814 2699 of
828 2633 1052 2699 Government
1069 2630 1204 2717 [1690])
1225 2632 1402 2716 praecipua
1426 2632 1538 2697 schola

280 2738 381 2805 facta
411 2744 464 2806 est
492 2741 670 2806 modernae
701 2741 932 2807 democratiae.
983 2739 1035 2805 Ab
1065 2740 1127 2805 hoc
1156 2744 1305 2823 tempore
1336 2741 1538 2824 empirieonaa

280 2865 347 2928 per
371 2845 537 2929 Europam
561 2846 632 2911 fere
655 2846 819 2929 integram
843 2846 876 2912 in
901 2847 971 2913 dies
994 2846 1100 2930 magis
1123 2846 1362 2930 philosophiam
1386 2848 1420 2911 et
1443 2846 1537 2911 theo-

281 2951 425 3016 reticam
449 2955 484 3017 et
501 2952 681 3035 practicam
697 2952 876 3019 informare
892 2954 1011 3038 coepit,
1036 2952 1120 3019 etin
1136 2953 1243 3019 Gallia
1260 2952 1390 3035 quidem
1405 2951 1537 3035 potissi·

282 3077 376 3121 mum
400 3058 482 3123 duce
507 3060 674 3125 Condillac
696 3058 964 3141 (1715-1780),
990 3059 1110 3143 passim
1135 3080 1263 3142 quoque
1288 3058 1537 3125 concomitanti-

281 3163 348 3227 bus
372 3162 456 3229 ideis
477 3164 868 3249 politico-democraticis.

377 3272 506 3357 Duplex
534 3276 647 3338 autem
676 3272 772 3338 huius
801 3272 935 3339 scholae
964 3268 1094 3357 cluiais,
1125 3272 1268 3337 maxime
1298 3270 1536 3357 philosophiam

281 3397 416 3441 morum
433 3378 518 3459 quod
536 3378 666 3456 attinet,
684 3378 816 3444 omnino
833 3378 1065 3461 distinguenda
1081 3383 1143 3456 est,
1160 3379 1268 3444 altera
1283 3379 1535 3461 materialiatica,

281 3483 394 3548 altera
417 3486 675 3568 spiritualialicc.
707 3485 760 3549 Ex
783 3484 841 3550 illa
863 3485 924 3549 sub
946 3484 1119 3568 multiplici
1143 3484 1259 3562 forma,
1284 3484 1479 3568 praesertim
1503 3483 1536 3549 in

282 3592 409 3665 Gellio,
434 3592 535 3655 abaco
550 3590 688 3676 Epicuri
710 3590 909 3657 resuscitata
933 3594 995 3669 est,
1020 3612 1104 3673 quae
1128 3612 1205 3655 mox
1221 3594 1255 3656 et
1271 3589 1424 3674 politicae
1440 3610 1536 3655 revo-

282 3696 414 3773 lutioni,
431 3717 452 3761 a
467 3697 706 3779 Montesquieu,
723 3698 883 3775 Voltaire,
901 3698 1039 3764 Diderot
1055 3700 1090 3763 et
1105 3698 1275 3763 Rousseau
1291 3696 1423 3762 interim
1440 3716 1536 3779 prae-

284 3807 436 3887 paratae,
461 3802 550 3868 viam
573 3804 677 3871 latam
693 3804 839 3889 aperuit3
863 3804 897 3869 in
913 3806 1034 3891 Alrplio
1058 3808 1169 3870 autem
1193 3824 1236 3868 ex
1251 3802 1364 3868 eadem
1382 3808 1462 3869 nata
1486 3806 1536 3868 est

283 3907 417 3975 theoria
428 3912 560 3975 morulis
575 3913 777 3976 alilitorismi
792 3914 863 3975 tam
874 3910 1085 3975 individualis
1098 3930 1195 3992 quam
1211 3907 1343 3974 socialis
1355 3910 1390 3973 et
1405 3908 1535 3992 publici,

284 4017 380 4082 cuius
403 4016 553 4082 ultimam
576 4016 715 4082 formam
732 4016 823 4101 (post
837 4017 1012 4090 Bentham.
1037 4017 1152 4083 Stuart
1168 4015 1238 4080 Mill
1255 4013 1332 4096 etc.)
1356 4014 1452 4080 hodie
1476 4015 1535 4079 sub

283 4124 414 4188 influxu
437 4122 585 4188 moderni
607 4124 804 4206 positivismi
820 4123 929 4189 ethica
945 4126 1098 4209 Spenccri
1114 4125 1149 4188 et
1164 4124 1316 4188 Dcrwini
1332 4120 1474 4187 exhibet.
1492 4156 1535 4165 -

380 4274 389 4305 ¹
408 4272 478 4325 luris
496 4272 630 4325 naturalis
649 4275 677 4324 et
695 4272 818 4338 gentium
837 4270 961 4325 doctrina
979 4270 1169 4341 metaphysica
1188 4274 1295 4340 aperta,
1315 4268 1438 4324 Venetiis
1458 4268 1536 4323 1736.

377 4361 389 4393 ²
407 4360 448 4413 De
466 4360 608 4429 principiis
626 4360 694 4413 iuris
712 4362 769 4413 nat.
789 4363 817 4412 et
835 4360 958 4426 gentium
977 4360 1112 4414 adversus
1130 4358 1306 4423 Hobbcsium,
1326 4357 1535 4418 Pufendorfium,

281 4450 462 4504 Thomasium
481 4453 510 4503 el
528 4449 596 4503 alios
615 4450 677 4503 libri
696 4449 756 4514 XII,
776 4448 872 4502 Venet.
894 4450 972 4502 1777.

377 4538 477 4593 ⁸Iuris
494 4542 551 4593 nat.
571 4540 600 4591 et
624 4539 748 4607 gentium
773 4538 907 4608 principia
932 4540 961 4591 et
985 4537 1076 4591 officia
1094 4538 1129 4591 ad
1155 4537 1320 4592 christianae
1339 4534 1477 4590 doctrinae
1495 4552 1535 4589 re-

282 4628 380 4696 gulam
399 4630 498 4681 exacta
516 4630 545 4682 et
563 4627 708 4697 explicata,
728 4626 830 4679 Romae
851 4626 928 4680 1778.

377 4717 387 4747 ⁴
405 4716 529 4770 Distribe
548 4716 620 4769 circa
639 4715 796 4769 methodum
810 4714 976 4768 Wolfianam
996 4714 1024 4767 in
1042 4713 1214 4784 philosophia
1233 4713 1353 4783 practica
1371 4712 1534 4770 universali:

282 4809 312 4861 in
331 4806 474 4877 principiis
493 4806 543 4860 iur.
562 4809 618 4859 nat.
637 4805 804 4859 Ratisbouae
824 4804 907 4873 (1752
927 4806 955 4857 et
975 4804 1067 4871 1753).

376 4894 527 4949 'Institut
546 4894 615 4949 iuris
634 4894 707 4964 publ.
726 4896 783 4948 nat.
803 4896 831 4946 et
849 4892 981 4961 gentium,
1003 4892 1080 4947 1741.

377 4986 387 5015 ⁶
407 4984 614 5039 institutionum
633 4983 701 5037 iuris
718 4986 775 5037 nat.
795 4987 823 5037 et
842 4981 1022 5036 ecclesiastici
1041 4980 1142 5052 publici
1162 4982 1224 5036 libri
1243 4981 1276 5045 V,
1298 4982 1373 5035 1774.
