3909 5842
638 700 706 755 Esse
726 718 822 755 verum
841 701 884 755 ius
901 704 1017 755 naturae
1036 700 1176 755 asseritur.
1464 706 1530 770 463

281 878 361 944 iuris
391 876 525 962 positivi
555 877 730 959 quidquam
760 877 962 955 detrahatur,
995 864 1067 943 sirm
1092 880 1222 943 constet
1244 882 1428 943 universum
1451 882 1533 945 iuri·

282 988 390 1051 dicum
413 985 566 1068 ordinere,
591 1004 655 1065 quo
678 1004 738 1067 per
753 982 813 1049 Dei
837 984 1078 1067 providentiam
1094 983 1258 1050 hominum
1275 984 1417 1051 societas
1432 984 1466 1051 in
1480 985 1531 1050 his

281 1090 381 1157 terris
405 1090 581 1155 secundum
606 1093 762 1155 externas
785 1090 875 1155 vitae
898 1089 1024 1155 formas
1039 1093 1129 1155 recte
1144 1090 1338 1156 instituatur
1353 1096 1388 1157 et
1403 1111 1532 1157 conser-

282 1201 390 1276 vetur,
420 1200 562 1261 inaximo
586 1199 637 1261 sai
658 1205 752 1279 porte
775 1200 845 1261 iore
868 1198 1000 1282 positivo
1024 1205 1052 1261 et
1076 1200 1169 1261 etiem
1192 1198 1331 1263 bernano
1355 1200 1531 1265 consistere.

282 1304 386 1368 Immo
415 1302 448 1368 id
478 1302 698 1368 necessarium
730 1323 802 1367 esse
833 1305 867 1368 et
896 1306 928 1367 vi
954 1305 1058 1388 ipsius
1079 1305 1165 1368 iuris
1186 1306 1350 1369 naturalis
1373 1303 1534 1387 postulari

283 1411 350 1475 iam
373 1430 473 1492 supra
496 1400 543 1491 (n.¹
568 1407 646 1489 289)
671 1430 691 1474 a
714 1408 808 1473 nobis
832 1409 1005 1492 probatum
1030 1414 1090 1474 est.

284 1550 355 1621 558.
446 1550 562 1633 Itaque
591 1550 653 1615 hoo
684 1571 782 1615 unum
814 1554 930 1616 contra
962 1554 1155 1616 exclusivum
1184 1552 1265 1616 iuris
1292 1550 1533 1635 positivismum

284 1656 406 1723 invicte
423 1656 658 1731 contendimus,
676 1678 769 1721 suum
787 1656 1009 1721 necessarium
1026 1659 1060 1722 et
1075 1656 1317 1722 inalienabilem
1328 1657 1434 1722 locum
1447 1656 1536 1723 intra

285 1762 408 1827 ordinis
438 1762 565 1827 iuridici
595 1762 753 1829 ambitum
783 1760 846 1826 iuri
875 1766 1016 1827 naturae
1046 1784 1183 1845 quoque,
1214 1767 1383 1845 tamquam
1414 1784 1472 1845 per
1498 1782 1535 1827 se

285 1868 395 1933 valido
426 1871 460 1933 et
489 1866 685 1945 inviolabili,
718 1867 966 1949 relinquendum
1000 1888 1083 1934 esse.
1129 1868 1239 1951 Atque
1270 1868 1303 1933 id
1335 1869 1456 1934 nullius
1487 1869 1535 1933 rei

285 1974 391 2057 magis
415 1994 511 2057 quam
535 1972 637 2056 ipsius
660 1974 740 2039 iuris
764 1973 896 2058 positivi
919 1974 1080 2039 interesse
1103 1996 1162 2058 pro
1186 1980 1277 2042 certo
1300 1976 1467 2041 habemus.

366 2111 523 2195 TheSiS
540 2110 741 2195 XLVIII·
778 2138 901 2199 Exstat
914 2138 969 2199 ius
985 2142 1130 2199 naturae
1145 2156 1206 2215 per
1220 2155 1257 2201 se
1269 2138 1537 2215 independenter

286 2250 308 2295 n
329 2249 539 2311 quacumque
559 2232 709 2309 positiva
729 2232 943 2297 ordinatione
965 2234 1035 2299 vim
1055 2252 1136 2299 vere
1156 2233 1336 2296 iuridicam
1350 2234 1495 2295 habens.

376 2350 684 2417 Praenotanda.
723 2352 873 2417 Assertio
897 2351 1152 2418 contradictorie
1175 2353 1352 2435 opponitur
1374 2353 1536 2417 communi

287 2458 550 2524 adversariorum
574 2456 750 2541 principio:
778 2457 932 2536 ,Nullum
956 2478 1029 2523 esse
1051 2459 1103 2524 ius
1126 2457 1188 2523 nisi
1204 2457 1411 2541 positivum.“
1449 2458 1536 2533 Qua·

287 2570 432 2649 propter,
457 2564 577 2629 omissa
598 2562 649 2628 hic
666 2564 857 2645 quaestione
874 2564 913 2629 de
929 2564 1054 2631 maiore
1069 2565 1123 2629 vel
1139 2564 1264 2630 minore
1279 2564 1360 2629 iuris
1375 2562 1537 2629 naturalis

287 2671 490 2749 extensione,
521 2670 592 2734 6616
625 2669 694 2735 eius
724 2672 822 2735 realis
846 2672 1029 2735 exsistentis-
1051 2671 1221 2754 probanda
1244 2669 1431 2754 suscipitur,
1461 2669 1482 2735 i.
1507 2690 1535 2733 e.

288 2797 360 2842 esse
384 2776 470 2843 inter
493 2775 640 2841 homines
665 2776 822 2859 quasdam
846 2776 1000 2843 iuridioas
1024 2776 1203 2843 relationes
1227 2797 1285 2843 seu
1308 2776 1381 2842 iura
1404 2781 1439 2843 et
1457 2774 1537 2840 iuris

288 2882 407 2961 officia,
438 2904 522 2965 quae
552 2903 573 2947 a
601 2883 676 2965 lege
706 2883 849 2949 naturali
879 2883 1067 2949 immediate
1091 2884 1283 2949 deriventur
1305 2886 1340 2949 et
1369 2902 1434 2965 666
1456 2880 1539 2947 talia

287 2988 354 3053 vim
390 2988 471 3054 iuris
505 2989 650 3056 habeant
681 3024 724 3034 —-
759 2990 995 3055 antecedenter
1026 2990 1068 3055 ad
1103 3010 1341 3073 6666666666
1369 2991 1537 3074 positivam

288 3094 528 3160 ordinationem
557 3095 733 3160 humanam
760 3094 831 3159 sive
855 3095 928 3178 lege
951 3096 1023 3161 sive
1045 3096 1203 3161 historica
1226 3095 1460 3161 consuetudine
1482 3096 1539 3158 fir·

288 3206 424 3279 matam,
448 3200 546 3265 immo
563 3205 597 3266 et
613 3200 847 3267 antecedenter
863 3201 906 3266 ad
919 3204 1089 3286 positivam
1105 3202 1346 3284 legislationem
1363 3200 1537 3265 divinam1.

378 3306 516 3373 Praeter
549 3305 783 3386 theoreticam,
819 3328 917 3389 quam
949 3308 1164 3391 suscipimus,
1197 3307 1425 3391 probationem
1456 3306 1539 3371 haec

288 3412 393 3480 thesis
423 3414 691 3497 confirmationem
721 3418 756 3480 et
785 3415 1040 3481 illustrationem
1073 3415 1199 3481 obtinet
1229 3434 1272 3480 ex
1300 3419 1375 3481 tota
1404 3416 1538 3479 historic

288 3524 373 3587 ieris
403 3522 564 3586 naturalis
594 3542 659 3586 non
683 3521 787 3586 solum
810 3521 844 3586 in
868 3522 1073 3589 documentis
1095 3521 1176 3586 iuris
1199 3521 1347 3587 canonici
1371 3520 1539 3586 Ecclesiae

289 3626 482 3703 catholicae,
506 3626 563 3691 sed
588 3626 674 3709 apud
698 3647 811 3692 omnes
835 3630 942 3693 cultas
960 3633 1078 3711 gentes
1094 3648 1197 3710 usque
1213 3628 1354 3693 adhaec
1370 3627 1539 3693 teretem·

289 3754 372 3817 pora
395 3732 541 3817 practice
564 3730 697 3797 admissi
722 3738 756 3799 et
779 3754 851 3797 cum
875 3733 1063 3798 reverentia
1086 3733 1255 3800 nominati.
1289 3734 1327 3798 In
1350 3732 1542 3817 particulari

289 3840 375 3905 hanc
405 3838 576 3904 historiam
606 3838 658 3903 hic
688 3839 840 3922 prosequi
868 3840 954 3924 apud
985 3839 1163 3923 scriptores
1193 3860 1346 3923 graecos,
1377 3860 1542 3919 romanos,

290 3945 378 4029 apud
408 3949 522 4029 patres
549 3944 735 4025 Ecclesiae,
766 3946 937 4029 theologos
970 3967 1010 4011 66
1037 3946 1119 4011 iuris
1149 3947 1300 4011 doctores
1330 3946 1430 4011 medii
1456 3945 1539 4020 aevi,

291 4052 379 4136 apud
409 4072 522 4116 omnes
552 4051 746 4117 celebriores
777 4052 817 4117 de
847 4052 917 4117 iure
945 4052 1123 4136 scriptores
1153 4053 1194 4117 ab
1218 4051 1310 4118 exitu
1333 4051 1430 4117 medii
1455 4052 1539 4129 aevi,

291 4180 353 4224 666
375 4158 518 4223 exclusis
534 4158 795 4242 protestantibus
811 4158 852 4223 de
867 4158 979 4224 schola
997 4158 1112 4237 Grotii,
1129 4158 1285 4223 Leibnizii
1301 4162 1335 4223 et
1350 4157 1462 4224 Wolfii
1478 4161 1540 4222 etc.

291 4305 336 4313 -
356 4290 417 4333 666
439 4266 569 4349 longius
592 4288 613 4331 a
636 4266 691 4332 via
706 4271 820 4331 nostra
836 4266 1030 4345 abduceret;
1054 4271 1231 4351 propterea
1247 4266 1365 4332 dehac
1381 4284 1417 4329 re
1433 4262 1543 4347 potius

292 4376 418 4441 clarum
442 4373 497 4457 qui
519 4374 584 4439 iarn
607 4378 739 4459 praesto
764 4378 817 4439 est
841 4374 966 4440 fontem
991 4375 1187 4440 comendare
1209 4374 1337 4441 iuvat²

387 4587 394 4617 ¹
414 4582 454 4637 Dc
474 4582 617 4637 eademne
636 4582 747 4637 uberius
769 4582 834 4648 ,Dis
848 4581 1020 4637 Grundsttae
1039 4582 1086 4637 der
1100 4582 1270 4637 Sittlichkeit
1288 4581 1343 4635 und
1362 4580 1411 4635 des
1423 4578 1541 4633 Rechts*¹

292 4673 309 4741 θ
330 4672 395 4793 143¹
414 4672 483 4815 illido
502 4762 531 4814 V.
555 4761 683 4813 Cathrein
701 4760 728 4814 S.
749 4760 789 4823 J.,
809 4758 912 4823 Recht,
931 4758 1100 4813 Nstnrrecht
1117 4758 1172 4812 und
1191 4757 1325 4828 positives
1343 4756 1444 4822 Rscht,
1465 4756 1542 4811 1901.

293 4852 354 4904 Art.
374 4837 522 4903 Uberbliok
541 4850 608 4903 uber
627 4848 670 4902 die
690 4847 853 4903 Geschichte
879 4848 928 4902 des
946 4846 1129 4902 Naturrechts
1149 4847 1200 4902 102
1212 4864 1273 4915 sqq.
1299 4876 1334 4885 -
1359 4846 1462 4899 Ibidem
1482 4844 1544 4898 dein

293 4939 447 4993 necessitas
471 4940 631 4992 admittendi
656 4941 713 4991 reri
738 4940 810 4991 beris
836 4939 972 4991 naturalis
991 4956 1045 4991 non
1070 4937 1161 4991 minus
1178 4936 1332 4991 luculenter
1349 4953 1432 5005 quam
1450 4936 1544 4999 solide,

292 5028 423 5082 refutatis
442 5026 523 5081 simul
541 5025 678 5081 modernis
697 5024 905 5089 oblocutoribus,
925 5025 1126 5079 demonstratur
1146 5024 1293 5078 iss-169.
