3909 5842
435 659 500 722 412
705 652 794 707 Sectis
813 652 847 705 ll.
884 652 964 706 Liber
983 652 1016 707 lL
1054 653 1143 723 Caput
1161 652 1196 707 ll.
1232 650 1374 705 Articulus
1394 651 1419 705 1.

436 853 499 915 quo
523 830 652 915 quidem
676 830 727 896 ius
750 852 822 895 aum
844 831 1033 897 moralitate
1048 830 1082 896 in
1098 831 1249 897 absoluta
1265 830 1405 912 quadam
1423 829 1555 896 unitate
1571 829 1694 895 iterum

436 937 653 1020 coniungitur,
682 958 795 1003 verum
820 958 840 1002 a
863 937 937 1019 lege
960 936 1022 1002 Dei
1045 936 1198 1016 viventis,
1223 936 1368 1002 auctoris
1392 956 1431 1001 aa
1454 935 1696 1018 gubernatoris

435 1044 557 1122 mundi,
582 1043 725 1110 solutum
749 1042 809 1108 soli
833 1042 972 1125 denique
996 1046 1096 1108 statui
1109 1044 1234 1129 publico
1249 1048 1419 1124 tamquam
1434 1044 1568 1107 numini
1585 1065 1696 1107 reram

436 1153 654 1217 bamaaaram
678 1172 823 1237 supremo
846 1153 953 1217 totum
976 1150 1184 1233 mancipatur
1207 1149 1248 1215 ab
1272 1170 1376 1231 eoque
1399 1170 1459 1214 eeu
1483 1148 1586 1214 unico
1604 1147 1696 1213 fonte

436 1257 596 1324 hauritur.
643 1256 715 1321 Hoo
743 1256 946 1340 potissimum
976 1255 1135 1340 principio
1158 1256 1317 1322 fundatur
1340 1256 1499 1321 affectata
1525 1255 1697 1336 „moderni

437 1362 558 1429 statas“
588 1366 814 1449 omnipotentia
836 1367 907 1429 tum
931 1362 1175 1429 ecclesiasticae
1197 1366 1269 1428 tum
1291 1362 1444 1445 privatae
1466 1361 1626 1427 libertati
1648 1359 1697 1423 in·

438 1469 535 1547 festa,
567 1490 693 1535 necnon
723 1470 830 1551 logica
860 1467 1057 1535 evolutionis
1086 1470 1161 1551 lege
1190 1468 1234 1535 ad
1262 1468 1395 1552 plenum
1426 1467 1693 1547 ,socialismum

438 1596 658 1641 succrescens.

527 1682 637 1763 Atque
661 1680 701 1746 de
724 1681 786 1747 hac
809 1680 1015 1764 potissimum
1038 1684 1159 1767 triptici
1182 1684 1361 1767 corruptela
1375 1680 1456 1746 iuris
1471 1680 1506 1745 in
1523 1680 1696 1764 praesenti

439 1788 547 1872 capite
571 1788 679 1853 dicere
702 1786 922 1871 proponimus.

528 1894 688 1976 Equidem
703 1897 878 1978 praeterea
895 1893 958 1959 huc
974 1894 1183 1977 aliquatenus
1194 1916 1260 1960 non
1271 1894 1434 1961 immerito
1446 1893 1571 1959 reterri
1583 1898 1695 1977 posset

439 2021 554 2067 recens
587 2021 715 2084 quoque
744 2000 824 2065 iuris
856 2000 986 2067 theoria
1017 2000 1376 2087 „historico-positioa“,
1409 2021 1495 2083 quae
1527 1999 1566 2064 in
1601 2000 1695 2065 iuris·

439 2108 614 2193 prudentia
641 2106 909 2185 „conservativa“
937 2110 1071 2173 nostrae
1094 2107 1216 2174 aetatis
1232 2108 1301 2175 late
1316 2107 1513 2174 dominatur.
1548 2108 1695 2174 Tametsi

439 2216 524 2280 enim
548 2214 687 2281 salutari
710 2214 868 2281 instinctu
890 2213 1164 2281 rationalistioum
1188 2214 1269 2279 iuris
1287 2213 1595 2280 individualismum
1611 2220 1695 2281 tam-

439 2343 537 2404 quam
560 2321 775 2389 revolutionis
798 2319 953 2405 politicae
976 2340 1017 2386 aa
1039 2321 1170 2386 socialis
1188 2320 1370 2387 fomentum
1386 2341 1586 2405 expugnare
1603 2322 1695 2404 eique

439 2450 504 2495 non
527 2431 595 2494 tam
612 2426 876 2512 pantheisticum‚
902 2446 1001 2508 quem
1016 2425 1463 2510 historico-providentialem
1484 2427 1694 2503 „obiectiris-

439 2537 545 2599 mum“
573 2533 773 2599 substituere
796 2538 943 2611 conatur,
968 2533 1041 2598 ideo
1064 2537 1177 2599 tamen
1192 2532 1376 2617 improvida
1391 2532 1500 2616 magis
1515 2554 1624 2615 quarn
1639 2533 1694 2598 ini·

440 2640 525 2705 mica
554 2640 759 2706 mutilatione
782 2640 958 2722 genuinam
981 2639 1062 2705 iuris
1084 2640 1191 2706 ideam
1214 2640 1334 2707 vitiare
1357 2639 1496 2706 dicenda
1519 2648 1587 2717 est,
1612 2640 1693 2721 quod

441 2767 514 2811 eam
544 2746 586 2811 ad
616 2749 716 2812 solam
749 2748 801 2812 iae
827 2749 997 2831 positivam
1027 2750 1185 2812 coarctari
1215 2745 1393 2812 contendit.
1440 2746 1571 2811 Verum
1602 2746 1692 2811 huius

441 2850 602 2935 opinionis
615 2852 848 2936 expendendae
860 2853 1028 2937 proprium
1040 2853 1147 2919 locum
1159 2858 1389 2936 argumentum
1401 2856 1488 2919 tertii
1500 2854 1628 2937 capitis
1639 2874 1692 2918 sua

441 2961 559 3045 sponte
583 2958 852 3027 subministrabit.

920 3072 1162 3140 articulus
1187 3074 1217 3142 1.

781 3200 1031 3264 Matertotistica
1056 3201 1138 3263 iaris
1162 3202 1362 3285 appretiatio.

442 3338 510 3411 515.
601 3336 676 3403 Nou
700 3342 752 3404 est
775 3360 864 3420 sane,
897 3340 982 3423 quod
1005 3339 1058 3404 hic
1081 3340 1114 3404 in
1137 3340 1315 3407 refutanda
1338 3340 1595 3407 materialistica
1617 3342 1690 3406 iuris

444 3444 650 3530 philosophia
680 3443 899 3523 immoremur,
932 3450 1047 3530 utpote
1077 3467 1161 3528 quae
1188 3446 1284 3511 simul
1308 3467 1381 3511 oum
1405 3446 1493 3511 omni
1516 3467 1580 3513 suo
1602 3447 1691 3513 tbeo-

443 3552 545 3618 retica
570 3554 743 3635 apparatu,
769 3550 898 3616 aliunde
921 3552 988 3618 iem
1012 3552 1189 3629 destructo,
1213 3551 1339 3637 pariter
1356 3574 1417 3637 per
1432 3574 1468 3619 se
1484 3559 1624 3620 corruat
1640 3573 1691 3619 ue·

444 3680 536 3724 cesse
553 3662 613 3724 est.
654 3656 833 3723 Praeterea
848 3657 970 3723 homini
986 3680 1066 3725 suae
1082 3658 1253 3725 rationalis
1269 3658 1441 3741 dignitatis
1458 3660 1593 3725 conscio
1609 3661 1691 3725 illius

443 3763 595 3847 pudenda
625 3762 740 3828 deliria
768 3764 822 3829 vel
845 3764 951 3831 obiter
974 3764 1125 3849 signasse
1148 3766 1231 3831 satis
1253 3786 1417 3850 superque
1439 3766 1611 3833 refutasse
1634 3775 1689 3833 est.

441 3871 539 3936 immo
570 3868 612 3935 ad
641 3869 769 3934 oculum
800 3870 1064 3950 demonstrasse,
1100 3872 1187 3939 sieut
1215 3873 1356 3938 hominis
1389 3872 1439 3938 ita
1468 3878 1503 3939 et
1531 3873 1691 3939 humanae

442 3976 611 4043 societatis
640 3976 743 4042 vitam
774 3998 838 4043 non
869 3978 939 4042 solo
969 3978 1136 4044 realistioo
1159 4000 1254 4063 pane,
1286 3979 1344 4043 sed
1367 4000 1512 4063 superna
1534 3980 1691 4066 imprimis

441 4084 584 4151 veritate
608 4086 642 4149 et
665 4082 827 4165 spirituali
851 4084 970 4166 pabulo
995 4083 1151 4150 divinitus
1174 4085 1292 4149 hausto
1316 4085 1507 4151 sustentari.

532 4192 577 4257 Et
608 4210 687 4255 vero
718 4190 972 4256 materialismus
1003 4191 1108 4256 omnis
1140 4190 1206 4274 (oui
1236 4191 1307 4257 fere
1337 4191 1520 4257 atheismus
1547 4214 1615 4258 non
1637 4193 1691 4257 im·

443 4298 559 4363 morito
583 4298 810 4379 aggregatur),
836 4318 1073 4379 quamcumque
1096 4297 1253 4364 scientiae
1276 4298 1417 4364 formam
1436 4302 1496 4365 aut
1511 4298 1621 4364 civilis
1636 4299 1691 4363 hu·

444 4403 614 4470 maritatis
635 4424 674 4469 ac
689 4404 887 4469 moralitatis
903 4404 1091 4488 hypocrisin
1114 4425 1194 4489 prae
1217 4426 1254 4470 se
1276 4405 1373 4483 ferat,
1398 4406 1439 4471 de
1461 4404 1534 4471 iure
1557 4411 1594 4473 ot
1616 4405 1691 4471 iuris

444 4510 644 4592 obligatione
676 4511 917 4594 interrogatus,
948 4512 981 4576 in
1014 4512 1099 4577 hanc
1130 4511 1258 4577 demum
1289 4512 1487 4579 sententiam
1519 4512 1690 4579 convenire

444 4616 550 4699 logice
574 4616 734 4699 adigitur:

577 4723 673 4790 Natta
703 4727 786 4790 reati
814 4726 1000 4791 discrimine
1030 4728 1080 4791 tua
1111 4748 1132 4790 a
1159 4726 1293 4812 physica
1321 4734 1472 4811 potestate
1503 4726 1686 4811 distinguit

537 4900 545 4931 ¹
563 4898 605 4952 Ad
624 4899 737 4953 eandem
756 4902 888 4954 tesseram
908 4916 940 4953 ea
959 4900 1042 4953 etiam
1061 4898 1207 4953 manifeste
1219 4900 1342 4952 revocari
1356 4902 1472 4968 possunt
1485 4898 1686 4953 materialistica

445 4986 478 5041 de
497 4986 554 5041 iure
573 4988 714 5056 dogmata,
741 5004 810 5057 quae
828 5006 877 5058 per
895 4988 973 5042 Pium
993 4987 1039 5041 IX.
1060 4988 1138 5042 Pont.
1157 4987 1185 5041 in
1210 5005 1331 5042 errorum
1354 4986 1497 5058 ,Syllabo⁸
1520 4988 1616 5057 (1864)
1634 5004 1684 5040 me·
