3909 5842
436 642 501 706 406
659 639 748 694 Sectio
767 639 801 695 ΙΙ.
839 639 920 695 Liber
937 639 971 695 11.
1010 640 1099 709 Caput
1116 641 1138 695 1.
1175 640 1316 696 Atticulae
1334 641 1361 694 4.
1397 641 1462 708 §2-

435 838 533 900 quam
561 837 717 900 „regnum
740 822 924 897 externum,
949 819 982 884 in
1006 819 1206 888 auctoritate
1229 826 1263 888 et
1287 819 1502 886 ordinatione
1527 817 1676 901 regiminis
1742 886 1744 899 ζ

434 923 566 1012 humani
598 923 771 991 fundatum
795 962 838 970 -
862 924 1053 992 distinctum
1076 949 1097 993 a
1121 948 1222 1011 regno
1245 927 1301 993 illo
1329 923 1580 1007 (moralitatis),
1608 925 1676 1007 quod
1742 982 1744 985 .

435 1030 468 1095 in
492 1031 553 1096 Dei
583 1030 770 1115 praeceptis
800 1031 998 1100 immediatis
1029 1036 1065 1099 et
1093 1033 1286 1101 immediata
1314 1033 1468 1116 potentia
1501 1032 1597 1096 intra
1617 1051 1678 1095 ron

435 1136 606 1204 scientiam
631 1136 797 1204 fundatur.
830 1139 916 1205 Hinc
939 1139 1099 1223 originem
1122 1138 1223 1206 habet
1245 1141 1425 1206 daalisrnas
1443 1146 1677 1225 praeceptor-aa

435 1247 605 1312 moralium
637 1252 665 1310 et
695 1245 919 1311 iaridicorom.
965 1243 1064 1334 Apud
1087 1245 1192 1310 Deum
1215 1245 1323 1330 ipsum
1346 1244 1482 1327 quidem
1510 1245 1623 1310 nullus
1641 1247 1678 1307 eei

437 1349 626 1416 dualiemue.
653 1403 659 1416 .
687 1403 692 1416 .
720 1403 726 1418 .
773 1349 821 1417 At
849 1373 939 1430 vero,
972 1351 1125 1434 quoniam
1156 1351 1250 1432 (ordo
1280 1351 1392 1417 mundi
1421 1351 1455 1416 in
1484 1371 1615 1434 genera
1634 1349 1680 1412 hu·

436 1476 533 1521 mano
546 1456 742 1540 servandus)
756 1458 855 1524 etiam
870 1458 1012 1524 humano
1028 1459 1178 1542 regimini
1197 1459 1412 1526 demandatus
1427 1461 1497 1536 est,
1513 1462 1552 1524 et
1568 1455 1680 1539 quiden

436 1569 605 1646 tamquam
635 1585 695 1648 per
724 1585 760 1630 se
784 1564 987 1632 subsistens¹
1010 1565 1243 1648 (eelbettindig)
1267 1570 1302 1630 et
1323 1564 1395 1630 ideo
1418 1562 1453 1628 in
1479 1567 1582 1630 statu
1605 1563 1680 1645 lapso

437 1668 537 1735 etiam
568 1674 665 1736 extra
689 1671 804 1750 Deum,
835 1671 911 1737 inde
941 1674 990 1750 fit,
1023 1693 1043 1737 u
1089 1671 1238 1756 (praeter
1267 1670 1420 1755 primum)
1444 1670 1543 1736 alter
1573 1668 1680 1734 oriatur

437 1775 516 1840 ordo
539 1776 682 1856 moralis,
707 1777 832 1844 scilicet
855 1777 1021 1858 iuridicue,
1044 1778 1212 1845 seiunctus
1227 1779 1269 1844 ab
1291 1777 1349 1844 illo
1369 1775 1561 1860 originario
1577 1773 1680 1840 divino.

437 1880 479 1946 ab
503 1901 542 1946 eo
566 1881 742 1962 declinans,
773 1883 872 1950 immo
903 1905 1004 1969 saepe
1031 1885 1079 1950 illi
1103 1885 1288 1951 contrarius
1311 1882 1344 1966 (θ
1369 1884 1402 1966 1)
1427 1937 1434 1949 .
1460 1936 1468 1950 .
1500 1935 1509 1948 .
1538 1887 1577 1948 et
1599 1882 1680 1946 stiam

436 1987 471 2052 in
494 1987 555 2053 hac
578 2009 639 2054 sua
662 1989 823 2072 qualitate
847 1992 916 2056 Deo
940 1991 1082 2058 adversa
1104 1991 1155 2057 iue
1178 2012 1272 2058 euam
1286 1989 1409 2056 retinet
1424 1987 1605 2072 obligandi
1620 2007 1680 2052 auc

437 2092 625 2160 toritatem“
653 2095 738 2180 (cap.
764 2098 794 2176 2,
820 2095 838 2178 5
864 2095 952 2179 12)2.

528 2199 602 2266 Non
633 2203 698 2268 alio
729 2223 827 2268 sensu
858 2203 900 2268 ab
931 2204 1045 2269 eodem
1076 2202 1235 2287 scriptore
1265 2202 1316 2268 ius
1340 2202 1519 2285 definitor:
1548 2199 1623 2278 ,Ius
1641 2208 1678 2261 eo

437 2305 571 2372 vivendi
594 2307 673 2373 ordo
696 2309 808 2393 populi
829 2310 883 2374 vel
900 2308 1143 2376 communitatis
1159 2309 1352 2393 populorum
1367 2307 1410 2373 ad
1425 2304 1679 2372 conservandum

439 2411 584 2478 ordinem
615 2415 726 2480 mundi
758 2415 915 2483 divinitus
944 2415 1118 2483 intentum.
1165 2416 1228 2481 Est
1258 2415 1337 2482 ordo
1366 2415 1548 2493 humanus,
1582 2411 1678 2479 sedin

439 2517 611 2584 servitium
642 2521 764 2586 ordinis
796 2522 897 2588 divini
921 2521 1116 2600 destinatus,
1146 2543 1279 2588 normae
1301 2521 1426 2587 habene
1448 2519 1483 2585 in
1510 2520 1578 2587 Dei
1600 2537 1679 2603 prac-

438 2623 543 2708 ceptie
567 2629 602 2692 et
625 2625 781 2693 fundatus
804 2627 838 2693 in
862 2627 1020 2693 divinitus
1044 2627 1134 2695 facta
1157 2629 1381 2712 potestate.“³

529 2731 638 2813 Atque
661 2731 710 2798 ita
733 2733 862 2816 quidem
886 2738 921 2800 et
943 2734 1023 2800 iuris
1053 2734 1224 2801 sanctitati
1252 2739 1286 2801 et
1308 2733 1511 2799 christianae
1536 2731 1678 2813 iurispnr

441 2834 572 2904 dentiae
601 2837 825 2908 fundamentis
855 2842 937 2908 satie
967 2840 1136 2925 provisum
1166 2861 1239 2906 eeee
1269 2861 1343 2906 cum
1365 2840 1424 2905 illo
1447 2837 1609 2923 permulti
1630 2831 1677 2898 mi

439 2941 526 3008 docti
551 2948 585 3010 et
608 2945 726 3013 sinceri
750 2952 916 3015 amatores
939 2947 1064 3014 ordinis
1086 2947 1208 3032 publici
1231 2947 1474 3013 existimarunt.
1525 2945 1588 3012 Oui
1609 2959 1678 3008 noro

439 3048 552 3128 errori,
578 3070 641 3132 quo
666 3053 772 3118 minue
796 3059 833 3120 ut
856 3055 934 3120 talis
956 3054 1068 3137 palam
1090 3075 1127 3120 eo
1149 3053 1268 3138 prodit,
1293 3073 1333 3119 eo
1356 3053 1464 3136 magis
1479 3052 1677 3135 antiquave-

438 3153 521 3220 ritae
545 3162 730 3240 opponatur
753 3164 900 3246 oportet:

440 3301 508 3372 507.
597 3295 752 3380 Thetis
780 3298 910 3382 XLV.
953 3324 1001 3387 Da
1029 3324 1164 3386 rationo
1191 3323 1277 3385 iuris
1305 3327 1377 3401 oet,
1405 3325 1540 3384 utnon
1561 3323 1676 3383 unm

439 3413 630 3494 originaria
659 3419 803 3496 quadam
830 3427 864 3484 et
884 3421 987 3485 ideali
1015 3421 1238 3502 cognatione,
1266 3420 1327 3483 ead
1352 3419 1533 3482 essentiali
1562 3416 1677 3479 unitate

440 3558 722 3573 ———--—.-..-.-.
729 3568 746 3574 .-

533 3646 541 3677 ¹
560 3645 590 3699 Id
609 3647 698 3716 ipsum
718 3650 878 3720 explicando
896 3650 1004 3705 subdit:
1027 3650 1158 3717 „Gemaee
1177 3651 1225 3705 der
1238 3648 1474 3718 Selbettndigkeit
1491 3649 1551 3703 und
1565 3647 1676 3712 Ureigffl·

440 3728 511 3796 heich
526 3731 569 3786 die
589 3735 673 3790 durch
692 3737 741 3791 dae
759 3754 846 3805 ganas
858 3737 943 3792 Raich
963 3738 1011 3792 der
1029 3738 1217 3808 peretnlichen
1231 3738 1333 3793 Waean
1347 3737 1420 3807 geht,
1440 3737 1492 3792 eoll
1504 3737 1553 3791 die
1572 3731 1675 3790 mansel·

439 3817 511 3874 licha
531 3821 736 3880 Gemsinechaft
754 3827 828 3882 diaes
848 3825 995 3895 Ordnung,
1021 3829 1107 3882 durch
1125 3827 1228 3882 welche
1253 3828 1294 3881 eie
1313 3827 1411 3882 Gottac
1428 3824 1632 3890 Waltordnung
1647 3837 1675 3874 er·

441 3906 508 3974 halt,
526 3913 689 3984 seltetandiq
707 3917 748 3968 als
766 3917 827 3970 ihre
845 3919 933 3985 cipere
952 3915 1085 3984 Ordnung
1103 3916 1282 3971 aufrichtan.‘

531 4001 542 4033 ¹
564 4001 633 4067 „Dar
650 4003 733 4058 letata
753 4004 846 4060 Grund
872 4006 962 4060 seinse
983 4005 1044 4072 (dee
1062 4005 1176 4073 Rechts)
1204 4005 1357 4059 bindendsu
1374 4001 1519 4058 Aneehene
1538 4003 1580 4056 iet
1596 4000 1675 4055 Gutta

442 4084 655 4161 Weltofflnnng,
682 4094 746 4147 aber
771 4093 818 4149 der
844 4094 900 4149 Sita
926 4095 1068 4150 derselhon
1094 4095 1132 4149 ist
1156 4094 1225 4148 doch
1250 4094 1293 4147 die
1318 4091 1486 4146 menechlich
1511 4087 1676 4158 resigmina

442 4175 587 4248 Ordnung,
617 4181 666 4236 dae
694 4182 859 4237 beetehende
885 4183 983 4238 Recht.
1027 4182 1142 4237 Gsmtse
1169 4181 1258 4236 dieser
1282 4177 1518 4247 Selbatandiglreit
1542 4173 1674 4232 kannis

442 4264 530 4320 Recht
548 4270 681 4336 gersdezu
702 4272 729 4324 in
743 4270 919 4325 Wideretreit
936 4273 1026 4324 treton
1045 4287 1132 4339 gagen
1146 4268 1243 4324 Gottse
1255 4267 1465 4334 Weltordnung‚
1484 4266 1534 4320 der
1552 4283 1585 4321 ee
1596 4265 1675 4318 dienen

335 4353 336 4356 ’
441 4355 507 4420 eoll;
534 4357 577 4411 die
595 4358 778 4414 menechliche
798 4359 1018 4423 Gemeinechait,
1043 4358 1171 4422 beroien,
1190 4358 1242 4410 dsn
1261 4356 1411 4411 Godanken
1430 4355 1478 4409 dae
1497 4353 1603 4408 Rechts
1620 4345 1674 4404 nach

441 4443 562 4499 Freihcit
581 4446 623 4500 die
642 4447 797 4501 bestimmte
817 4447 926 4502 Geetalt
944 4465 977 4500 au
997 4446 1092 4514 geben,
1110 4445 1186 4499 kann
1203 4445 1244 4499 eie
1262 4445 1291 4498 in
1309 4445 1353 4498 ihr
1365 4442 1511 4513 Gegentail
1529 4441 1675 4497 varrenas.

442 4531 491 4586 das
510 4533 683 4603 Ungorechte
702 4535 755 4589 und
776 4535 996 4604 Unverntinftigo
1014 4535 1160 4598 anordnen,
1179 4534 1234 4587 und
1253 4532 1323 4587 auch
1342 4534 1370 4586 in
1389 4532 1479 4587 dieser
1497 4529 1673 4600 gottwidra'gen

443 4619 661 4677 Baeohaffanhsit
679 4623 773 4678 behtlt
791 4623 840 4678 das
858 4622 947 4677 Recht
965 4622 1024 4676 sein
1043 4621 1192 4677 hindendee
1210 4621 1365 4675 Aneahan.‘

533 4711 543 4743 ¹
562 4711 618 4766 Das
638 4713 726 4766 Recht
744 4711 782 4766 iet
800 4712 901 4768 eonach
920 4712 964 4766 die
983 4710 1215 4778 Lebeneordnung
1234 4711 1282 4764 dae
1300 4710 1421 4775 Valles,
1439 4709 1495 4764 und
1514 4708 1672 4772 hoziehuussfl·

443 4799 526 4853 walse
552 4801 599 4854 der
618 4801 824 4856 Gemainschaft
849 4803 897 4855 der
915 4799 1019 4854 Villker
1044 4817 1092 4854 rur
1110 4799 1266 4867 Erhaltung
1290 4816 1345 4852 von
1363 4797 1462 4853 Gottee
1480 4796 1671 4858 Waltcrdnarg.

443 4886 480 4940 Ee
499 4888 536 4941 iet
554 4888 614 4943 eine
632 4889 816 4945 menechliche
835 4890 982 4958 ordnung,
1002 4889 1067 4942 aber
1085 4905 1146 4942 zum
1165 4888 1278 4942 Dienete
1297 4887 1345 4941 der
1364 4887 1532 4955 gtttlichan,
1550 4885 1671 4940 hostium

443 4975 528 5032 durch
549 4975 645 5032 Goltee
665 4979 778 5045 Gabota,
797 4979 950 5048 gegrdndet
968 4979 1018 5031 auf
1036 4975 1132 5031 Gottee
1151 4975 1393 5044 Ermtchtigung.‘
1430 4974 1461 5028 L.
1482 4993 1505 5029 c.
1524 4993 1548 5029 c.
1569 4975 1593 5040 1,
1610 4971 1658 5042 51.
