3909 5842
481 613 545 678 322
711 605 800 660 Sectio
819 605 853 660 ll.
891 605 971 660 Liber
989 607 1011 660 Ι.
1049 606 1139 678 Caput
1156 609 1178 664 1.
1215 607 1355 662 Articulus
1373 608 1398 662 2.
1435 607 1499 675 §2-

479 785 617 852 toritate
641 783 821 862 ordinatur,
845 782 960 848 sedin
984 804 1033 862 co,
1058 785 1144 866 quod
1168 805 1281 850 omues
1305 793 1479 871 agnoscant
1496 785 1646 869 officiam
1659 783 1716 849 illuc'

481 889 681 972 exsequendi
705 891 739 955 et
762 889 835 954 ideo
860 889 996 972 exsequi
1018 892 1123 958 velint.

571 975 844 1074 Hinc⁰aestimea
870 995 985 1079 quanti
1008 997 1167 1064 momenti
1188 996 1243 1076 sit,
1274 1000 1312 1062 ut
1333 995 1500 1082 possessio
1528 995 1718 1062 auctoritati·

481 1103 607 1170 nitatur
636 1101 707 1168 iure
736 1123 837 1186 penes
868 1123 981 1168 omnes
1008 1102 1155 1170 subditos
1178 1127 1236 1190 per
1257 1125 1290 1169 se
1313 1105 1399 1168 claro
1423 1112 1451 1168 et
1472 1103 1623 1169 indubio
1644 1109 1674 1168 et
1691 1103 1718 1164 el·

482 1207 630 1273 omnibus
653 1207 776 1290 agnito.
809 1206 945 1272 Nullum
969 1229 1049 1274 sane
1072 1209 1194 1274 malum
1218 1209 1338 1275 sociale
1354 1208 1460 1291 magis
1475 1209 1653 1276 letiferum
1667 1229 1718 1272 &a

482 1317 602 1398 potest,
627 1335 724 1398 quam
748 1315 835 1396 quod
858 1314 964 1398 ipsum
982 1315 1084 1381 vitale
1100 1316 1293 1400 principium
1311 1315 1481 1382 societatis
1498 1321 1541 1383 et
1557 1315 1636 1381 hinc
1651 1315 1719 1379 unic

481 1442 555 1486 uem
585 1420 739 1486 socialem
770 1418 898 1486 divellit
928 1441 1121 1503 omnemque
1151 1425 1358 1487 constantem
1381 1422 1485 1487 totius
1511 1421 1664 1506 corporis
1683 1442 1718 1484 so

482 1527 574 1593 ciclis
598 1526 870 1611 conspirationem
894 1525 1127 1610 impossibilem
1151 1527 1268 1595 reddit.
1314 1526 1352 1592 Id
1382 1531 1493 1593 autem
1521 1527 1662 1594 eveniat
1680 1547 1718 1590 ne

482 1635 573 1700 cesse
597 1638 658 1712 est,
690 1631 957 1715 quotiescumque
981 1633 1035 1697 vel
1058 1633 1131 1716 ipsa
1153 1631 1346 1715 legitimitas
1369 1632 1591 1699 auctoritatis
1614 1633 1664 1698 vel
1683 1653 1717 1694 su

482 1739 574 1805 ciclis
604 1737 821 1821 legislationis
854 1737 1075 1821 competentia
1106 1739 1192 1822 apud
1222 1738 1370 1804 subditos
1399 1739 1523 1804 merito
1549 1738 1715 1804 indubius

482 1844 595 1911 vocari
618 1847 676 1910 aut
699 1843 797 1908 etiam
814 1843 884 1908 iure
900 1842 1015 1925 negari
1030 1845 1151 1928 potest.
1183 1844 1211 1908 Ε
1228 1845 1403 1923 contrario,
1428 1845 1595 1927 quamdiu
1611 1845 1716 1925 integre

482 1955 516 2016 et
528 1953 721 2017 inconcussa
738 1949 870 2016 steterit
882 1949 994 2014 vitulis
1011 1950 1085 2014 unio
1098 1949 1186 2014 inter
1201 1949 1393 2034 principium
1411 1951 1560 2034 primum
1578 1956 1615 2016 et
1626 1971 1713 2016 secur

482 2057 608 2123 darium
629 2054 812 2123 activitatis
830 2055 970 2132 socialia,
993 2056 1080 2122 inter
1098 2055 1339 2136 auctoritatem,
1362 2057 1506 2139 inquam,
1530 2057 1714 2124 atsubditus

482 2163 630 2246 graviter
644 2161 773 2245 quidem
795 2161 899 2245 affligi
916 2165 1016 2244 atque
1031 2161 1216 2227 extrinsece
1230 2161 1317 2227 laedi
1337 2161 1489 2240 societas,
1515 2162 1627 2228 occidi
1638 2181 1712 2244 gene

481 2270 579 2335 ratim
604 2290 668 2334 non
692 2268 792 2346 valet,
817 2271 958 2349 suntque
974 2268 1111 2333 vulnera
1133 2267 1337 2335 extrinsecus
1359 2268 1494 2346 inflicta,
1522 2265 1713 2350 quantumn's

481 2397 540 2459 per
556 2397 592 2440 ee
607 2375 733 2458 gravia,
758 2377 916 2456 reageute
932 2374 1060 2439 interno
1077 2373 1223 2458 corporis
1239 2374 1361 2457 vigore,
1386 2378 1541 2459 tempore
1565 2373 1705 2440 sanabilis

482 2514 550 2586 370.
642 2515 683 2582 ΙΙ.
708 2517 880 2601 imputatio
903 2517 1035 2580 moralis
1058 2517 1191 2580 actuum
1214 2515 1383 2581 socialium
1402 2515 1634 2599 principaliter
1647 2511 1708 2578 cedi

482 2621 515 2686 in
540 2622 610 2687 eius
633 2621 826 2706 principium
851 2621 990 2704 primum
1014 2641 1073 2686 seu
1095 2625 1301 2706 superiacta,
1331 2621 1402 2705 ipse
1431 2622 1524 2687 solus
1549 2621 1637 2687 enim
1657 2639 1709 2702 pru

483 2729 553 2812 pris
576 2728 744 2794 socialiter
767 2726 800 2808 (i.
826 2747 854 2794 e.
878 2749 937 2810 pro
961 2727 1135 2808 societate)
1159 2728 1329 2810 cognoscit
1344 2731 1379 2794 ct
1395 2729 1474 2794 vult.
1507 2729 1640 2797 scodra
1652 2743 1706 2788 reu

483 2835 620 2900 eandem
642 2837 841 2922 participant
860 2856 921 2920 pro
945 2841 1020 2899 rata
1042 2835 1093 2899 sui
1115 2833 1209 2899 liberi
1231 2835 1375 2900 influxus
1396 2835 1552 2912 morafie,
1582 2830 1706 2916 quemn

484 2941 614 3008 eosdem
638 2945 732 3007 actus
756 2946 923 3006 exercent.

572 3049 698 3132 Singuli
729 3048 858 3132 quippe,
890 3048 1041 3130 quamvis
1070 3047 1131 3112 sub
1160 3047 1286 3112 influxu
1313 3047 1430 3113 morali
1452 3047 1634 3132 superioris
1653 3061 1724 3119 cor¹

484 3156 603 3234 st'tuti‚
635 3159 739 3238 agunt
769 3159 880 3220 tamen
911 3157 948 3218 ut
968 3175 1125 3238 personae
1147 3155 1290 3221 libertate
1310 3157 1487 3239 praeditae,
1514 3173 1639 3220 necnon
1657 3146 1703 3212 sui·

483 3261 611 3328 actibus
634 3260 811 3326 moralibus
836 3259 877 3324 ad
902 3261 1012 3324 actum
1035 3259 1189 3324 socialem
1205 3261 1369 3325 moraliter
1384 3264 1595 3338 concurrunt,
1618 3273 1702 3338 quen·

483 3368 656 3434 admodum
688 3366 722 3432 in
754 3365 921 3431 individuo
952 3364 1083 3429 homine
1113 3365 1319 3448 organismus
1348 3366 1390 3432 ad
1419 3372 1532 3432 actum
1556 3367 1700 3431 humanuu

480 3477 610 3560 physice
633 3471 807 3548 concurrit,
832 3470 1017 3555 praebendo
1036 3471 1208 3536 materiam
1225 3475 1260 3537 et
1275 3471 1372 3536 vires.
1404 3471 1500 3537 Unde
1517 3475 1618 3557 patet,
1639 3469 1698 3531 hunc
1718 3542 1719 3547 .

483 3580 641 3643 influxum
665 3577 802 3660 singulis
819 3577 918 3642 etiarn
934 3597 994 3660 pro
1011 3585 1085 3641 rata
1105 3579 1300 3663 cognitionis,
1325 3580 1509 3643 intentionis
1526 3587 1556 3645 ct
1571 3574 1698 3660 efficacit
1717 3632 1718 3635 η

484 3704 556 3749 csse
579 3684 802 3766 imputabilem
827 3682 883 3763 (cf.
908 3705 939 3748 n.
967 3685 1030 3748 195
1047 3681 1131 3767 sqq).
1716 3682 1717 3717 r

484 3823 546 3894 371.
637 3823 693 3890 III.
719 3823 756 3888 ln
779 3824 939 3890 societate
966 3823 1144 3910 ,aequali“,
1169 3825 1201 3888 in
1226 3845 1291 3908 qua
1314 3825 1494 3890 auctoritas
1518 3847 1541 3891 a
1562 3827 1628 3890 toto
1646 3834 1715 3880 cort

483 3953 562 4016 pore
585 3929 802 4014 collegialiter
825 3934 1008 4008 exercetur,
1032 3930 1270 4014 imputabilitas
1293 3935 1388 3998 actus
1411 3931 1544 3998 socialis
1559 3930 1662 3998 duecte
1673 3919 1693 3982 ir
1713 3902 1714 3961 l

483 4059 595 4105 omnes
626 4037 731 4103 socios
762 4036 961 4114 diffunditur,
995 4035 1050 4119 qui
1073 4058 1131 4102 suo
1155 4037 1313 4119 suffragio
1337 4037 1366 4103 ei
1390 4039 1605 4114 consentiunt,
1630 3978 1714 4123 pul(

483 4145 620 4229 cipalius
643 4146 754 4209 tamen
778 4143 810 4206 in
835 4143 1025 4226 primarium
1050 4143 1176 4207 consilii
1199 4149 1365 4209 auctorem
1388 4147 1422 4208 et
1437 4147 1651 4228 promotorem.
1664 4166 1687 4178 ν
1710 4130 1711 4205 l

483 4251 639 4317 Similiter
663 4269 726 4332 quo
751 4247 858 4331 magis
881 4248 913 4312 in
938 4248 1050 4329 aliqua
1072 4249 1242 4328 societate,
1273 4271 1315 4315 ex
1338 4249 1446 4316 forma
1468 4249 1541 4316 eius
1568 4241 1687 4314 consttr

482 4359 564 4436 tiva,
595 4357 658 4442 ipsi
688 4355 809 4421 subditi
836 4355 869 4418 in
893 4358 1022 4438 partem
1046 4355 1188 4438 aliquam
1213 4355 1343 4422 socialis
1365 4357 1535 4439 regiminis
1557 4352 1686 4420 vocantur.

483 4465 552 4532 sive
583 4463 742 4529 electione
771 4461 1026 4543 magistratuum
1051 4461 1121 4526 sive
1145 4463 1374 4546 cooperatione
1397 4463 1431 4528 in
1455 4455 1648 4530 deliberandis
1663 4460 1683 4510 a

483 4571 626 4638 ferendis
649 4569 775 4652 legibus
800 4573 873 4647 etc,
898 4589 936 4634 eo
960 4569 1065 4634 maior
1086 4589 1165 4652 pars
1187 4569 1318 4634 socialis
1340 4569 1600 4653 imputabilitatis
1615 4573 1683 4644 gear

483 4677 580 4742 ratim
604 4677 765 4757 loquendo
788 4675 903 4740 iisdem
927 4675 1095 4740 incumbit.

483 4817 550 4888 372.
641 4818 698 4884 IV.
723 4817 824 4883 Nulla
848 4821 958 4883 autem
982 4818 1146 4882 hominum
1171 4817 1313 4883 societas
1341 4838 1413 4883 esse
1443 4823 1564 4903 potest
1588 4793 1677 4878 tamesi

483 4924 685 4990 autocratico
717 4927 774 4989 aut
803 4923 938 4990 militari
965 4923 1124 5006 regimine
1147 4925 1307 5008 praedita,
1338 4924 1371 4990 in
1401 4946 1467 5008 qua
1496 4930 1568 4994 tote
1591 4903 1674 4984 acida
