3909 5842
554 675 594 729 De
613 674 783 730 naturalibus
801 675 892 732 meriti
910 679 938 730 et
956 675 1081 733 demeriti
1100 677 1312 734 condicionibus.
1496 682 1559 746 183

312 852 475 919 libertatis
506 874 567 920 usu
598 857 795 938 acceperunt
825 853 945 920 bonum
975 857 1034 920 sut
1064 855 1196 921 malum.
1243 854 1304 932 Qui
1327 856 1413 920 enim
1436 856 1560 938 aliquid

312 959 495 1024 omnimode
525 980 567 1024 ex
596 960 723 1026 iustitia
755 960 899 1026 debitum
932 965 1099 1044 praestat,
1132 961 1256 1026 nullam
1288 961 1558 1044 inaequalitatem

312 1073 371 1134 aut
393 1068 686 1153 disproportionem
710 1068 844 1147 inducit,
869 1068 927 1133 sed
950 1069 982 1134 id
1006 1069 1113 1152 ipsum
1137 1068 1289 1154 complet,
1314 1068 1400 1152 quod
1416 1069 1559 1135 adhunc

312 1173 542 1257 perficiendam
566 1178 665 1240 antee
689 1174 803 1241 deerat
827 1178 861 1241 et
884 1175 1125 1258 requirebatur.

263 1378 266 1383 .
314 1295 383 1368 206.
471 1293 655 1368 Corollaria.
686 1297 711 1366 Ι.
736 1297 834 1364 Actio
857 1297 955 1364 alteri
978 1297 1068 1364 utilis
1092 1318 1157 1364 non
1180 1301 1289 1364 comat
1312 1318 1384 1365 esse
1406 1303 1560 1383 respectu

312 1403 408 1468 huius
435 1402 614 1482 mem'toria,
646 1404 776 1472 etiamsi
799 1404 977 1470 utilitatem
1001 1408 1175 1488 praestans
1199 1405 1329 1471 aliunde
1353 1405 1438 1471 forte
1462 1425 1560 1486 quam

312 1531 355 1576 ex
378 1509 524 1576 institiae
548 1510 667 1590 debito,
692 1533 724 1578 v.
741 1532 772 1594 g.
794 1511 868 1594 lege
891 1510 1073 1589 charitatis
1098 1510 1140 1577 ad
1164 1530 1236 1576 eam
1261 1511 1426 1594 obligatus
1449 1510 1559 1578 fuerit.

313 1615 365 1682 Sic
389 1615 557 1682 mendicus
580 1636 600 1681 a
619 1616 721 1683 divite
738 1617 978 1700 eleemosynam
1003 1617 1167 1702 accipiens
1187 1638 1252 1684 non
1267 1618 1340 1684 ideo
1356 1617 1445 1700 grati
1460 1617 1562 1684 animi

313 1723 420 1788 officio
444 1743 524 1808 erga
547 1722 637 1788 illum
662 1723 903 1790 rationabiliter
926 1724 1090 1797 eximitur,
1115 1725 1201 1808 qnod
1220 1724 1313 1791 dives
1329 1729 1482 1792 censetur
1495 1745 1562 1790 non

314 1830 387 1914 plns
416 1829 545 1906 fecisse,
577 1849 673 1912 quem
706 1830 792 1912 quod
823 1853 860 1896 en
890 1831 1046 1897 claritate
1076 1830 1226 1910 debebat,
1257 1832 1347 1898 nullo
1371 1831 1562 1914 ceteroquin

313 1937 384 2002 iure
408 1935 595 2002 obstrictus.

403 2041 444 2109 11.
468 2042 570 2108 Immo
595 2042 682 2108 actio
706 2042 805 2110 etiam
829 2044 927 2111 titulo
950 2043 1098 2112 iustitias
1121 2050 1156 2111 ct
1178 2049 1277 2128 pacta
1300 2044 1451 2110 mercede
1466 2043 1563 2111 alteri

314 2147 426 2216 debita
448 2151 560 2234 potest
582 2147 790 2214 nihilominus
814 2170 887 2215 esse
910 2150 1081 2217 meritoria
1100 2154 1248 2228 eatenus,
1272 2155 1436 2233 quatenus
1449 2152 1563 2216 modus

313 2276 387 2323 eam
410 2255 599 2339 praestandi
616 2255 813 2339 peculiarem
830 2256 1013 2323 voluntatis
1030 2277 1111 2340 erga
1125 2257 1218 2322 illum
1234 2256 1441 2324 devotionem
1457 2255 1562 2322 mani-

314 2359 427 2427 festat.
475 2359 537 2426 Hic
571 2359 655 2426 enim
689 2362 802 2427 modus
836 2361 979 2428 debitum
1013 2362 1206 2445 praestandi
1236 2383 1296 2446 per
1327 2384 1363 2428 se
1393 2363 1563 2446 rigorosas

315 2466 462 2532 institiae
485 2487 671 2532 mensuram
697 2468 835 2534 excedit.
874 2468 911 2533 In
934 2468 1082 2552 generali
1097 2469 1365 2554 praesumptione
1379 2469 1563 2534 huiusmodi

315 2572 423 2640 meriti
447 2572 606 2639 fundatur
629 2575 777 2658 vulgaris
793 2596 872 2640 usus
889 2575 1124 2658 operariorum,
1148 2574 1270 2658 aliquid
1286 2574 1564 2660 supererogatorii

316 2700 416 2764 supra
438 2679 622 2746 mercedem
645 2686 776 2766 pactam
801 2681 999 2767 postulandi.

404 2785 462 2854 III.
488 2788 590 2854 Actus
615 2786 757 2854 directus
780 2787 813 2853 in
837 2789 957 2854 bonnm
980 2790 1159 2876 einqsrlcm's
1177 2811 1335 2874 personae
1349 2789 1449 2854 habet
1464 2786 1563 2853 meri-

316 2893 386 2956 tum
408 2895 566 2978 primario
590 2895 677 2979 apud
700 2915 773 2960 eam
796 2915 982 2978 personam,
1006 2896 1198 2961 secundario
1221 2895 1308 2980 apud
1330 2898 1438 2962 totam
1460 2894 1563 2960 socie-

315 3001 431 3075 tatem,
462 2999 503 3064 ad
535 3021 632 3082 quam
655 3000 713 3066 illa
736 3001 896 3084 pertinet;
927 3000 1079 3068 similiter
1102 3005 1197 3068 actus
1220 3001 1364 3068 directus
1386 3000 1420 3065 in
1442 3001 1563 3066 bonum

318 3105 455 3170 alicuius
484 3109 640 3172 constatis
670 3106 769 3174 habet
800 3107 953 3174 meritum
981 3109 1141 3192 primario
1172 3107 1259 3191 apud
1282 3107 1486 3186 societatem,
1517 3130 1563 3173 se·

316 3211 475 3276 candorio
505 3212 591 3295 apud
622 3211 752 3296 singula
782 3213 851 3279 eius
882 3213 1038 3279 membra.
1086 3213 1184 3282 Ratio
1215 3213 1382 3296 colligitur
1411 3214 1564 3279 exthasi

316 3315 389 3398 ipsa
412 3321 447 3382 et
470 3337 512 3382 ex
536 3339 585 3395 ee,
610 3318 696 3401 quod
720 3319 839 3384 bonum
863 3318 1065 3400 singulorum
1089 3319 1252 3386 redundat
1275 3319 1309 3384 in
1324 3320 1444 3386 bonum
1459 3319 1563 3384 socie·

315 3423 407 3500 tetis,
439 3427 473 3490 et
496 3426 615 3490 bonum
638 3427 807 3493 societatis
830 3425 864 3491 in
888 3426 1006 3491 bonum
1030 3426 1243 3509 singulorum,
1273 3424 1308 3490 vi
1330 3425 1468 3504 unionis,
1499 3445 1564 3508 qua

315 3528 458 3596 societas
481 3554 547 3596 cna
569 3555 707 3617 perenna
732 3535 863 3599 rnornlis
886 3532 1058 3598 efficitur1.

408 3689 416 3720 ¹
435 3689 478 3741 lta
490 3691 518 3742 S.
537 3650 637 3758 licoat,
657 3688 684 3742 S.
697 3688 780 3743 theol.
802 3690 825 3753 l,
845 3689 869 3752 2,
888 3707 915 3757 q.
934 3689 977 3751 21,
997 3705 1021 3742 a.
1041 3688 1072 3742 3:
1094 3688 1304 3757 ,Unusquisque
1322 3688 1350 3741 iu
1368 3688 1462 3758 aliqua
1479 3688 1564 3742 socie·

317 3779 373 3830 tate
393 3776 490 3830 vivens
516 3781 558 3831 est
583 3777 674 3847 aliquo
699 3779 777 3832 modo
803 3795 866 3848 pars
892 3781 920 3831 et
937 3777 1088 3830 membrum
1107 3777 1192 3831 totius
1210 3777 1358 3831 societatis.
1396 3774 1565 3845 Quicumque

316 3881 381 3930 ergo
407 3864 466 3931 agit
490 3864 592 3933 aliquid
618 3867 647 3919 in
672 3865 771 3920 bonum
790 3866 834 3920 vel
861 3865 964 3920 malum
983 3865 1098 3919 alicmns
1116 3867 1144 3919 in
1162 3865 1294 3920 societate
1313 3864 1487 3930 exsistentia,
1512 3864 1565 3919 hoc

316 3951 494 4006 redundatis
513 3955 599 4006 totum
618 3953 790 4016 societatem
817 3953 889 4009 sicut
907 3954 954 4023 qui
973 3952 1059 4007 laedit
1076 3971 1202 4018 manum,
1227 3971 1276 4023 por
1294 3969 1463 4022 consequens
1481 3951 1566 4007 laedit

316 4039 460 4094 huminem.
493 4039 560 4096 Cum
580 4059 644 4110 ergo
663 4041 762 4110 aliquis
781 4043 840 4110 agit
858 4041 885 4094 in
904 4041 1004 4096 bonnm
1023 4041 1068 4094 rel
1086 4041 1188 4096 malum
1208 4041 1322 4096 alterius
1339 4041 1487 4110 singularis
1506 4058 1564 4111 per-

316 4146 408 4194 sonae,
428 4129 501 4183 cadit
518 4129 554 4184 ibi
575 4130 718 4200 dupliciter
737 4131 807 4184 ratio
825 4130 914 4184 meriti
928 4129 974 4183 vel
987 4129 1127 4192 demeriti;
1146 4146 1200 4183 uuo
1219 4129 1306 4193 modo,
1325 4129 1475 4184 secundum
1493 4129 1565 4198 quod

317 4218 431 4272 debetur
449 4218 474 4272 ei
492 4218 635 4272 retributio
655 4235 671 4272 a
689 4218 822 4287 singulari
841 4235 972 4288 persona,
991 4235 1074 4286 quam
1092 4218 1172 4272 iuvat
1191 4217 1236 4271 vel
1254 4217 1380 4281 offendit;
1407 4216 1460 4271 alio
1478 4215 1566 4280 modo,

317 4307 465 4360 secundum
492 4307 561 4376 quod
581 4307 694 4360 debetur
713 4305 736 4359 ei
756 4305 899 4360 retributio
918 4323 934 4360 a
952 4308 1011 4359 toto
1029 4305 1152 4374 collegio.
1190 4304 1302 4370 Quando
1322 4322 1387 4358 vero
1406 4303 1506 4372 aliquis
1525 4321 1566 4356 or·

317 4395 393 4449 diust
418 4397 510 4449 sctum
527 4413 606 4450 sunm
627 4397 729 4450 directo
747 4395 775 4448 iu
794 4393 893 4448 bouum
912 4394 956 4448 vel
975 4393 1077 4447 melum
1096 4395 1182 4448 totius
1200 4393 1323 4461 collegii,
1349 4393 1464 4446 debetur
1482 4395 1507 4446 ei
1525 4409 1566 4446 rs·

316 4485 429 4539 tributio
448 4485 661 4554 primoquidem
681 4487 709 4539 et
728 4483 914 4554 principaliter
934 4499 950 4536 a
968 4484 1026 4536 toto
1045 4481 1176 4551 collegio,
1195 4481 1355 4536 secundario
1374 4499 1440 4534 vcro
1458 4480 1492 4534 nb
1511 4497 1567 4534 om-

316 4572 397 4627 nibus
423 4572 530 4642 collegii
548 4573 680 4644 partibus.
718 4573 785 4628 Cum
805 4591 869 4626 vero
889 4572 990 4642 aliquis
1008 4572 1082 4642 agit,
1107 4571 1179 4641 quod
1197 4572 1226 4625 in
1244 4571 1344 4626 bonum
1362 4569 1501 4640 proprium
1519 4571 1566 4624 vel
1651 4640 1658 4654 ι

318 4660 419 4714 malum
438 4661 542 4730 vergit,
569 4662 651 4716 etiam
678 4661 791 4716 debetur
816 4663 841 4714 ei
867 4661 1026 4725 retributio,
1051 4661 1080 4714 iu
1105 4663 1238 4730 quantum
1256 4659 1340 4713 etiam
1358 4658 1410 4712 hoo
1428 4657 1520 4726 vergit
1537 4657 1564 4712 iu

317 4765 473 4816 commune,
498 4751 647 4804 secundum
674 4750 744 4820 quod
769 4749 828 4820 ipss
847 4752 890 4803 cst
909 4766 972 4819 pars
991 4749 1114 4816 collegii;
1140 4748 1206 4802 licet
1223 4765 1278 4802 non
1295 4747 1427 4802 debeatur
1445 4746 1470 4800 ei
1488 4745 1566 4801 retri-

317 4837 407 4900 butio,
426 4837 454 4891 in
473 4849 603 4908 quantum
624 4845 667 4893 est
684 4840 784 4893 bonum
804 4837 848 4891 vel
867 4838 968 4892 melum
988 4837 1137 4906 singularis
1155 4853 1302 4906 personae,
1321 4853 1390 4904 quae
1410 4839 1453 4888 est
1471 4835 1566 4888 eadem

317 4925 419 4993 egenti,
438 4927 490 4980 uisi
509 4927 579 4981 forte
597 4945 614 4981 n
632 4945 662 4982 se
675 4927 742 4998 ipso,
761 4927 909 4981 secundum
923 4926 1058 4996 quandam
1072 4925 1285 4988 similitudinem,
1305 4927 1386 4994 prout
1404 4926 1448 4978 est
1459 4923 1566 4978 institia

318 5011 435 5068 hominis
454 5015 488 5068 sd
507 5031 536 5068 se
557 5015 653 5084 ipsum.
