3909 5842
489 679 529 734 De
548 681 677 748 figmento
696 681 835 750 originarii
857 685 962 750 ,status
980 683 1109 737 naturae‘
1131 683 1320 738 consocialis.
1465 690 1529 754 339

274 857 317 922 In
342 857 426 923 libro
441 879 521 924 vero
540 862 615 942 ,Du
633 869 754 927 contrat
770 857 886 926 soctat“
905 860 947 925 ad
963 860 1128 944 practices
1143 861 1231 926 illius
1246 863 1386 929 fictionis
1402 864 1531 930 fructus

275 963 494 1030 maturandos
523 984 656 1048 operam
688 965 859 1034 convertit.
907 966 987 1032 Inde
1019 967 1105 1032 enim
1130 968 1304 1046 concludit,
1337 970 1531 1037 societatem
1623 1022 1628 1030 .

276 1071 369 1136 inter
392 1069 540 1136 homines
563 1091 603 1136 ea
627 1073 756 1137 tautum
780 1072 970 1138 condicione
993 1073 1140 1156 legitime
1163 1075 1291 1140 institui
1311 1076 1466 1159 potuisse,
1494 1080 1532 1144 ut

277 1177 460 1260 originaria
487 1177 623 1244 libertas
648 1181 682 1243 et
704 1177 820 1242 iurium
847 1179 1040 1260 aequalitas,
1072 1201 1171 1262 quam
1194 1182 1402 1248 essentialem
1427 1187 1461 1249 et
1483 1183 1531 1248 in-

277 1283 489 1350 alienabilem
513 1304 585 1349 esse
609 1283 699 1364 dicit,
722 1283 756 1350 in
780 1305 819 1350 ee
842 1288 995 1352 maneret
1016 1287 1153 1356 intacta.
1193 1288 1289 1354 Hunc
1306 1310 1384 1354 vero
1400 1289 1531 1354 modum

277 1387 382 1457 unice
403 1390 586 1472 legitimum
610 1391 773 1456 humanae
796 1391 965 1458 societatis
989 1391 1052 1457 sibi
1073 1393 1238 1459 invenisse
1261 1395 1392 1460 videtur
1414 1394 1447 1459 in
1471 1416 1533 1461 sua

279 1497 486 1564 democratia
508 1497 657 1580 perfecta
680 1517 739 1562 seu
762 1497 796 1562 in
819 1501 1018 1583 supremotia
1039 1501 1150 1584 populi
1167 1503 1328 1567 essentiali
1344 1509 1372 1567 et
1388 1501 1532 1568 obsoleta

277 1603 468 1669 formaliter
501 1604 629 1671 sancita
668 1625 727 1688 per
762 1607 966 1671 contractum
1001 1605 1167 1671 socialem.
1219 1607 1281 1672 Sed
1319 1607 1360 1673 de
1396 1608 1533 1691 politica

278 1711 378 1792 parte
411 1708 507 1775 huius
537 1710 707 1776 doctrinae
736 1711 913 1794 specialius
943 1711 1052 1776 dicere
1082 1712 1124 1776 ad
1154 1712 1253 1778 alium
1284 1713 1394 1796 potius
1425 1715 1532 1780 locum

279 1815 436 1898 pertinet.

280 1933 354 2006 396.
446 1937 537 2004 Adeo
553 1939 743 2006 radicaliter
758 1941 908 2023 negando
925 1939 1045 2006 stabile
1060 1940 1308 2006 fundamentum
1323 1942 1427 2008 totius
1442 1943 1533 2008 aedi·

281 2041 347 2106 ficii
372 2043 503 2110 socialis
526 2045 620 2127 eique
645 2045 819 2111 humanum
845 2045 1017 2111 arbitrium
1041 2046 1268 2113 substituendo
1292 2049 1388 2113 ambo
1410 2047 1444 2113 hi
1460 2049 1532 2128 viri,

283 2147 416 2215 diversa
447 2151 575 2234 quidem
601 2152 656 2216 via
680 2155 713 2217 et
737 2152 874 2230 ratione,
905 2153 1107 2232 modernam,
1138 2173 1237 2236 quam
1259 2154 1360 2236 vulgo
1384 2153 1531 2232 dicimus,

287 2256 540 2332 ,Revolntioaem
571 2260 715 2324 socialem
747 2281 784 2323 ac
802 2257 987 2344 politicem“
1021 2257 1259 2341 quodammodo
1282 2259 1532 2342 inaugurarunt,

284 2359 417 2444 eiusque
434 2363 595 2448 duplicem
612 2364 706 2446 quasi
720 2363 838 2430 faciem
854 2368 1117 2448 repraesentant,
1133 2367 1369 2432 monarchicam
1382 2367 1531 2446 alteram,

284 2467 423 2534 alteram
454 2472 707 2537 democraticum.
755 2470 848 2536 Illam
877 2471 1012 2553 Helbes,
1042 2470 1135 2536 ideas
1157 2470 1399 2537 Macchiavellii
1427 2472 1533 2556 philo·

284 2574 415 2657 sophico
432 2577 607 2660 complens,
630 2576 809 2642 delineavit
825 2598 963 2659 eamque
979 2577 1118 2643 alterius
1132 2577 1256 2642 saeculi
1271 2578 1477 2660 pantheismo
1493 2600 1533 2644 ac

284 2683 499 2748 naturalismo
523 2684 663 2767 amplius
678 2684 908 2768 perficiendam
925 2683 1075 2766 reliquit;
1100 2684 1198 2749 istam
1214 2686 1381 2750 Rousseou
1397 2684 1459 2750 sibi
1474 2706 1533 2750 ex·

285 2788 454 2854 colendam
479 2789 612 2873 delegit,
637 2792 871 2857 absolvendam
896 2791 1036 2873 denique
1059 2795 1094 2857 et
1117 2790 1337 2858 coronandam
1361 2811 1421 2874 per
1438 2791 1533 2856 huius

284 2895 406 2961 aetatis
441 2896 716 2974 ,socialiemum“,
747 2898 768 2964 i.
800 2919 828 2963 e.
859 2903 1010 2982 apertam
1034 2901 1069 2964 et
1091 2898 1273 2981 practicam
1296 2897 1533 2982 professionem

285 3001 436 3068 atheismi
460 3003 600 3069 socialis.

285 3116 354 3187 397.
446 3125 552 3186 Nota.
581 3126 654 3186 (lum
675 3129 732 3186 hac
758 3133 872 3200 ,status
894 3128 1057 3187 naturalis“
1081 3127 1198 3187 theoria
1219 3129 1261 3187 nil
1277 3147 1429 3187 commune
1443 3129 1534 3187 habet

284 3222 334 3282 ille
356 3224 434 3300 apud
456 3223 652 3284 scholasticos
674 3225 764 3301 vulgo
786 3230 924 3303 receptus
946 3245 1019 3286 usus
1038 3224 1185 3300 loquendi,
1208 3244 1264 3300 quo
1284 3244 1339 3300 per
1359 3225 1533 3284 abstractio-

285 3339 350 3379 nem
379 3325 411 3380 et
430 3341 484 3398 pro
506 3321 649 3381 scientiae
671 3341 727 3382 usu
749 3328 860 3382 statum
882 3319 1029 3400 ,cioileor“
1051 3324 1124 3396 (non
1145 3321 1286 3381 socialem
1307 3322 1492 3398 simpliciter)
1515 3343 1534 3381 a

286 3425 367 3478 statu
388 3417 557 3498 »παίεινιιίἱα
581 3419 763 3496 distinguere
784 3422 928 3480 solebant.
969 3419 1045 3478 Nam
1072 3425 1281 3496 praeterquam
1301 3419 1378 3495 quod
1397 3419 1456 3496 ipsi
1477 3422 1532 3478 sub

286 3521 366 3575 statu
391 3517 555 3588 ,naturali“
581 3519 718 3577 stabilem
739 3537 854 3595 quoque
874 3517 1091 3576 institutionem
1111 3521 1253 3577 societatis
1275 3520 1444 3577 domesticae
1457 3537 1533 3576 com·

285 3613 507 3690 plectebantur,
536 3615 632 3692 ipsum
661 3617 751 3676 etiam
780 3621 891 3675 statum
912 3617 1022 3675 civilem
1042 3634 1224 3692 nequaquam
1245 3615 1331 3674 veluti
1350 3617 1532 3689 artificialem

286 3718 314 3771 et
336 3712 484 3772 hominum
506 3713 629 3774 arbitrio
650 3713 820 3774 institutum
842 3711 935 3772 statui
954 3714 1085 3772 naturali
1107 3713 1311 3788 opponebant,
1340 3713 1393 3771 sed
1414 3732 1449 3772 eo
1469 3713 1533 3772 fere

285 3811 387 3880 modo,
416 3829 473 3886 quo
494 3811 607 3887 passim
633 3812 710 3888 apud
732 3817 850 3870 veteres
879 3809 1019 3870 instituta
1044 3809 1133 3883 „iuria
1154 3810 1302 3884 gentium“
1327 3812 1365 3869 ab
1385 3810 1533 3870 institutis

289 3907 377 3982 ,imis
398 3911 541 3968 naturae¹¹
565 3908 683 3986 proprie
705 3908 777 3968 dicti
798 3908 1008 3966 discernuntur
1030 3907 1077 3979 (de
1099 3927 1156 3983 quo
1176 3907 1263 3984 plura
1276 3906 1422 3974 Marius).
1449 3909 1533 3968 Utra-

285 4027 338 4083 que
357 4027 377 4064 a
397 4014 505 4066 notura
526 4006 601 4083 ipss,
624 4006 681 4064 etsi
701 4025 759 4066 noa
779 4025 868 4083 aeque
882 4007 1046 4065 immediate
1060 4023 1237 4081 promanare
1251 4023 1353 4063 omnes
1368 4005 1532 4065 consentic-

285 4105 364 4162 bant.
406 4101 529 4179 Proprie
559 4104 728 4175 ,naturale“
761 4123 814 4162 seu
838 4103 928 4174 ,iuris
950 4104 1092 4161 naturae*
1124 4102 1154 4160 id
1176 4101 1271 4160 solum
1292 4102 1443 4177 appellare
1465 4121 1530 4159 con-

285 4206 461 4272 sueverunt,
490 4201 566 4276 quod
594 4204 757 4260 immediate
784 4201 814 4259 in
843 4207 951 4259 natura
973 4197 1139 4271 (individua
1159 4198 1300 4272 hominis)
1321 4199 1472 4268 fundatur,
1500 4205 1532 4258 et

285 4298 450 4356 huiusmodi
475 4297 590 4374 quidem
613 4298 704 4357 vitam
733 4297 873 4356 socialem
903 4296 1095 4356 domesticam
1122 4298 1318 4373 reputabant,
1350 4295 1440 4369 ,iuris
1461 4316 1531 4372 gen·

285 4397 373 4456 tium“
398 4415 434 4454 ea
456 4415 522 4456 esse
544 4395 689 4466 dicebant,
712 4415 787 4471 quae
808 4415 867 4455 non
888 4395 1003 4471 quidem
1017 4394 1198 4466 immediata,
1220 4394 1273 4453 sed
1287 4398 1387 4453 tamen
1401 4394 1531 4454 mediata

285 4493 473 4564 necessitate,
502 4495 519 4554 i.
542 4515 567 4555 e.
595 4494 729 4569 legitima
756 4494 881 4554 rationis
910 4493 1110 4563 conclusione,
1139 4513 1158 4551 a
1179 4498 1286 4551 natura
1314 4493 1384 4568 (qua
1413 4492 1530 4564 sociali)

286 4592 465 4664 derivantur,
488 4597 519 4651 et
539 4593 606 4651 ideo
627 4611 687 4650 non
703 4613 760 4668 per
780 4591 832 4650 sed
847 4594 1003 4652 secundum
1017 4596 1154 4650 naturam
1169 4595 1200 4649 et
1213 4595 1322 4648 natura
1336 4590 1531 4666 compellente

284 4712 334 4768 per
361 4692 521 4748 humanum
542 4691 691 4749 consilium
713 4689 924 4760 instituuntur,
947 4693 1035 4764 atque
1055 4688 1103 4747 hie
1123 4687 1293 4746 institutum
1315 4687 1468 4747 societatis
1490 4688 1529 4746 ci-

285 4787 351 4846 vilis
371 4787 606 4846 adnumerabant
615 4791 632 4847 ¹.

376 4947 383 4978 ¹
403 4945 444 5000 Cf.
466 4947 494 4998 S.
518 4947 619 5013 raom,
643 4945 670 4999 S.
691 4943 773 4998 theol.
795 4943 819 5007 2,
839 4945 863 5010 2,
884 4962 909 5013 q.
932 4944 973 5008 57,
994 4961 1018 4998 a.
1039 4944 1056 4997 2
1076 4947 1104 4998 et
1123 4944 1147 4997 3.
1167 4971 1202 4980 -
1222 4941 1272 4994 Die
1291 4941 1463 4997 Grundsttze
1481 4943 1530 4997 der

286 5033 453 5089 Sittlichlreit
472 5033 527 5088 und
546 5035 594 5087 des
613 5031 716 5086 Rechts
735 5033 751 5100 ἓ
773 5033 822 5087 102
843 5035 922 5086 Anm.

1267 5118 1321 5171 22*
