3909 5842
519 694 560 748 De
578 694 658 749 modo
676 694 809 749 indirecto
828 695 978 766 deponendi
998 695 1106 751 dubium
1126 653 1286 766 practicam.
1462 701 1526 766 289

280 889 366 950 quae
389 889 448 952 pro
470 868 589 934 iudicio
613 869 784 935 contrario
801 870 1002 954 perhibetur,
1026 871 1066 937 iis
1090 873 1131 938 ad
1156 893 1236 956 quos
1253 873 1406 958 pertinet,
1430 875 1529 958 plane

229 1017 232 1021 -
279 974 408 1041 ineerta
430 981 482 1042 est
504 979 539 1042 et
561 977 674 1042 iasine
698 977 820 1058 dubia;
848 997 955 1060 neque
976 977 1055 1044 talis
1079 999 1152 1044 esee
1176 979 1312 1058 desinit,
1344 980 1429 1064 quod
1456 979 1529 1065 ipsa

281 1102 411 1164 quoque
437 1081 536 1146 simili
564 1082 619 1147 vel
651 1081 739 1148 forte
762 1082 862 1149 etiam
885 1083 1002 1149 maiori
1025 1084 1259 1168 probabilitate
1282 1085 1341 1153 niti
1366 1085 1528 1153 videatur.

281 1187 418 1254 Moralis
440 1188 526 1254 euim
550 1188 713 1255 certitudo
736 1210 802 1254 non
825 1189 1026 1273 compatitur
1041 1211 1154 1256 veram
1177 1192 1442 1277 probabilitatem
1468 1193 1528 1260 sibi

282 1295 476 1380 oppositam.
1506 1297 1508 1301 ’

326 1392 329 1396 ’
370 1404 472 1488 Atqui
500 1421 543 1466 ex
572 1401 646 1484 lege
675 1401 798 1467 invicte
828 1401 927 1468 dubia
955 1401 1037 1468 haec
1066 1404 1210 1470 resultat
1238 1405 1402 1471 conclusio
1426 1415 1529 1472 certa:

281 1527 355 1573 eam
385 1509 493 1592 quood
521 1509 584 1572 uim
614 1506 778 1591 obtipandi
804 1529 870 1574 esse
897 1509 1032 1576 autam.
1078 1509 1178 1574 Valet
1201 1510 1287 1576 enim
1310 1511 1442 1578 axioma
1464 1533 1528 1577 non
1623 1541 1624 1546 ¹

282 1612 388 1678 solum
416 1611 656 1696 philosophice,
690 1612 747 1677 sed
772 1612 871 1678 etiam
894 1612 1031 1678 iuridioe
1054 1618 1197 1680 certum:
1234 1616 1321 1692 ,Lex
1343 1615 1441 1682 dubia
1464 1637 1529 1682 non

281 1719 427 1802 obligat¹¹
455 1719 524 1796 vel,
556 1722 594 1785 ut
616 1718 762 1800 loquitur
785 1718 817 1784 S.
842 1717 1003 1784 Thomas:
1038 1719 1176 1798 ,Nullus
1205 1720 1329 1804 ligatur
1351 1743 1410 1806 per
1432 1743 1528 1806 prae·

282 1828 414 1908 ceptum
448 1823 579 1907 aliquod
606 1824 669 1889 nisi
700 1824 865 1889 mediante
894 1824 1035 1892 scientia
1061 1825 1149 1892 illius
1170 1827 1393 1910 praecepti.“1
1437 1827 1528 1904 Quod

283 1929 413 2012 quidem
437 1951 502 1996 non
524 1933 594 1996 tam
617 1931 812 2014 probatione
835 1951 933 2014 quam
956 1931 1178 2015 explicatione
1200 1933 1336 2016 indiget.
1367 1933 1529 2000 Nimirum

374 2038 404 2101 1.
427 2035 478 2100 De
500 2035 629 2101 ratione
650 2035 735 2118 legis
753 2040 830 2104 actu
846 2035 1024 2119 obligantis
1040 2041 1101 2117 est,
1126 2042 1163 2104 ut
1179 2038 1222 2103 sit
1238 2037 1439 2105 sufficienter
1453 2059 1529 2122 pro·

273 2141 444 2223 Jnulgata.
476 2139 686 2225 Quapropter
701 2145 879 2224 utcumque
895 2143 950 2207 lex
965 2142 1077 2225 aliqua
1092 2142 1178 2209 forte
1195 2143 1356 2210 obiective
1371 2143 1405 2208 in
1420 2149 1530 2210 mente

285 2245 486 2328 legislatoris
509 2246 670 2327 exsistat,
701 2248 735 2313 in
758 2248 871 2314 ordine
894 2249 936 2313 ad
960 2248 1152 2331 obligandos
1174 2250 1322 2318 subditos
1345 2251 1377 2316 vi
1401 2252 1532 2337 propria

284 2353 368 2435 legis
392 2358 483 2420 caret
505 2373 563 2418 seu
585 2374 651 2418 non
674 2355 835 2421 exsistere
859 2355 1022 2421 censenda
1046 2359 1113 2433 est,
1145 2357 1298 2440 quamdiu
1328 2357 1530 2424 sufficienter

284 2460 494 2544 promulgata
523 2481 588 2525 non
618 2459 679 2538 sit,
710 2459 743 2525 id
774 2461 860 2542 quod
888 2461 923 2526 in
952 2462 1120 2545 praesenti
1150 2462 1324 2546 hypothesi
1354 2463 1529 2530 manifeste

285 2565 392 2631 locum
415 2566 547 2634 habet2.

375 2675 404 2738 2.
437 2673 604 2756 Obligatio
636 2673 769 2740 moralis
792 2673 943 2741 consistit
965 2674 1001 2739 in
1023 2674 1222 2742 necessitate
1245 2676 1361 2741 morali
1384 2677 1531 2760 practica

285 2799 350 2844 non
374 2779 612 2862 qualicumque,
636 2779 695 2846 sed
710 2783 815 2856 tanta
840 2784 965 2862 quanta
981 2801 1054 2846 cum
1069 2780 1225 2847 libertate
1241 2786 1412 2848 creaturae
1427 2782 1530 2850 ratio-

286 2885 371 2950 nalis
394 2886 543 2969 componi
567 2889 688 2970 potest,
711 2886 732 2951 i.
757 2907 786 2953 e.
810 2886 1009 2953 necessitate
1025 2908 1104 2954 vera
1123 2887 1252 2971 quidem
1269 2894 1303 2955 et
1318 2889 1529 2966 ineluctabili,

285 2991 345 3055 sed
368 2990 574 3058 disiunctiva.
621 2992 667 3056 Et
688 3013 748 3075 pro
772 2992 834 3058 bac
857 2992 930 3076 ipsa
952 3013 1013 3058 sua
1035 2997 1156 3059 natura
1179 2993 1336 3078 obligatio
1366 2994 1531 3077 attingere

287 3097 491 3163 voluntatem
516 3102 551 3164 et
573 3097 648 3164 hinc
671 3098 853 3164 subiective
876 3097 1037 3166 exsistere
1060 3121 1125 3164 non
1148 3104 1259 3184 potest
1282 3100 1343 3166 nisi
1366 3101 1531 3168 mediante

286 3203 457 3270 intellectu
486 3224 544 3270 seu
574 3195 719 3284 ratione,
751 3225 835 3287 quae
866 3209 917 3271 est
946 3207 1061 3272 aDeo
1083 3206 1155 3290 ipso
1179 3207 1331 3274 ordinata
1353 3227 1473 3290 praeco
1497 3212 1531 3273 et

286 3308 439 3392 proxima
470 3308 634 3393 interpres
664 3309 817 3376 obiectivi
846 3311 1020 3376 rationalis
1050 3311 1174 3376 ordinis
1204 3333 1246 3378 ex
1268 3312 1330 3378 Dei
1359 3313 1531 3381 voluntate

286 3415 451 3482 servandi.
497 3417 561 3483 Est
583 3417 685 3500 igitur
709 3417 919 3500 obligationis
942 3419 1076 3485 moralis
1100 3419 1287 3484 necessaria
1310 3419 1473 3498 condicio,
1497 3429 1532 3486 ut

286 3525 371 3588 ratio
401 3531 565 3609 capnoscat
594 3525 685 3590 iilam
714 3527 943 3607 necessitatene,
973 3547 1037 3592 non
1067 3534 1102 3592 at
1126 3529 1301 3592 arbitraria
1324 3531 1530 3614 suppositam,

286 3631 343 3695 sed
367 3637 401 3693 ut
424 3630 569 3695 obiectioe
591 3631 787 3696 exsistentem
794 3653 809 3711 ,·
830 3651 918 3711 quae
939 3631 1069 3712 quidem
1093 3631 1215 3714 duplex
1238 3635 1306 3709 est,
1330 3632 1456 3698 scilicet
1478 3655 1530 3698 ne·

286 3738 417 3801 cessitas
437 3736 515 3818 finis
538 3734 632 3815 (recti
657 3735 780 3800 ordinis
803 3736 989 3821 rationalis)
1012 3742 1047 3804 et
1070 3738 1250 3804 necessitas
1265 3738 1362 3804 medii
1379 3737 1531 3820 (actionis
1609 3751 1611 3758 '

285 3840 342 3905 vel
365 3839 563 3922 omissionis)
587 3841 629 3906 ad
653 3841 791 3906 eundem
814 3845 913 3908 finem
936 3843 1016 3925 (222
1032 3843 1117 3926 sqq).
1164 3846 1264 3930 Atqui
1288 3866 1360 3910 cum
1384 3845 1530 3912 rationa-

285 3946 344 4012 bili
366 3945 423 4011 illo
447 3951 481 4013 et
502 3946 626 4013 invicto
650 3945 758 4026 dubio,
783 3949 869 4030 quod
892 3949 1115 4033 supponimus,
1139 3949 1221 4015 haec
1244 3951 1431 4017 necessaria
1454 3973 1530 4018 con-

285 4051 371 4118 dicio
395 4051 604 4134 obligationis
628 4051 726 4118 simul
749 4057 901 4119 constare
924 4054 1022 4137 plane
1045 4075 1110 4119 non
1132 4058 1253 4138 potest.

376 4158 462 4242 Erpo
486 4177 528 4222 ex
551 4158 721 4242 supposito
744 4159 862 4224 iudicio
886 4181 963 4225 vere
987 4160 1157 4244 probabili,
1182 4161 1345 4229 mediante
1360 4162 1424 4229 isto
1441 4163 1531 4247 prin·

286 4262 372 4347 cipio
388 4264 523 4339 reflexo,
539 4268 720 4348 practicam
734 4266 891 4331 iudicium
906 4268 1071 4332 moraliter
1086 4276 1204 4333 cenam
1219 4268 1253 4332 in
1269 4268 1416 4335 favorem
1433 4270 1531 4336 liber·

291 4372 627 4470 W,
649 4403 690 4465 m,
710 4419 734 4456 a.
753 4403 778 4456 a

377 4488 447 4542 ’Gt
467 4491 588 4559 Suara,
613 4489 654 4544 De
672 4491 733 4545 bon.
753 4495 781 4544 et
799 4491 861 4545 mal.
882 4492 950 4561 disp.
973 4492 1020 4558 12,
1045 4495 1112 4546 sect.
1132 4494 1163 4557 6,
1190 4492 1207 4560 ἓ
1226 4493 1257 4547 8:
1287 4493 1437 4560 ,Existimo
1456 4495 1531 4549 illam

285 4578 420 4633 rationem
445 4578 643 4634 sufficientem:
669 4581 733 4648 quia
759 4581 889 4649 quamdiu
914 4585 958 4635 est
983 4582 1112 4636 iudicium
1131 4581 1285 4651 probabile,
1310 4583 1382 4651 quod
1400 4583 1477 4637 nulla
1495 4584 1533 4638 eit

285 4667 335 4722 lex
352 4665 500 4737 prohibens
518 4667 564 4721 vel
582 4669 753 4738 praecipiens
771 4669 914 4734 actionem,
932 4670 998 4725 talis
1016 4671 1063 4724 lex
1081 4688 1133 4724 non
1153 4673 1197 4724 est
1214 4671 1383 4725 sufficienter
1394 4673 1533 4742 proposita

286 4755 334 4810 vel
359 4756 532 4825 promulgata
557 4755 667 4810 homini.
704 4757 783 4811 Unde
808 4775 868 4811 cnm
894 4758 1025 4826 obligatio
1042 4759 1114 4826 legis
1132 4760 1170 4813 sit
1188 4777 1223 4813 ex
1241 4777 1271 4813 ss
1290 4777 1404 4814 onerosa
1422 4765 1450 4815 et
1469 4779 1532 4830 quo-

287 4843 431 4897 dammodo
450 4844 556 4910 odiosa,
575 4862 629 4898 non
648 4849 742 4913 urget,
762 4845 846 4900 donoc
864 4848 966 4901 certius
986 4847 1019 4900 de
1037 4846 1086 4901 illa
1104 4851 1217 4902 constet.
1255 4847 1350 4917 Neque
1369 4843 1462 4904 contra
1482 4849 1532 4904 hoc

286 4935 370 4999 urget
387 4931 481 5001 aliqua
498 4932 577 4996 ratio,
597 4933 661 5002 quie
679 4938 745 4988 tuna
763 4951 862 4990 revera
878 4953 933 4990 non
952 4941 994 4990 est
1014 4937 1151 4990 contraria
1169 4953 1233 5007 pars
1246 4936 1330 4990 tutior
1348 4937 1375 4990 in
1394 4939 1486 4992 ordine
1499 4939 1533 4992 ad

287 5021 491 5085 conscientiam,
510 5039 599 5091 neque
617 5022 654 5076 ibi
674 5025 716 5077 est
735 5023 844 5092 aliquod
862 5024 974 5079 dubium
994 5025 1144 5095 practicam
1163 5043 1213 5080 nec
1231 5025 1405 5095 periculum⁸

341 5115 450 5168 meyer.
464 5117 503 5159 rus
516 5118 627 5162 bearno.
648 5118 665 5159 1.
685 5117 726 5160 m.
740 5118 759 5161 a.
1292 5115 1324 5168 19
