3909 5842
438 679 500 744 140
663 673 751 729 Sestio
771 675 791 730 I.
828 674 908 730 Liber
926 675 960 730 II.
999 675 1088 745 Caput
1105 675 1126 730 Ι.
1163 673 1303 730 mosum
1324 674 1348 730 1.
1386 673 1448 740 53.

523 853 556 931 a)
581 853 696 918 Schola
711 852 1065 937 habetote-Wolfiono,
1090 872 1174 935 quae
1190 852 1232 918 ab
1247 851 1382 917 ineunte
1396 871 1484 917 saec.
1501 850 1613 916 XVIII
1627 871 1679 915 ns·

435 979 498 1042 que
521 959 564 1024 ad
581 957 736 1024 hiantium
761 957 794 1023 in
818 957 996 1024 Germania
1018 957 1090 1024 fere
1112 957 1289 1043 primatum
1312 957 1429 1023 tenuit.
1461 959 1502 1026 G.
1526 957 1573 1024 W.
1590 957 1678 1022 Leib
1775 1000 1776 1007 ,

436 1067 509 1130 niz¹
526 1063 788 1146 (loro-1716),
812 1064 933 1149 partim
954 1063 1167 1130 aristotelicis
1186 1063 1307 1147 partim
1323 1062 1520 1129 cartesianis
1535 1063 1681 1145 vestigiis

435 1169 574 1253 primum
605 1169 769 1248 insistens,
801 1169 860 1234 sed
883 1173 1024 1252 utraque
1047 1189 1126 1234 mox
1148 1173 1426 1252 praetergressus,
1460 1168 1549 1234 mam
1571 1167 1680 1234 sedulo

435 1275 625 1358 indagabat,
651 1296 716 1358 qua
737 1274 1000 1342 fundamentalia
1020 1275 1144 1341 veteris
1158 1275 1384 1360 philosophiae
1399 1274 1599 1340 documenta
1612 1295 1680 1340 cum

434 1381 484 1460 iis,
516 1403 600 1464 quae
630 1403 671 1447 ex
701 1380 938 1448 recentioribus
967 1380 1127 1448 scientiae
1156 1381 1329 1448 conatibus
1355 1385 1526 1463 tamquam
1549 1399 1629 1446 vera
1650 1385 1681 1445 et

435 1489 576 1572 probata
600 1486 807 1570 prodiissent,
832 1490 910 1570 apte
933 1486 1108 1554 conciliare
1126 1485 1289 1569 sinrulque
1304 1487 1466 1553 adversus
1481 1486 1682 1553 naturalisti·

436 1615 508 1660 cum
538 1593 625 1660 illius
655 1593 814 1678 temporis
836 1593 1081 1677 sceptioismum
1106 1598 1141 1660 et
1164 1592 1419 1678 pantheisticam
1443 1593 1682 1677 corruptionem
1776 1604 1777 1615 ¹

436 1698 614 1765 efficaciter
643 1699 729 1765 tueri
760 1702 882 1782 posset.
929 1698 1041 1781 Atque
1069 1697 1119 1765 ita
1148 1719 1255 1765 novae
1284 1699 1416 1765 scholas
1439 1698 1682 1783 philosophicae

436 1805 651 1871 fundamenta
673 1803 759 1882 iecit,
784 1823 868 1888 quae
892 1804 1033 1887 quidem,
1057 1826 1123 1870 uon
1146 1805 1260 1888 paucis
1275 1804 1348 1888 ipsa
1363 1804 1459 1870 novis
1474 1826 1516 1871 ae
1531 1805 1684 1888 gravibus

437 1911 603 1978 erroribus
626 1911 778 1989 obnoxia,
803 1911 977 1976 admodum
1001 1911 1194 1995 imperfecte
1216 1916 1345 1979 tautum
1363 1917 1398 1978 et
1412 1933 1532 1996 parum
1547 1909 1685 1978 feliciter

436 2017 639 2104 propositum
661 2019 758 2082 finem
782 2019 913 2099 assequi
936 2018 1052 2084 valuit.
1098 2018 1213 2086 Manet
1234 2018 1444 2084 nihilominus
1467 2017 1539 2083 eius
1562 2023 1682 2084 auctor.
1777 2104 1778 2107 Ἴ

437 2125 485 2191 uti
515 2123 683 2190 doctrinae
714 2123 916 2190 fecunditate
948 2127 983 2190 et
1005 2123 1259 2192 universalitate
1282 2125 1401 2202 clarus,
1431 2125 1482 2191 ita
1504 2129 1540 2192 et
1563 2125 1685 2191 sincero
1777 2120 1778 2153 l

438 2230 590 2300 veritatis
618 2231 727 2298 studio
751 2233 786 2296 et
809 2229 979 2296 christiani
1004 2231 1169 2314 dogmatis
1192 2230 1380 2297 reverentia
1403 2231 1565 2296 bonorum
1588 2231 1684 2297 assti-

386 2387 389 2402 .
438 2337 582 2404 mationa
612 2337 740 2419 dignus.
787 2336 978 2404 Doctrinam
1010 2337 1268 2422 philosophicam
1290 2336 1447 2402 Leibniaii
1477 2337 1512 2402 in
1540 2336 1684 2422 piurimis

439 2465 477 2510 ao
508 2443 609 2511 variis
633 2443 931 2509 elucubrationibus
960 2442 1141 2528 dispersam
1172 2443 1242 2509 eius
1274 2443 1452 2527 discipulus
1485 2445 1685 2508 Christianos

439 2551 544 2633 Wolf²
575 2549 825 2633 (rurs-1754)
855 2550 888 2614 in
922 2571 1021 2615 unum
1055 2555 1204 2634 systema
1237 2551 1392 2634 organice
1425 2549 1592 2632 digestum
1623 2549 1685 2614 col-
1778 2628 1779 2649 Χ

440 2657 522 2741 legit
545 2657 689 2739 illudque
712 2657 833 2740 partim
857 2657 957 2722 etiam
978 2657 1109 2723 interne
1132 2678 1153 2722 a
1173 2677 1210 2722 se
1225 2656 1446 2724 modificatum
1462 2655 1582 2730 edidit;
1605 2653 1685 2719 unde

442 2766 483 2830 ab
507 2768 646 2846 utroque
669 2767 804 2830 auctore
826 2763 938 2829 schola
954 2763 1156 2830 denominari
1172 2764 1267 2830 solet.
1297 2762 1335 2828 in
1351 2762 1561 2829 adstruendis
1577 2760 1687 2827 ethicis

444 2869 613 2954 principiis
645 2870 727 2936 haec
760 2869 968 2955 philosophia
1002 2871 1116 2936 eadem
1148 2871 1218 2936 lere
1249 2869 1305 2936 via
1335 2869 1526 2944 incedebat,
1562 2889 1627 2952 qna
1655 2872 1687 2933 et

444 2975 670 3042 Pufendorfius
694 2975 870 3060 praeierat,
895 2997 916 3042 a
938 2977 1117 3042 sonitanda
1140 2980 1261 3042 natura
1282 2975 1427 3042 humana
1450 2979 1485 3041 et
1500 2976 1576 3058 lege
1590 2973 1686 3040 divini

444 3080 622 3148 conditoris
652 3082 685 3147 in
716 3103 756 3148 ea
779 3103 938 3167 expressa
961 3083 1181 3166 proficiscens,
1229 3083 1464 3148 Verumtamen
1488 3103 1554 3147 non
1578 3085 1614 3146 ut
1634 3080 1687 3145 ille

444 3190 477 3255 in
513 3188 749 3268 ,socialitate“,
782 3189 840 3255 sed
873 3189 983 3272 potius
1020 3189 1053 3254 in
1086 3189 1254 3256 essentiali
1281 3189 1558 3274 perfectibilitote,
1590 3186 1687 3270 ipsius

444 3294 640 3361 socialitatis
662 3296 783 3375 radice,
807 3299 947 3362 naturae
969 3295 1132 3361 humanae
1154 3295 1327 3361 rationalis
1350 3315 1512 3360 summam
1528 3293 1686 3377 quandam

444 3401 602 3468 contineri
628 3403 791 3468 censebat.
831 3402 949 3486 Itaque
972 3424 1155 3486 capreorum
1177 3409 1317 3468 naturae
1337 3403 1432 3487 finem
1457 3399 1613 3468 radonali
1634 3419 1686 3464 vo·

442 3507 562 3574 luetati
577 3506 780 3592 propositum
798 3527 870 3574 esse
887 3507 1011 3574 docuit:
1029 3508 1071 3572 ad
1083 3507 1240 3573 maiorem
1252 3527 1383 3592 semper
1395 3505 1540 3572 eiusdem
1552 3511 1686 3573 naturae

442 3612 474 3678 in
492 3634 527 3678 se
545 3617 580 3678 et
597 3613 670 3678 aliis
679 3614 902 3698 perfectionem
919 3613 1133 3691 contendere;
1150 3614 1184 3678 in
1201 3613 1315 3679 eadem
1334 3612 1538 3697 perfectione
1554 3610 1687 3680 hominis

443 3717 678 3785 beatitudinem
708 3719 905 3797 consistere,
936 3719 970 3784 in
993 3720 1078 3798 Deo,
1110 3719 1236 3786 infinito
1260 3720 1355 3798 bono,
1387 3719 1615 3798 obtinendam,
1643 3719 1687 3786 ita

441 3831 562 3902 tamen,
595 3833 632 3891 ut
663 3847 703 3890 ea
725 3847 902 3908 numquam
926 3825 1041 3892 futura
1063 3826 1108 3891 sit
1130 3826 1323 3910 simpliciter
1346 3826 1522 3910 completa,
1553 3827 1612 3892 sed
1633 3847 1686 3909 pro

444 3930 518 3997 boni
536 3931 679 4016 possessi
694 3931 899 3997 infinitudine
914 3931 1036 4015 iugiter
1051 3931 1213 4015 augenda.
1245 3932 1297 3997 Ex
1313 3953 1465 4016 supremo
1480 3932 1538 3997 illo
1554 3937 1687 3999 naturae

441 4039 505 4103 line
528 4059 682 4122 suprema
697 4057 825 4119 quoque
841 4037 1012 4103 moraliter
1027 4037 1147 4120 agendi
1162 4039 1218 4103 lex
1234 4036 1414 4114 deducitur,
1438 4059 1538 4120 quam
1555 4037 1687 4104 Wolfius

441 4145 503 4211 hac
519 4145 660 4210 formula
677 4143 841 4209 enuntiat:
863 4143 1045 4222 ,Facienda
1061 4148 1148 4220 suut,
1165 4165 1249 4226 quae
1265 4165 1325 4208 nos
1341 4147 1532 4226 statumque
1543 4147 1687 4209 nostrum

442 4257 542 4334 atque
558 4251 640 4317 alios
656 4247 844 4334 perficiunt;
863 4249 1045 4316 omittenda
1060 4270 1149 4329 vero,
1168 4271 1252 4332 quae
1268 4271 1328 4315 nos
1340 4253 1532 4332 statumque
1544 4256 1688 4318 nostrum

534 4477 540 4510 ¹
561 4475 680 4530 Exstant
698 4474 757 4528 eius
776 4491 857 4544 opera
877 4474 903 4527 iu
917 4473 1036 4528 editione
1049 4476 1071 4528 I.
1085 4476 1118 4528 Ε.
1132 4477 1298 4542 Mosam,
1317 4475 1417 4530 ceteris
1436 4475 1527 4543 magis
1545 4475 1687 4545 completa:

443 4563 552 4618 Godslr.
573 4562 644 4618 Guil.
664 4562 795 4616 Leibuizii
813 4579 896 4632 opera
915 4559 1026 4632 philos,
1046 4578 1116 4631 quae
1134 4567 1248 4618 exstent
1268 4563 1370 4626 latina,
1395 4562 1512 4631 gallica,
1538 4563 1689 4630 germanior

443 4653 540 4716 omnia,
560 4650 647 4705 Berol.
670 4651 746 4706 1840.

533 4739 543 4772 ⁹
562 4737 604 4792 Ex
622 4740 716 4794 multis
735 4739 793 4793 eius
812 4739 938 4809 operibus
957 4738 1026 4793 haec
1043 4743 1152 4794 tautum
1170 4739 1222 4794 hoo
1240 4739 1300 4794 loeo
1318 4740 1483 4794 nominanda
1501 4741 1584 4793 suut:
1602 4737 1687 4792 Philo·

443 4827 538 4898 sophia
564 4829 684 4897 practica
702 4827 866 4881 universalis
884 4827 1012 4880 methodo
1030 4829 1127 4882 scient.
1152 4831 1335 4898 pertractata,
1360 4828 1376 4881 2
1395 4827 1450 4881 vol.
1471 4823 1685 4895 (uso-1739):

443 4917 489 4971 lus
508 4921 622 4970 naturae
641 4915 758 4970 matbod.
775 4916 871 4970 scient.
885 4921 976 4985 pertr,
997 4917 1013 4971 8
1026 4917 1081 4970 vol.
1096 4918 1181 4984 (1740
1194 4922 1255 4986 sq);
1275 4917 1322 4972 lus
1334 4919 1458 4987 gentiam
1473 4915 1585 4986 (1750);
1604 4913 1685 4967 Philo·

444 5003 540 5073 sophia
559 5004 669 5058 moralis
688 5022 710 5058 s.
730 5003 821 5057 ethica
840 5007 891 5056 etc.
910 5005 927 5056 4
948 5003 1002 5057 vol.
1024 5003 1130 5072 (1750).
