3909 5842
543 697 688 753 Societstis
706 698 796 753 civilis
815 699 891 766 origo
909 698 1044 752 naturalis
1062 698 1223 753 ostenditur.
1447 702 1511 768 365

253 877 370 954 Itaque
391 894 526 936 asserere
547 895 607 934 non
627 893 765 934 veremur
785 875 956 949 organicam
977 875 1229 940 consociationem
1248 873 1381 932 universi
1395 873 1514 948 generis

253 973 395 1044 humaui,
417 992 593 1050 quamquam
613 971 645 1032 in
665 976 774 1031 natura
795 969 900 1032 sociali
914 992 967 1050 per
988 992 1021 1032 se
1035 971 1256 1049 praesignatam
1272 991 1308 1030 ac
1322 971 1513 1048 postulatam,

255 1076 315 1130 aut
337 1086 495 1146 numquam
517 1075 571 1129 aut
592 1070 686 1129 solum
708 1069 738 1128 in
761 1074 877 1128 etcum
899 1069 1038 1128 Ecclesia
1053 1069 1165 1130 Christi
1185 1068 1334 1129 catholiea
1355 1069 1515 1144 aliquando

254 1168 386 1228 realiter
405 1169 537 1228 futuram
559 1167 730 1245 exspectari
751 1187 848 1246 posse.

352 1266 426 1325 Eius
452 1264 569 1341 aliquod
599 1265 733 1336 initium,
762 1285 815 1342 spe
842 1262 1102 1336 fecundissimum,
1131 1264 1305 1342 providente
1332 1264 1515 1339 magnanimi

256 1364 395 1423 oonsilio*
413 1381 600 1422 romanorum
622 1363 795 1440 pontificum
816 1365 914 1423 media
929 1369 1015 1424 aetas
1029 1363 1087 1422 iam
1103 1364 1270 1440 conspexit,
1291 1391 1331 1405 «-
1345 1361 1514 1440 Imperium,

254 1461 399 1537 inquam,
428 1461 787 1533 Romano-christianum,
815 1481 873 1536 quo
894 1461 1020 1538 primum
1042 1461 1192 1520 delineata
1219 1465 1321 1520 exstat
1347 1459 1415 1518 idea
1441 1460 1515 1520 iuris

256 1559 397 1634 gentium
419 1559 476 1618 hoc
497 1557 616 1618 nomine
637 1563 668 1617 ot
689 1560 759 1618 orbe
781 1558 946 1618 christiano
968 1558 1059 1634 digni.
1087 1559 1131 1618 Eo
1151 1558 1260 1635 quippe
1280 1562 1346 1618 tota
1359 1558 1434 1616 hoec
1448 1557 1516 1618 ides

256 1658 438 1732 spectabat,
467 1661 500 1714 ut
527 1659 653 1714 cunctae
675 1654 859 1716 christianae
880 1660 1003 1731 gentes,
1033 1655 1277 1732 quemadmodum
1304 1657 1359 1714 sub
1387 1674 1446 1714 unc
1468 1675 1514 1715 su-

255 1773 363 1830 premo
392 1759 513 1830 pastore
541 1771 631 1812 uuum
652 1752 761 1812 Christi
791 1753 870 1812 ovile
891 1753 1084 1824 exhiberent,
1112 1752 1157 1812 ita
1185 1755 1241 1812 sub
1267 1752 1356 1812 unius
1383 1751 1514 1830 supremi

255 1850 452 1927 imperatoris
473 1849 622 1927 praesidio
645 1869 681 1909 ac
701 1849 845 1925 regimine
867 1851 903 1909 ad
925 1870 1016 1908 unam
1038 1849 1232 1908 christianam
1252 1851 1426 1926 populomm
1441 1870 1514 1908 rem·

256 1947 412 2026 publicam
433 1945 667 2024 collegerantur,
689 1947 732 2007 ita
754 1955 871 2020 tamen,
900 1954 934 2007 ut
954 1947 986 2006 in
1006 1948 1063 2006 hae
1084 1947 1150 2026 ipsa
1172 1946 1335 2019 catholica,
1363 1947 1383 2007 i.
1404 1967 1429 2007 e.
1451 1948 1513 2006 uni-

257 2045 375 2104 versali
395 2043 527 2104 iustitiae
549 2049 579 2104 et
600 2045 740 2106 caritatis
762 2045 966 2104 communione
989 2065 1044 2103 sua
1066 2043 1170 2120 cuique
1185 2042 1375 2120 particularis
1389 2043 1512 2115 indoles,

258 2160 317 2202 sua
339 2141 464 2202 socialia
484 2143 633 2215 instituta,
656 2163 712 2202 aua
734 2143 854 2202 interna
875 2143 941 2202 iura
963 2149 994 2202 et
1014 2141 1139 2201 libertas
1160 2141 1275 2200 intacta
1295 2146 1458 2201 manerent.

353 2239 431 2310 Quot
452 2242 489 2299 ab
511 2240 625 2316 origine
647 2241 788 2300 exclusae
810 2240 940 2300 fuissent
962 2240 1100 2318 publicae
1121 2245 1151 2298 et
1172 2237 1300 2298 sociales
1314 2237 1512 2308 calamitates,

258 2343 334 2413 quot
354 2337 485 2398 dissidiis
506 2343 536 2397 et
556 2339 643 2398 bellis
658 2339 737 2398 inter
751 2339 932 2398 christianos
947 2338 1107 2416 principes,
1129 2343 1200 2414 qorot
1214 2336 1346 2395 eruentis
1361 2335 1512 2395 seditioni·

258 2437 317 2494 bus
339 2435 466 2494 stratio
488 2441 520 2494 et
540 2437 626 2512 copia
647 2439 802 2496 subtracta
814 2441 831 2506 ¹,
861 2442 933 2512 quot
961 2436 1134 2513 populorum
1154 2435 1235 2494 vires
1257 2439 1345 2511 atque
1366 2434 1509 2502 thesauri,

260 2551 342 2592 nunc
370 2533 521 2592 sexcentis
550 2534 665 2594 alendis
694 2535 902 2610 armandisque
930 2533 1113 2593 exercitibus
1139 2533 1199 2591 iam
1226 2535 1297 2591 ante
1324 2533 1432 2591 bellum
1461 2549 1510 2591 ex·

259 2630 375 2698 haustiss
393 2649 447 2707 pro
469 2631 608 2708 operibus
629 2632 713 2708 pacis
735 2631 922 2703 conservati,
944 2637 1016 2707 quot
1037 2631 1163 2706 denique
1182 2629 1368 2706 problemata
1389 2629 1511 2706 politica

259 2733 291 2788 et
313 2727 447 2800 socialia,
469 2729 575 2804 quibus
596 2735 740 2806 perpetuo
762 2730 911 2805 agitamur
932 2736 963 2788 et
976 2728 1124 2804 angimur,
1145 2728 1249 2802 ignota
1262 2727 1456 2798 mansissent,
1471 2759 1509 2768 -

258 2825 318 2886 nisi
339 2825 488 2886 institutio
509 2827 540 2884 in
563 2847 595 2886 se
618 2833 679 2886 tam
701 2828 823 2904 grandis
845 2834 875 2886 et
896 2827 1047 2894 salutaris,
1070 2832 1228 2902 antequam
1250 2825 1405 2884 adversm
1425 2845 1510 2884 suam
1583 2889 1586 2894 ,

258 2925 462 2984 maturitatem
483 2925 664 3002 perveniret,
686 2925 751 2986 sive
771 2931 923 3003 potestate
944 2927 1047 3001 generi
1061 2926 1191 2984 humano
1204 2924 1325 2983 inimica
1340 2924 1405 2982 sive
1419 2923 1510 2982 homi·

259 3041 331 3080 num
351 3021 502 3098 pravitate
524 3021 611 3082 simul
633 3027 663 3082 et
684 3022 850 3099 improvida
872 3023 1001 3082 stultitia
1023 3021 1205 3082 corruisset?
1237 3055 1270 3062 -
1303 3021 1423 3080 Utinam
1445 3022 1510 3082 eius

260 3120 368 3179 saltem
396 3117 538 3179 memoria
566 3117 674 3178 futuris
704 3119 861 3196 aliquando
883 3120 1144 3194 generationibus,
1172 3117 1302 3179 uberiori
1324 3117 1510 3195 experientia

260 3215 385 3288 edoctis,
407 3215 486 3276 viam
508 3221 735 3288 commonstret,
758 3237 833 3293 quae
855 3217 937 3276 ducit
958 3217 995 3276 ad
1016 3237 1121 3294 paoem
1142 3223 1172 3276 et
1193 3236 1296 3275 verum
1316 3237 1509 3294 progressum

260 3314 456 3374 humanitatis
466 3319 472 3373 l
483 3317 494 3350 ²

355 3439 361 3472 ¹
382 3441 461 3506 Hispo
483 3441 607 3507 Grotius,
633 3437 685 3492 Pro
704 3455 771 3508 paee
790 3437 886 3492 eccles.
908 3437 1002 3506 (1679)
1025 3438 1135 3493 11659:
1165 3437 1252 3504 ,Quot
1276 3437 1389 3492 dissidia
1414 3443 1512 3492 sanata

261 3525 317 3580 sint
336 3527 499 3581 auctoritate
518 3527 655 3582 Romanas
675 3525 765 3589 Sedis,
785 3527 892 3596 quoties
910 3543 1042 3596 oppressa
1060 3526 1214 3580 innocentia
1232 3525 1269 3580 ibi
1288 3525 1451 3596 praesidium
1471 3543 1512 3580 rc·

262 3617 376 3686 pererit,
403 3631 455 3669 uon
481 3616 564 3670 alium
590 3619 688 3670 testem
716 3631 796 3684 quam
811 3657 817 3670 .
832 3655 859 3670 ..
879 3614 1050 3669 blondellum
1075 3615 1162 3668 volo.l
1202 3615 1244 3669 cf.
1263 3617 1405 3684 Ltnpcrd,
1432 3616 1512 3684 Engl.

264 3703 428 3758 Geschiohte
447 3703 485 3758 lV
505 3705 553 3761 72:
575 3706 615 3758 De
634 3705 748 3758 Mutare
766 3704 794 3756 in
813 3721 856 3773 op.
876 3703 918 3756 Du
938 3703 1022 3772 Papo,
1041 3703 1090 3756 lll.

352 3793 555 3860 ‘Leuctrica
581 3808 746 3862 quamquam
772 3791 954 3857 acatholicus,
981 3793 1071 3847 dicero
1088 3810 1142 3845 non
1167 3791 1320 3846 dubitavit:
1348 3792 1433 3858 ,Will
1450 3807 1513 3846 man

265 3881 314 3934 das
332 3879 447 3948 geldone
466 3881 594 3934 Zeitalter
613 3879 823 3944 zurflclrfithren,
843 3897 873 3933 so
892 3897 967 3933 mnes
986 3897 1050 3933 meu
1069 3897 1117 3934 aur
1129 3879 1310 3945 Schlichtuug
1328 3880 1376 3933 der
1389 3879 1513 3948 Streitig·

264 3969 355 4022 keiten
381 3973 462 4023 untsr
487 3969 538 4022 den
562 3969 677 4022 Fllrstsn
702 3967 746 4022 ein
772 3967 902 4022 Trihuual
928 3967 1065 4021 errichteu
1091 3967 1145 4021 und
1172 3967 1224 4021 den
1250 3969 1336 4038 Papst
1359 3986 1420 4021 auur
1446 3967 1513 4022 Vor-

265 4057 403 4112 sitzsuden
423 4055 566 4111 desselben
585 4057 707 4122 macheu,
727 4057 778 4111 wie
798 4075 827 4110 er
846 4057 916 4110 denn
935 4057 963 4110 in
983 4055 1130 4110 Wahrheit
1147 4057 1219 4110 eiust
1237 4057 1285 4110 dar
1303 4056 1416 4110 Richter
1433 4059 1514 4110 uuler

266 4146 318 4199 don
336 4145 511 4200 christlichsn
526 4146 689 4199 Potentatsn
709 4161 835 4214 genesen
849 4147 908 4199 iet*
938 4145 1062 4199 Oeuvres
1074 4144 1099 4196 V
1113 4146 1155 4199 65.
1178 4145 1263 4198 lmmo
1276 4145 1406 4198 Leibniaii
1418 4147 1513 4198 votum

266 4234 412 4288 novissime
430 4234 501 4290 alius
520 4236 563 4288 vir
581 4233 763 4300 acatholicus,
782 4234 830 4290 Dr.
849 4234 1005 4304 Urquhart,
1024 4233 1213 4302 magnanimus
1231 4233 1354 4302 Anglus,
1372 4231 1514 4288 occasione

267 4323 371 4378 concilii
390 4323 516 4378 Vaticani
543 4341 643 4391 magno
669 4323 759 4378 studio
784 4323 1026 4391 redintegrandum
1044 4327 1072 4376 et
1090 4322 1228 4392 practicae
1246 4321 1434 4376 deliberationi
1452 4322 1514 4375 sub-

266 4411 408 4466 iiciendum
428 4413 557 4482 suscepit.
594 4411 655 4465 Nou
680 4411 768 4466 solum
788 4412 909 4480 anglice,
934 4417 965 4465 ut
984 4412 1012 4465 iu
1030 4412 1166 4482 periodico
1187 4410 1366 4480 ,Diplomatic
1385 4409 1511 4463 Review‘

267 4517 326 4554 aun.
347 4499 430 4564 1869,
457 4499 504 4554 sed
531 4503 559 4554 et
584 4499 832 4554 elucubrationibus
855 4499 954 4568 gallico
980 4500 1143 4570 conscriptis
1168 4499 1281 4553 eandem
1307 4499 1395 4552 ideam
1415 4499 1515 4553 acriter

267 4589 455 4660 propugnavit.
482 4589 521 4643 Eo
539 4592 667 4659 spectant
686 4590 745 4643 eius
763 4589 907 4660 opuscula:
930 4589 1034 4659 ,Appel
1053 4588 1116 4642 d’un
1130 4589 1290 4642 Protestant
1307 4605 1342 4640 au
1356 4588 1429 4658 Pape
1447 4606 1514 4658 pour

267 4679 294 4731 le
312 4676 529 4731 retablissemsnt
548 4678 583 4730 du
603 4677 675 4731 droit
692 4677 821 4746 publique
841 4678 889 4731 des
907 4677 1043 4740 nations‘,
1068 4677 1148 4731 Paris
1169 4677 1252 4741 1869;
1278 4681 1306 4730 et
1328 4676 1382 4742 ,ha
1399 4676 1514 4732 Restan-

267 4764 351 4820 ration
372 4765 407 4818 du
426 4765 498 4818 droit
515 4767 628 4830 canon‘,
655 4764 773 4818 Loudres
796 4766 872 4820 1869.
910 4765 951 4820 cf.
971 4765 1051 4820 Oard.
1071 4767 1285 4834 Herpenrdther,
1312 4765 1394 4820 Kath.
1413 4767 1515 4821 Kirche

268 4853 321 4908 und
339 4853 443 4906 christl.
463 4853 541 4908 Staat
559 4854 571 4906 I
591 4853 607 4921 5
629 4854 660 4906 15
674 4869 740 4922 sqq;
765 4855 868 4922 Stoeni,
894 4854 922 4908 in
941 4855 1041 4923 period.
1064 4854 1225 4921 ,Kstholilr“
1249 4855 1332 4920 1877,
1356 4855 1382 4908 ll
1399 4856 1436 4909 42
1448 4873 1513 4925 sqq;

268 4945 295 4996 et
316 4939 385 5006 ,Das
404 4939 591 4995 Christsutum
610 4941 663 4994 und
684 4941 727 4994 die
746 4957 860 5010 grossen
879 4941 1035 5010 Zeitfragen
1054 4943 1103 4996 der
1121 4941 1300 5009 Gegcuuart'
1323 4941 1349 4996 11
1368 4944 1410 4997 21.
1437 4943 1513 4999 stud.

268 5031 356 5085 Mainz
377 5029 454 5084 1880.
