3909 5842
613 668 752 723 Kantiana
771 668 837 723 iuris
857 668 918 723 idea
936 669 1032 723 critice
1050 667 1211 725 excluditur,
1473 676 1539 740 423

291 848 404 912 borum
435 844 585 911 formulis
616 866 785 931 expressa,
815 850 883 923 aut,
914 848 1037 931 partim
1067 847 1246 913 secundum
1268 847 1396 913 Fichtei
1419 850 1539 933 partim

292 952 468 1019 secundum
498 952 630 1017 aliunde
660 956 819 1035 concepta
841 950 1136 1037 philosophema,
1166 954 1241 1037 plus
1263 954 1413 1020 minusve
1435 955 1540 1021 modi·

291 1061 390 1127 ficata
420 1062 565 1125 exstant.
620 1057 658 1123 In
695 1058 857 1125 nonnullis
891 1058 990 1125 etiam
1024 1060 1199 1125 laudabilis
1234 1065 1373 1127 conatus
1402 1066 1542 1145 apparet

292 1166 349 1231 illa
372 1186 444 1231 cum
468 1164 669 1232 conscientia
691 1166 808 1231 morali
832 1170 867 1232 et
883 1166 1072 1245 christiana,
1096 1166 1126 1231 si
1140 1188 1204 1249 quo
1225 1167 1322 1233 modo
1337 1168 1408 1233 fieri
1423 1169 1539 1251 possit,

292 1271 493 1351 conciliandi,
507 1292 621 1337 verum
638 1271 818 1338 subiectivo
830 1271 937 1354 magis
950 1293 1048 1354 quam
1060 1272 1222 1339 obiectivo
1234 1294 1398 1341 successu.
1421 1274 1538 1358 Itaque

290 1400 349 1463 per
377 1379 437 1445 hos
469 1378 612 1443 maxime
643 1378 768 1443 rivulos
799 1376 832 1443 in
864 1377 1040 1444 Germania
1068 1379 1313 1445 rationalismus
1342 1380 1473 1447 socialis
1503 1386 1539 1448 et

291 1484 453 1567 politicus,
479 1504 574 1566 quem
598 1482 789 1549 liberalismi
813 1483 943 1549 nomine
967 1484 1068 1566 vulgo
1087 1484 1399 1568 comprehendimus,
1423 1487 1457 1551 in
1472 1488 1540 1571 pri·

292 1612 377 1657 mam
394 1590 566 1675 praeteriti
582 1590 704 1656 saeculi
717 1589 962 1674 generationem
975 1611 1019 1655 ex
1031 1591 1194 1657 communi
1205 1590 1263 1657 illo
1274 1590 1367 1657 fonte
1379 1593 1537 1673 manavit,

291 1703 390 1781 atque
422 1698 511 1777 inde,
547 1702 679 1781 sumptu
711 1696 792 1763 iuris
823 1694 957 1780 positivi
990 1696 1152 1775 historici,
1186 1718 1308 1781 vagum
1338 1698 1539 1765 reformandi

290 1809 414 1871 motum
444 1804 477 1869 in
508 1804 695 1871 universam
726 1801 1016 1887 iurisprudentiam
1047 1807 1083 1869 et
1114 1803 1286 1887 speciatim
1308 1803 1343 1868 in
1366 1804 1539 1871 scientiam

291 1911 370 1977 iuris
393 1910 514 1996 publici
536 1909 649 1977 intulit
659 1912 680 1977 ¹.

387 2054 460 2135 §2
496 2052 713 2119 Kantiana
743 2050 850 2116 iuris
879 2050 974 2116 idea
1004 2050 1158 2117 critice
1189 2052 1443 2119 excluditur.

291 2167 360 2241 524.
450 2170 534 2235 Iuris
558 2170 735 2251 conceptus
758 2187 779 2232 a
801 2166 1027 2233 rationalismo
1051 2166 1218 2233 Kantiano
1240 2166 1403 2247 inductus,
1435 2173 1473 2233 ut
1496 2190 1539 2234 ex

290 2274 472 2359 praemissa
496 2270 701 2358 expositione
724 2271 806 2338 satis
830 2276 979 2356 apparot,
1004 2293 1069 2339 non
1093 2272 1268 2339 arbitrario
1292 2278 1351 2340 aut
1372 2295 1462 2340 mere
1481 2296 1539 2340 ex-

291 2386 396 2459 terno,
428 2380 486 2446 sed
515 2380 613 2464 plane
643 2378 771 2444 interno
802 2383 837 2444 et
859 2378 965 2461 logice
989 2380 1174 2445 necessario
1198 2400 1285 2444 nexu
1309 2400 1382 2445 cum
1405 2378 1539 2445 summis

291 2487 457 2571 principiis
482 2489 599 2552 ethicae
622 2486 809 2552 Kantianae
832 2484 1056 2567 (autonomiae
1078 2485 1230 2567 rationis)
1254 2484 1409 2552 cohaeret
1424 2485 1466 2551 ab
1482 2484 1533 2550 iis·

291 2610 354 2675 que
384 2593 490 2660 instar
520 2590 685 2657 corollarii
715 2590 856 2656 derivari
887 2590 1005 2657 merito
1031 2590 1187 2656 dicendus
1211 2597 1271 2658 est.
1319 2589 1540 2675 Aprincipiis

291 2706 412 2779 autom,
444 2720 528 2782 quae
558 2720 617 2783 per
644 2720 680 2763 se
703 2698 790 2763 falsa
813 2702 847 2763 et
869 2718 949 2762 vero
972 2697 1126 2763 rationali
1149 2696 1254 2762 ordini
1278 2696 1444 2763 contraria
1467 2718 1539 2763 esse

292 2806 411 2871 dudum
437 2805 743 2883 demonstravimus,
776 2804 902 2870 nonnisi
932 2804 1051 2869 similia
1075 2804 1243 2869 dimanare
1267 2803 1440 2869 corollaria
1463 2824 1538 2887 pos-

292 2917 384 2988 sunt;
410 2932 547 2995 quorum
566 2910 621 2977 ubi
637 2911 776 2995 primum
793 2911 858 2977 ista
874 2910 1036 2977 nativitas
1052 2910 1247 2989 constiterit,
1270 2931 1330 2994 per
1345 2932 1418 2976 eam
1433 2909 1538 2993 ipsam

291 3018 437 3101 legitime
470 3019 664 3085 iudicantur.
711 3018 810 3084 Iuvat
841 3022 953 3083 tamen
986 3016 1087 3083 etiam
1117 3016 1152 3081 in
1181 3017 1222 3081 iis
1250 3016 1331 3101 ipsis
1362 3017 1538 3101 praecipua

290 3124 422 3207 signare
438 3130 613 3203 momenta,
632 3125 748 3207 quibus
764 3124 921 3189 falsorum
938 3122 1171 3207 principiorum
1188 3123 1350 3205 condigna
1365 3123 1539 3206 progenies

291 3252 363 3296 csse
387 3235 638 3313 cognoscantur.

901 3318 932 3369 A.

290 3396 360 3469 525.
448 3387 605 3471 Thetis
633 3386 786 3470 XLVI.
827 3410 919 3471 Iuris
940 3409 1165 3488 philosophia,
1186 3426 1273 3487 qnae
1293 3410 1430 3474 nomine
1451 3412 1537 3473 iuris

290 3507 383 3569 alind
403 3525 473 3570 uon
488 3508 636 3585 concipit
650 3524 750 3585 quam
765 3509 998 3587 „complexum
1015 3525 1131 3571 aarum
1145 3506 1393 3585 condicionum,
1415 3508 1538 3586 quihus

291 3604 558 3682 uniuscuiusque
585 3605 727 3667 libertas
756 3622 831 3667 cum
858 3604 1017 3667 libertate
1045 3605 1188 3666 aliorum
1216 3604 1401 3667 secundum
1428 3606 1538 3686 logum

290 3703 484 3780 generalem
506 3702 681 3765 conciliari
709 3704 841 3780 possit“
862 3739 900 3747 —
923 3708 983 3765 aut
1011 3720 1097 3781 quae
1122 3702 1360 3780 quodcumque
1381 3704 1480 3767 modo
1501 3706 1537 3767 in

290 3800 364 3859 sola
385 3800 556 3875 personali
578 3800 755 3879 libertate,
776 3818 836 3878 per
857 3818 895 3863 se
917 3806 951 3863 et
973 3800 1128 3863 absolute
1149 3804 1322 3879 spectata,
1343 3818 1536 3878 supremum

290 3896 397 3957 idealc
419 3896 678 3958 fundamentum
707 3897 793 3959 iuris
822 3898 925 3960 situm
947 3915 1024 3960 esse
1045 3897 1160 3975 docet,
1190 3899 1378 3977 genuinum
1400 3900 1537 3961 charac-

291 4002 397 4058 terem
419 4000 452 4057 et
473 3995 627 4060 nativam
649 3997 868 4058 sanctitatem
889 3996 975 4058 iuris
998 3996 1098 4072 plane
1119 3996 1278 4058 destruit.

290 4132 357 4185 such
377 4130 452 4184 einer
464 4129 620 4184 Deduktion
639 4128 687 4182 des
700 4128 802 4182 Rechts
821 4146 870 4181 aus
884 4128 935 4181 den
948 4128 1080 4181 hochsten
1095 4127 1224 4182 Griinden
1237 4127 1285 4181 des
1298 4126 1432 4191 Wissens,
1453 4128 1537 4193 1801:

291 4219 467 4289 Metaphysik
487 4220 535 4272 des
553 4217 665 4283 Rechts,
686 4218 770 4279 1802;
792 4220 870 4285 Grec,
891 4215 1034 4271 Lehrbuch
1054 4216 1102 4269 des
1120 4215 1310 4280 Naturrechts,
1332 4216 1408 4280 1802,
1427 4216 1453 4271 6.
1466 4218 1537 4272 Aufl.

292 4309 376 4371 1841;
402 4310 496 4373 Fries,
523 4306 746 4376 Philosophische
765 4304 945 4359 Rechtslehre
972 4304 1027 4359 und
1053 4304 1145 4357 Kritilr
1171 4303 1240 4357 aller
1265 4305 1402 4374 positiven
1428 4305 1537 4359 Gesetz-

290 4396 407 4462 gebung,
429 4396 513 4458 18035
534 4395 666 4463 Schmclc,
686 4392 837 4448 Handbuch
857 4394 904 4447 der
923 4390 1212 4462 Rechtsphilosophis,
1234 4392 1316 4455 1807;
1336 4394 1437 4461 Bauer,
1456 4393 1537 4447 Lehr-

290 4484 361 4538 buch
380 4486 428 4539 des
446 4484 636 4549 Naturrechts,
657 4482 734 4548 1808,
754 4482 778 4536 8.
798 4482 869 4537 Aufl.
891 4482 975 4545 1825;
995 4482 1097 4550 Monac,
1116 4479 1265 4534 Grundriss
1283 4481 1331 4534 des
1349 4480 1537 4546 Naturrechts,

292 4574 374 4637 18083
392 4576 481 4641 Krup,
501 4570 739 4626 Naturreohtlichs
753 4569 979 4639 Abhandlungen,
1002 4570 1068 4624 1811
1078 4590 1085 4633 ;
1105 4570 1224 4637 Walter,
1243 4568 1294 4621 Die
1312 4568 1414 4623 letzten
1428 4568 1538 4625 Grtinde

290 4679 343 4715 von
362 4661 461 4725 Recht,
488 4660 567 4713 Stant
591 4660 646 4713 und
665 4660 769 4723 Strafs,
798 4660 880 4723 1813;
908 4657 1064 4726 Dictologie
1089 4657 1154 4710 oder
1179 4655 1398 4726 philosophische
1423 4658 1538 4713 Rechts·

290 4744 373 4815 lehre,
395 4750 470 4813 1817,
491 4748 515 4802 2.
536 4748 705 4813 nufl.1830;
724 4748 1008 4816 aDroste-Hitlahoff,
1028 4744 1171 4800 Lohrbuch
1190 4744 1239 4799 des
1251 4744 1439 4811 Naturrechts‚
1460 4749 1537 4813 1823,

289 4836 314 4889 2.
329 4835 398 4888 hufl.
420 4837 502 4900 1831;
524 4838 639 4903 Rottccic,
662 4835 804 4890 Lehrbuch
823 4836 871 4890 des
891 4835 1129 4898 Vernunitrechts,
1151 4834 1228 4900 1829,
1247 4835 1274 4887 2.
1296 4834 1367 4887 Aufl.
1388 4834 1464 4898 1841,
1485 4838 1536 4888 etc.

382 4925 389 4955 ¹
410 4922 450 4976 Gi.
471 4926 637 4994 Wcrnho'nip
659 4924 677 4979 l.
698 4942 720 4979 c.
746 4924 825 4991 §cn
863 4926 895 4978 F.
915 4926 943 4977 J.
964 4924 1057 4992 scanz,
1083 4922 1249 4976 Geschichte
1275 4923 1324 4976 der
1348 4922 1537 4993 Rechtsphilo·

289 5011 391 5081 sophie,
411 5012 435 5066 3.
455 5012 539 5068 Buch.
