<?xml version="1.0" encoding="UTF-8"?>
<!DOCTYPE html PUBLIC "-//W3C//DTD XHTML 1.0 Transitional//EN"
    "http://www.w3.org/TR/xhtml1/DTD/xhtml1-transitional.dtd">
<html xmlns="http://www.w3.org/1999/xhtml" xml:lang="en" lang="en">
 <head>
  <title>
</title>
<meta http-equiv="Content-Type" content="text/html;charset=utf-8" />
  <meta name='ocr-system' content='tesseract 3.04.00' />
  <meta name='ocr-capabilities' content='ocr_page ocr_carea ocr_par ocr_line ocrx_word'/>
</head>
<body>
  <div class='ocr_page' id='page_1' title='image "./institutionesiu00meyegoog_0127.png"; bbox 0 0 3909 5842; ppageno 0'>
   <div class='ocr_carea' id='block_1_1' title="bbox 717 680 1531 749">
    <p class='ocr_par' dir='ltr' id='par_1_1' title="bbox 717 680 1531 749">
     <span class='ocr_line' id='line_1_1' title="bbox 717 680 1531 749; baseline 0.001 -14"><span class='ocrx_word' id='word_1_1' title='bbox 717 680 757 735; x_wconf 90' lang='lat' dir='ltr'><strong>De</strong></span> <span class='ocrx_word' id='word_1_2' title='bbox 775 680 932 735; x_wconf 86' lang='lat' dir='ltr'><strong>delinitione</strong></span> <span class='ocrx_word' id='word_1_3' title='bbox 949 680 1094 735; x_wconf 79' lang='lat' dir='ltr'>libertatis.</span> <span class='ocrx_word' id='word_1_4' title='bbox 1490 684 1531 749; x_wconf 85' lang='lat'><strong>75</strong></span> 
     </span>
    </p>
   </div>
   <div class='ocr_carea' id='block_1_2' title="bbox 206 856 1532 4243">
    <p class='ocr_par' dir='ltr' id='par_1_2' title="bbox 206 856 1532 1683">
     <span class='ocr_line' id='line_1_2' title="bbox 370 856 1532 943; baseline -0.001 -20"><span class='ocrx_word' id='word_1_5' title='bbox 370 856 520 940; x_wconf 87' lang='lat' dir='ltr'><strong>Utraque</strong></span> <span class='ocrx_word' id='word_1_6' title='bbox 543 858 625 923; x_wconf 89' lang='lat' dir='ltr'><strong>haec</strong></span> <span class='ocrx_word' id='word_1_7' title='bbox 644 857 866 924; x_wconf 83' lang='lat' dir='ltr'><strong>indifferentia</strong></span> <span class='ocrx_word' id='word_1_8' title='bbox 881 880 996 923; x_wconf 89' lang='lat' dir='ltr'><strong>rursus</strong></span> <span class='ocrx_word' id='word_1_9' title='bbox 1012 858 1133 941; x_wconf 85' lang='lat' dir='ltr'>duplex</span> <span class='ocrx_word' id='word_1_10' title='bbox 1150 856 1379 940; x_wconf 76' lang='lat' dir='ltr'><strong>distinguitur:</strong></span> <span class='ocrx_word' id='word_1_11' title='bbox 1399 860 1532 943; x_wconf 81' lang='lat' dir='ltr'><strong>passivo</strong></span> 
     </span>
     <span class='ocr_line' id='line_1_3' title="bbox 272 961 1531 1047; baseline -0.001 -20"><span class='ocrx_word' id='word_1_12' title='bbox 272 967 311 1028; x_wconf 91' lang='lat' dir='ltr'><strong>et</strong></span> <span class='ocrx_word' id='word_1_13' title='bbox 337 966 450 1029; x_wconf 79' lang='lat' dir='ltr'><strong>activa.</strong></span> <span class='ocrx_word' id='word_1_14' title='bbox 482 964 619 1029; x_wconf 77' lang='lat' dir='ltr'><strong>Persico</strong></span> <span class='ocrx_word' id='word_1_15' title='bbox 643 966 676 1029; x_wconf 90' lang='lat' dir='ltr'><strong>in</strong></span> <span class='ocrx_word' id='word_1_16' title='bbox 692 985 732 1030; x_wconf 92' lang='lat' dir='ltr'><strong>eo</strong></span> <span class='ocrx_word' id='word_1_17' title='bbox 748 965 910 1042; x_wconf 81' lang='lat' dir='ltr'><strong>consistit,</strong></span> <span class='ocrx_word' id='word_1_18' title='bbox 934 964 1022 1047; x_wconf 86' lang='lat' dir='ltr'><strong>quod</strong></span> <span class='ocrx_word' id='word_1_19' title='bbox 1038 964 1159 1046; x_wconf 85' lang='lat' dir='ltr'><strong>aliquid</strong></span> <span class='ocrx_word' id='word_1_20' title='bbox 1175 964 1217 1029; x_wconf 91' lang='lat' dir='ltr'><strong>ab</strong></span> <span class='ocrx_word' id='word_1_21' title='bbox 1235 966 1406 1029; x_wconf 75' lang='lat' dir='ltr'><strong>extrinseco</strong></span> <span class='ocrx_word' id='word_1_22' title='bbox 1422 961 1531 1028; x_wconf 87' lang='lat' dir='ltr'><strong>deter-</strong></span> 
     </span>
     <span class='ocr_line' id='line_1_4' title="bbox 272 1068 1531 1155; baseline 0.001 -22"><span class='ocrx_word' id='word_1_23' title='bbox 272 1068 397 1134; x_wconf 89' lang='lat' dir='ltr'><strong>minari</strong></span> <span class='ocrx_word' id='word_1_24' title='bbox 427 1068 533 1153; x_wconf 84' lang='lat' dir='ltr'><strong>possit</strong></span> <span class='ocrx_word' id='word_1_25' title='bbox 563 1072 605 1135; x_wconf 89' lang='lat' dir='ltr'><strong>ad</strong></span> <span class='ocrx_word' id='word_1_26' title='bbox 637 1071 700 1136; x_wconf 91' lang='lat' dir='ltr'><strong>duo</strong></span> <span class='ocrx_word' id='word_1_27' title='bbox 724 1071 876 1155; x_wconf 89' lang='lat' dir='ltr'><strong>opposita</strong></span> <span class='ocrx_word' id='word_1_28' title='bbox 899 1072 951 1137; x_wconf 90' lang='lat' dir='ltr'><strong>vel</strong></span> <span class='ocrx_word' id='word_1_29' title='bbox 977 1071 1118 1139; x_wconf 89' lang='lat' dir='ltr'><strong>diversa.</strong></span> <span class='ocrx_word' id='word_1_30' title='bbox 1167 1070 1220 1136; x_wconf 87' lang='lat' dir='ltr'><strong>Sic</strong></span> <span class='ocrx_word' id='word_1_31' title='bbox 1244 1091 1321 1136; x_wconf 90' lang='lat' dir='ltr'><strong>cera</strong></span> <span class='ocrx_word' id='word_1_32' title='bbox 1343 1068 1531 1135; x_wconf 82' lang='lat' dir='ltr'><strong>indifferens</strong></span> 
     </span>
     <span class='ocr_line' id='line_1_5' title="bbox 274 1175 1532 1259; baseline 0.002 -20"><span class='ocrx_word' id='word_1_33' title='bbox 274 1179 333 1241; x_wconf 88' lang='lat' dir='ltr'><strong>est</strong></span> <span class='ocrx_word' id='word_1_34' title='bbox 354 1176 398 1241; x_wconf 90' lang='lat' dir='ltr'><strong>ad</strong></span> <span class='ocrx_word' id='word_1_35' title='bbox 419 1175 642 1259; x_wconf 85' lang='lat' dir='ltr'><strong>accipiendam</strong></span> <span class='ocrx_word' id='word_1_36' title='bbox 666 1176 807 1242; x_wconf 90' lang='lat' dir='ltr'><strong>formam</strong></span> <span class='ocrx_word' id='word_1_37' title='bbox 822 1176 997 1242; x_wconf 82' lang='lat' dir='ltr'><strong>rotundam</strong></span> <span class='ocrx_word' id='word_1_38' title='bbox 1015 1176 1068 1242; x_wconf 90' lang='lat' dir='ltr'><strong>vel</strong></span> <span class='ocrx_word' id='word_1_39' title='bbox 1086 1177 1292 1259; x_wconf 88' lang='lat' dir='ltr'><strong>quadratam.</strong></span> <span class='ocrx_word' id='word_1_40' title='bbox 1324 1178 1437 1241; x_wconf 80' lang='lat' dir='ltr'><strong>Aetiea</strong></span> <span class='ocrx_word' id='word_1_41' title='bbox 1452 1175 1532 1241; x_wconf 90' lang='lat' dir='ltr'><strong>solis</strong></span> 
     </span>
     <span class='ocr_line' id='line_1_6' title="bbox 273 1282 1530 1368; baseline 0.001 -22"><span class='ocrx_word' id='word_1_42' title='bbox 273 1282 449 1366; x_wconf 85' lang='lat' dir='ltr'><strong>principiis</strong></span> <span class='ocrx_word' id='word_1_43' title='bbox 480 1283 657 1365; x_wconf 82' lang='lat' dir='ltr'><strong>agentibus</strong></span> <span class='ocrx_word' id='word_1_44' title='bbox 690 1284 866 1349; x_wconf 89' lang='lat' dir='ltr'><strong>convenire</strong></span> <span class='ocrx_word' id='word_1_45' title='bbox 896 1288 1022 1368; x_wconf 90' lang='lat' dir='ltr'><strong>potest,</strong></span> <span class='ocrx_word' id='word_1_46' title='bbox 1055 1288 1091 1351; x_wconf 89' lang='lat' dir='ltr'><strong>et</strong></span> <span class='ocrx_word' id='word_1_47' title='bbox 1120 1287 1172 1349; x_wconf 89' lang='lat' dir='ltr'><strong>est</strong></span> <span class='ocrx_word' id='word_1_48' title='bbox 1202 1285 1252 1348; x_wconf 89' lang='lat' dir='ltr'><strong>vis</strong></span> <span class='ocrx_word' id='word_1_49' title='bbox 1283 1284 1324 1349; x_wconf 90' lang='lat' dir='ltr'><strong>ab</strong></span> <span class='ocrx_word' id='word_1_50' title='bbox 1353 1282 1530 1349; x_wconf 88' lang='lat' dir='ltr'><strong>intrinseco</strong></span> 
     </span>
     <span class='ocr_line' id='line_1_7' title="bbox 206 1388 1531 1473; baseline 0.001 -21"><span class='ocrx_word' id='word_1_51' title='bbox 206 1415 210 1419; x_wconf 91' lang='grc'><em>·</em></span> <span class='ocrx_word' id='word_1_52' title='bbox 274 1388 440 1466; x_wconf 85' lang='lat' dir='ltr'><strong>effectrix,</strong></span> <span class='ocrx_word' id='word_1_53' title='bbox 471 1408 580 1472; x_wconf 81' lang='lat' dir='ltr'><strong>capax</strong></span> <span class='ocrx_word' id='word_1_54' title='bbox 609 1389 652 1454; x_wconf 89' lang='lat' dir='ltr'><strong>ad</strong></span> <span class='ocrx_word' id='word_1_55' title='bbox 682 1389 834 1472; x_wconf 87' lang='lat' dir='ltr'><strong>opposita</strong></span> <span class='ocrx_word' id='word_1_56' title='bbox 864 1391 918 1456; x_wconf 89' lang='lat' dir='ltr'><strong>vel</strong></span> <span class='ocrx_word' id='word_1_57' title='bbox 942 1389 1085 1455; x_wconf 86' lang='lat' dir='ltr'><strong>diversa.</strong></span> <span class='ocrx_word' id='word_1_58' title='bbox 1132 1390 1222 1455; x_wconf 84' lang='lat' dir='ltr'><strong>Talis</strong></span> <span class='ocrx_word' id='word_1_59' title='bbox 1246 1393 1298 1455; x_wconf 89' lang='lat' dir='ltr'><strong>est</strong></span> <span class='ocrx_word' id='word_1_60' title='bbox 1319 1390 1420 1456; x_wconf 87' lang='lat' dir='ltr'><strong>insita</strong></span> <span class='ocrx_word' id='word_1_61' title='bbox 1442 1388 1531 1473; x_wconf 84' lang='lat' dir='ltr'><strong>prin·</strong></span> 
     </span>
     <span class='ocr_line' id='line_1_8' title="bbox 275 1493 1529 1579; baseline 0 -20"><span class='ocrx_word' id='word_1_62' title='bbox 275 1493 365 1578; x_wconf 87' lang='lat' dir='ltr'><strong>cipio</strong></span> <span class='ocrx_word' id='word_1_63' title='bbox 396 1494 505 1561; x_wconf 86' lang='lat' dir='ltr'><strong>activo</strong></span> <span class='ocrx_word' id='word_1_64' title='bbox 536 1494 704 1579; x_wconf 86' lang='lat' dir='ltr'><strong>capacitas</strong></span> <span class='ocrx_word' id='word_1_65' title='bbox 734 1496 854 1578; x_wconf 81' lang='lat' dir='ltr'><strong>agendi</strong></span> <span class='ocrx_word' id='word_1_66' title='bbox 884 1497 938 1561; x_wconf 87' lang='lat' dir='ltr'><strong>vel</strong></span> <span class='ocrx_word' id='word_1_67' title='bbox 967 1518 1034 1562; x_wconf 91' lang='lat' dir='ltr'><strong>non</strong></span> <span class='ocrx_word' id='word_1_68' title='bbox 1064 1496 1183 1579; x_wconf 82' lang='lat' dir='ltr'><strong>agendi</strong></span> <span class='ocrx_word' id='word_1_69' title='bbox 1210 1496 1265 1559; x_wconf 91' lang='lat' dir='ltr'><strong>vel</strong></span> <span class='ocrx_word' id='word_1_70' title='bbox 1288 1496 1408 1577; x_wconf 87' lang='lat' dir='ltr'><strong>agendi</strong></span> <span class='ocrx_word' id='word_1_71' title='bbox 1431 1516 1529 1560; x_wconf 91' lang='lat' dir='ltr'><strong>unum</strong></span> 
     </span>
     <span class='ocr_line' id='line_1_9' title="bbox 273 1602 457 1683; baseline 0.011 -18"><span class='ocrx_word' id='word_1_72' title='bbox 273 1622 359 1683; x_wconf 88' lang='lat' dir='ltr'><strong>prae</strong></span> <span class='ocrx_word' id='word_1_73' title='bbox 383 1602 457 1667; x_wconf 89' lang='lat' dir='ltr'><strong>alio.</strong></span> 
     </span>
    </p>

    <p class='ocr_par' dir='ltr' id='par_1_3' title="bbox 273 1707 1530 2307">
     <span class='ocr_line' id='line_1_10' title="bbox 367 1707 1530 1795; baseline 0 -22"><span class='ocrx_word' id='word_1_74' title='bbox 367 1709 459 1774; x_wconf 90' lang='lat' dir='ltr'><strong>Mere</strong></span> <span class='ocrx_word' id='word_1_75' title='bbox 480 1712 645 1795; x_wconf 81' lang='lat' dir='ltr'><strong>passivam</strong></span> <span class='ocrx_word' id='word_1_76' title='bbox 668 1709 924 1777; x_wconf 84' lang='lat' dir='ltr'><strong>indifferentiam</strong></span> <span class='ocrx_word' id='word_1_77' title='bbox 946 1710 989 1775; x_wconf 86' lang='lat' dir='ltr'><strong>ad</strong></span> <span class='ocrx_word' id='word_1_78' title='bbox 1013 1711 1174 1777; x_wconf 89' lang='lat' dir='ltr'><strong>rationem</strong></span> <span class='ocrx_word' id='word_1_79' title='bbox 1191 1710 1284 1775; x_wconf 88' lang='lat' dir='ltr'><strong>liberi</strong></span> <span class='ocrx_word' id='word_1_80' title='bbox 1301 1707 1427 1775; x_wconf 84' lang='lat' dir='ltr'><strong>arbitrii</strong></span> <span class='ocrx_word' id='word_1_81' title='bbox 1443 1707 1530 1773; x_wconf 89' lang='lat' dir='ltr'><strong>haud</strong></span> 
     </span>
     <span class='ocr_line' id='line_1_11' title="bbox 273 1813 1527 1901; baseline 0.002 -24"><span class='ocrx_word' id='word_1_82' title='bbox 273 1813 429 1879; x_wconf 86' lang='lat' dir='ltr'><strong>sufficere</strong></span> <span class='ocrx_word' id='word_1_83' title='bbox 452 1820 550 1881; x_wconf 87' lang='lat' dir='ltr'><strong>extra</strong></span> <span class='ocrx_word' id='word_1_84' title='bbox 573 1836 701 1882; x_wconf 92' lang='lat' dir='ltr'><strong>omnem</strong></span> <span class='ocrx_word' id='word_1_85' title='bbox 726 1815 985 1883; x_wconf 89' lang='lat' dir='ltr'><strong>controversiam</strong></span> <span class='ocrx_word' id='word_1_86' title='bbox 1008 1820 1043 1883; x_wconf 92' lang='lat' dir='ltr'><strong>et</strong></span> <span class='ocrx_word' id='word_1_87' title='bbox 1066 1838 1126 1901; x_wconf 87' lang='lat' dir='ltr'><strong>per</strong></span> <span class='ocrx_word' id='word_1_88' title='bbox 1148 1838 1184 1883; x_wconf 91' lang='lat' dir='ltr'><strong>se</strong></span> <span class='ocrx_word' id='word_1_89' title='bbox 1206 1816 1341 1882; x_wconf 90' lang='lat' dir='ltr'><strong>evidens</strong></span> <span class='ocrx_word' id='word_1_90' title='bbox 1364 1820 1425 1894; x_wconf 90' lang='lat' dir='ltr'><strong>est,</strong></span> <span class='ocrx_word' id='word_1_91' title='bbox 1457 1836 1527 1880; x_wconf 87' lang='lat' dir='ltr'><strong>curn</strong></span> 
     </span>
     <span class='ocr_line' id='line_1_12' title="bbox 275 1921 1529 2007; baseline 0.003 -24"><span class='ocrx_word' id='word_1_92' title='bbox 275 1923 374 1985; x_wconf 85' lang='lat' dir='ltr'><strong>actus</strong></span> <span class='ocrx_word' id='word_1_93' title='bbox 397 1942 418 1987; x_wconf 90' lang='lat' dir='ltr'><strong>a</strong></span> <span class='ocrx_word' id='word_1_94' title='bbox 440 1921 599 2006; x_wconf 88' lang='lat' dir='ltr'><strong>principio</strong></span> <span class='ocrx_word' id='word_1_95' title='bbox 622 1944 683 2006; x_wconf 93' lang='lat' dir='ltr'><strong>per</strong></span> <span class='ocrx_word' id='word_1_96' title='bbox 704 1944 740 1989; x_wconf 86' lang='lat' dir='ltr'><strong>se</strong></span> <span class='ocrx_word' id='word_1_97' title='bbox 764 1923 896 2007; x_wconf 89' lang='lat' dir='ltr'><strong>passivo</strong></span> <span class='ocrx_word' id='word_1_98' title='bbox 920 1924 1101 2007; x_wconf 82' lang='lat' dir='ltr'><strong>procedens</strong></span> <span class='ocrx_word' id='word_1_99' title='bbox 1123 1945 1163 1988; x_wconf 91' lang='lat' dir='ltr'><strong>ne</strong></span> <span class='ocrx_word' id='word_1_100' title='bbox 1179 1922 1385 1989; x_wconf 88' lang='lat' dir='ltr'><strong>voluntarius</strong></span> <span class='ocrx_word' id='word_1_101' title='bbox 1401 1921 1529 2005; x_wconf 88' lang='lat' dir='ltr'><strong>quidem</strong></span> 
     </span>
     <span class='ocr_line' id='line_1_13' title="bbox 276 2028 1529 2112; baseline 0.002 -21"><span class='ocrx_word' id='word_1_102' title='bbox 276 2047 352 2092; x_wconf 89' lang='lat' dir='ltr'><strong>esse</strong></span> <span class='ocrx_word' id='word_1_103' title='bbox 367 2033 490 2111; x_wconf 86' lang='lat' dir='ltr'><strong>posset.</strong></span> <span class='ocrx_word' id='word_1_104' title='bbox 522 2028 640 2110; x_wconf 88' lang='lat' dir='ltr'><strong>Itaque</strong></span> <span class='ocrx_word' id='word_1_105' title='bbox 656 2029 697 2095; x_wconf 88' lang='lat' dir='ltr'><strong>de</strong></span> <span class='ocrx_word' id='word_1_106' title='bbox 712 2030 934 2097; x_wconf 83' lang='lat' dir='ltr'><strong>indifferentia</strong></span> <span class='ocrx_word' id='word_1_107' title='bbox 950 2034 1053 2095; x_wconf 82' lang='lat' dir='ltr'><strong>uotiua</strong></span> <span class='ocrx_word' id='word_1_108' title='bbox 1070 2033 1200 2095; x_wconf 88' lang='lat' dir='ltr'><strong>tantum</strong></span> <span class='ocrx_word' id='word_1_109' title='bbox 1216 2029 1267 2095; x_wconf 89' lang='lat' dir='ltr'><strong>hio</strong></span> <span class='ocrx_word' id='word_1_110' title='bbox 1280 2028 1392 2111; x_wconf 88' lang='lat' dir='ltr'><strong>quaeri</strong></span> <span class='ocrx_word' id='word_1_111' title='bbox 1405 2032 1529 2112; x_wconf 90' lang='lat' dir='ltr'><strong>potest:</strong></span> 
     </span>
     <span class='ocr_line' id='line_1_14' title="bbox 276 2134 1530 2219; baseline 0.002 -23"><span class='ocrx_word' id='word_1_112' title='bbox 276 2136 389 2197; x_wconf 88' lang='lat' dir='ltr'><strong>utrum</strong></span> <span class='ocrx_word' id='word_1_113' title='bbox 414 2138 448 2200; x_wconf 91' lang='lat' dir='ltr'><strong>et</strong></span> <span class='ocrx_word' id='word_1_114' title='bbox 472 2154 537 2217; x_wconf 87' lang='lat' dir='ltr'><strong>qua</strong></span> <span class='ocrx_word' id='word_1_115' title='bbox 560 2135 748 2201; x_wconf 90' lang='lat' dir='ltr'><strong>condicione</strong></span> <span class='ocrx_word' id='word_1_116' title='bbox 771 2156 812 2202; x_wconf 91' lang='lat' dir='ltr'><strong>ea</strong></span> <span class='ocrx_word' id='word_1_117' title='bbox 835 2136 877 2201; x_wconf 91' lang='lat' dir='ltr'><strong>ad</strong></span> <span class='ocrx_word' id='word_1_118' title='bbox 900 2135 1077 2219; x_wconf 82' lang='lat' dir='ltr'><strong>genuinam</strong></span> <span class='ocrx_word' id='word_1_119' title='bbox 1096 2134 1260 2201; x_wconf 82' lang='lat' dir='ltr'><strong>libertatis</strong></span> <span class='ocrx_word' id='word_1_120' title='bbox 1275 2135 1437 2201; x_wconf 90' lang='lat' dir='ltr'><strong>rationem</strong></span> <span class='ocrx_word' id='word_1_121' title='bbox 1454 2156 1530 2200; x_wconf 85' lang='lat' dir='ltr'><strong>con·</strong></span> 
     </span>
     <span class='ocr_line' id='line_1_15' title="bbox 276 2238 840 2307; baseline 0.004 -2"><span class='ocrx_word' id='word_1_122' title='bbox 276 2238 481 2305; x_wconf 88' lang='lat' dir='ltr'><strong>stitueudam</strong></span> <span class='ocrx_word' id='word_1_123' title='bbox 504 2240 656 2307; x_wconf 88' lang='lat' dir='ltr'><strong>sufficere</strong></span> <span class='ocrx_word' id='word_1_124' title='bbox 678 2241 840 2307; x_wconf 88' lang='lat' dir='ltr'><strong>videatur.</strong></span> 
     </span>
    </p>

    <p class='ocr_par' dir='ltr' id='par_1_4' title="bbox 274 2344 1528 2644">
     <span class='ocr_line' id='line_1_16' title="bbox 368 2344 1528 2432; baseline 0 -21"><span class='ocrx_word' id='word_1_125' title='bbox 368 2344 440 2423; x_wconf 84' lang='lat' dir='ltr'><strong>Qua</strong></span> <span class='ocrx_word' id='word_1_126' title='bbox 469 2346 510 2412; x_wconf 92' lang='lat' dir='ltr'><strong>de</strong></span> <span class='ocrx_word' id='word_1_127' title='bbox 538 2368 575 2413; x_wconf 86' lang='lat' dir='ltr'><strong>re</strong></span> <span class='ocrx_word' id='word_1_128' title='bbox 605 2348 786 2415; x_wconf 90' lang='lat' dir='ltr'><strong>notandum</strong></span> <span class='ocrx_word' id='word_1_129' title='bbox 821 2348 927 2432; x_wconf 87' lang='lat' dir='ltr'><strong>ipsam</strong></span> <span class='ocrx_word' id='word_1_130' title='bbox 957 2347 1210 2414; x_wconf 85' lang='lat' dir='ltr'><strong>indifferentiam</strong></span> <span class='ocrx_word' id='word_1_131' title='bbox 1241 2351 1375 2412; x_wconf 73' lang='lat' dir='ltr'><strong>adivam</strong></span> <span class='ocrx_word' id='word_1_132' title='bbox 1409 2348 1528 2413; x_wconf 89' lang='lat' dir='ltr'><strong>iterum</strong></span> 
     </span>
     <span class='ocr_line' id='line_1_17' title="bbox 276 2452 1527 2541; baseline 0.002 -25"><span class='ocrx_word' id='word_1_133' title='bbox 276 2452 437 2536; x_wconf 81' lang='lat' dir='ltr'><strong>distingui</strong></span> <span class='ocrx_word' id='word_1_134' title='bbox 461 2475 559 2538; x_wconf 91' lang='lat' dir='ltr'><strong>posse</strong></span> <span class='ocrx_word' id='word_1_135' title='bbox 582 2454 761 2539; x_wconf 88' lang='lat' dir='ltr'><strong>duplicem:</strong></span> <span class='ocrx_word' id='word_1_136' title='bbox 786 2458 963 2541; x_wconf 71' lang='lat' dir='ltr'><strong>nepotivam</strong></span> <span class='ocrx_word' id='word_1_137' title='bbox 989 2477 1042 2519; x_wconf 84' lang='lat' dir='ltr'><strong>seu</strong></span> <span class='ocrx_word' id='word_1_138' title='bbox 1066 2463 1217 2520; x_wconf 83' lang='lat' dir='ltr'><strong>remotam</strong></span> <span class='ocrx_word' id='word_1_139' title='bbox 1242 2457 1276 2520; x_wconf 89' lang='lat' dir='ltr'><strong>et</strong></span> <span class='ocrx_word' id='word_1_140' title='bbox 1290 2456 1456 2539; x_wconf 81' lang='lat' dir='ltr'><strong>positivum</strong></span> <span class='ocrx_word' id='word_1_141' title='bbox 1473 2475 1527 2519; x_wconf 84' lang='lat' dir='ltr'><strong>seu</strong></span> 
     </span>
     <span class='ocr_line' id='line_1_18' title="bbox 274 2562 1226 2644; baseline -0.001 -20"><span class='ocrx_word' id='word_1_142' title='bbox 274 2562 469 2644; x_wconf 73' lang='lat' dir='ltr'><strong>proximam.</strong></span> <span class='ocrx_word' id='word_1_143' title='bbox 1222 2570 1226 2577; x_wconf 91' lang='lat'>&#39;</span> 
     </span>
    </p>

    <p class='ocr_par' dir='ltr' id='par_1_5' title="bbox 274 2664 1529 3795">
     <span class='ocr_line' id='line_1_19' title="bbox 369 2664 1529 2751; baseline -0.002 -20"><span class='ocrx_word' id='word_1_144' title='bbox 369 2667 525 2751; x_wconf 73' lang='lat' dir='ltr'><strong>Nepotiuo</strong></span> <span class='ocrx_word' id='word_1_145' title='bbox 549 2664 704 2750; x_wconf 88' lang='lat' dir='ltr'><strong>(remota)</strong></span> <span class='ocrx_word' id='word_1_146' title='bbox 728 2670 781 2732; x_wconf 91' lang='lat' dir='ltr'><strong>est</strong></span> <span class='ocrx_word' id='word_1_147' title='bbox 807 2666 1028 2733; x_wconf 85' lang='lat' dir='ltr'><strong>indifferentia</strong></span> <span class='ocrx_word' id='word_1_148' title='bbox 1050 2666 1199 2751; x_wconf 89' lang='lat' dir='ltr'><strong>principii</strong></span> <span class='ocrx_word' id='word_1_149' title='bbox 1225 2665 1335 2743; x_wconf 86' lang='lat' dir='ltr'><strong>activi,</strong></span> <span class='ocrx_word' id='word_1_150' title='bbox 1367 2669 1529 2747; x_wconf 89' lang='lat' dir='ltr'><strong>quatenus</strong></span> 
     </span>
     <span class='ocr_line' id='line_1_20' title="bbox 274 2770 1528 2858; baseline 0 -23"><span class='ocrx_word' id='word_1_151' title='bbox 274 2771 339 2837; x_wconf 91' lang='lat' dir='ltr'><strong>hoc</strong></span> <span class='ocrx_word' id='word_1_152' title='bbox 362 2776 416 2838; x_wconf 89' lang='lat' dir='ltr'><strong>est</strong></span> <span class='ocrx_word' id='word_1_153' title='bbox 439 2772 479 2839; x_wconf 89' lang='lat' dir='ltr'><strong>de</strong></span> <span class='ocrx_word' id='word_1_154' title='bbox 502 2794 538 2838; x_wconf 90' lang='lat' dir='ltr'><strong>se</strong></span> <span class='ocrx_word' id='word_1_155' title='bbox 561 2776 596 2839; x_wconf 79' lang='lat' dir='ltr'><strong>io</strong></span> <span class='ocrx_word' id='word_1_156' title='bbox 617 2775 758 2858; x_wconf 79' lang='lat' dir='ltr'><strong>potentio</strong></span> <span class='ocrx_word' id='word_1_157' title='bbox 781 2772 822 2839; x_wconf 89' lang='lat' dir='ltr'><strong>ad</strong></span> <span class='ocrx_word' id='word_1_158' title='bbox 846 2776 955 2839; x_wconf 90' lang='lat' dir='ltr'><strong>actum</strong></span> <span class='ocrx_word' id='word_1_159' title='bbox 979 2772 1035 2838; x_wconf 90' lang='lat' dir='ltr'><strong>vel</strong></span> <span class='ocrx_word' id='word_1_160' title='bbox 1058 2772 1127 2838; x_wconf 92' lang='lat' dir='ltr'><strong>eius</strong></span> <span class='ocrx_word' id='word_1_161' title='bbox 1144 2772 1362 2849; x_wconf 89' lang='lat' dir='ltr'><strong>omissionem,</strong></span> <span class='ocrx_word' id='word_1_162' title='bbox 1386 2770 1528 2836; x_wconf 87' lang='lat' dir='ltr'><strong>adhunc</strong></span> 
     </span>
     <span class='ocr_line' id='line_1_21' title="bbox 275 2876 1529 2965; baseline 0 -24"><span class='ocrx_word' id='word_1_163' title='bbox 275 2880 331 2943; x_wconf 89' lang='lat' dir='ltr'><strong>vel</strong></span> <span class='ocrx_word' id='word_1_164' title='bbox 347 2879 439 2945; x_wconf 88' lang='lat' dir='ltr'><strong>illum</strong></span> <span class='ocrx_word' id='word_1_165' title='bbox 457 2884 578 2955; x_wconf 89' lang='lat' dir='ltr'><strong>actum,</strong></span> <span class='ocrx_word' id='word_1_166' title='bbox 594 2901 701 2962; x_wconf 89' lang='lat' dir='ltr'><strong>neque</strong></span> <span class='ocrx_word' id='word_1_167' title='bbox 716 2880 759 2945; x_wconf 87' lang='lat' dir='ltr'><strong>ad</strong></span> <span class='ocrx_word' id='word_1_168' title='bbox 775 2880 971 2945; x_wconf 87' lang='lat' dir='ltr'><strong>alterutrum</strong></span> <span class='ocrx_word' id='word_1_169' title='bbox 986 2900 1047 2965; x_wconf 91' lang='lat' dir='ltr'><strong>per</strong></span> <span class='ocrx_word' id='word_1_170' title='bbox 1061 2900 1097 2945; x_wconf 88' lang='lat' dir='ltr'><strong>se</strong></span> <span class='ocrx_word' id='word_1_171' title='bbox 1110 2880 1372 2945; x_wconf 88' lang='lat' dir='ltr'><strong>determinatum.</strong></span> <span class='ocrx_word' id='word_1_172' title='bbox 1400 2876 1529 2943; x_wconf 90' lang='lat' dir='ltr'><strong>Dicitur</strong></span> 
     </span>
     <span class='ocr_line' id='line_1_22' title="bbox 280 2984 1528 3069; baseline -0.002 -20"><span class='ocrx_word' id='word_1_173' title='bbox 280 2989 481 3069; x_wconf 72' lang='lat' dir='ltr'><strong>,nepotioo“,</strong></span> <span class='ocrx_word' id='word_1_174' title='bbox 506 2987 583 3069; x_wconf 91' lang='lat' dir='ltr'><strong>quia</strong></span> <span class='ocrx_word' id='word_1_175' title='bbox 605 2990 657 3052; x_wconf 88' lang='lat' dir='ltr'><strong>est</strong></span> <span class='ocrx_word' id='word_1_176' title='bbox 676 2990 808 3052; x_wconf 91' lang='lat' dir='ltr'><strong>tautum</strong></span> <span class='ocrx_word' id='word_1_177' title='bbox 828 2985 962 3069; x_wconf 81' lang='lat' dir='ltr'><strong>negatio</strong></span> <span class='ocrx_word' id='word_1_178' title='bbox 978 2985 1260 3053; x_wconf 86' lang='lat' dir='ltr'><strong>determinationis</strong></span> <span class='ocrx_word' id='word_1_179' title='bbox 1276 2986 1318 3051; x_wconf 89' lang='lat' dir='ltr'><strong>ad</strong></span> <span class='ocrx_word' id='word_1_180' title='bbox 1334 2984 1528 3049; x_wconf 86' lang='lat' dir='ltr'><strong>alterutrum</strong></span> 
     </span>
     <span class='ocr_line' id='line_1_23' title="bbox 277 3090 1528 3176; baseline 0 -21"><span class='ocrx_word' id='word_1_181' title='bbox 277 3112 321 3155; x_wconf 84' lang='lat' dir='ltr'><strong>ex</strong></span> <span class='ocrx_word' id='word_1_182' title='bbox 345 3092 516 3176; x_wconf 89' lang='lat' dir='ltr'><strong>oppositis,</strong></span> <span class='ocrx_word' id='word_1_183' title='bbox 541 3094 581 3159; x_wconf 90' lang='lat' dir='ltr'><strong>ad</strong></span> <span class='ocrx_word' id='word_1_184' title='bbox 607 3114 692 3176; x_wconf 91' lang='lat' dir='ltr'><strong>quae</strong></span> <span class='ocrx_word' id='word_1_185' title='bbox 708 3092 905 3162; x_wconf 88' lang='lat' dir='ltr'><strong>insubiecto</strong></span> <span class='ocrx_word' id='word_1_186' title='bbox 921 3092 1117 3176; x_wconf 90' lang='lat' dir='ltr'><strong>supponitur</strong></span> <span class='ocrx_word' id='word_1_187' title='bbox 1132 3090 1414 3157; x_wconf 87' lang='lat' dir='ltr'><strong>determinationis</strong></span> <span class='ocrx_word' id='word_1_188' title='bbox 1431 3110 1528 3175; x_wconf 89' lang='lat' dir='ltr'><strong>capa·</strong></span> 
     </span>
     <span class='ocr_line' id='line_1_24' title="bbox 277 3196 1528 3282; baseline -0.001 -21"><span class='ocrx_word' id='word_1_189' title='bbox 277 3197 375 3264; x_wconf 87' lang='lat' dir='ltr'><strong>citae.</strong></span> <span class='ocrx_word' id='word_1_190' title='bbox 427 3198 518 3265; x_wconf 90' lang='lat' dir='ltr'><strong>Haec</strong></span> <span class='ocrx_word' id='word_1_191' title='bbox 550 3200 654 3282; x_wconf 83' lang='lat' dir='ltr'><strong>igitur</strong></span> <span class='ocrx_word' id='word_1_192' title='bbox 684 3198 905 3265; x_wconf 85' lang='lat' dir='ltr'><strong>indifferentia</strong></span> <span class='ocrx_word' id='word_1_193' title='bbox 936 3198 1034 3265; x_wconf 88' lang='lat' dir='ltr'><strong>alicui</strong></span> <span class='ocrx_word' id='word_1_194' title='bbox 1065 3198 1224 3282; x_wconf 88' lang='lat' dir='ltr'><strong>principio</strong></span> <span class='ocrx_word' id='word_1_195' title='bbox 1258 3196 1432 3261; x_wconf 90' lang='lat' dir='ltr'><strong>convenire</strong></span> <span class='ocrx_word' id='word_1_196' title='bbox 1465 3218 1528 3261; x_wconf 93' lang='lat' dir='ltr'><strong>non</strong></span> 
     </span>
     <span class='ocr_line' id='line_1_25' title="bbox 275 3302 1528 3391; baseline 0 -24"><span class='ocrx_word' id='word_1_197' title='bbox 275 3307 401 3387; x_wconf 89' lang='lat' dir='ltr'><strong>potest,</strong></span> <span class='ocrx_word' id='word_1_198' title='bbox 425 3304 487 3369; x_wconf 94' lang='lat' dir='ltr'><strong>nisi</strong></span> <span class='ocrx_word' id='word_1_199' title='bbox 510 3326 570 3389; x_wconf 93' lang='lat' dir='ltr'><strong>pro</strong></span> <span class='ocrx_word' id='word_1_200' title='bbox 593 3309 686 3371; x_wconf 91' lang='lat' dir='ltr'><strong>statu</strong></span> <span class='ocrx_word' id='word_1_201' title='bbox 705 3308 865 3391; x_wconf 79' lang='lat' dir='ltr'><strong>potentiae</strong></span> <span class='ocrx_word' id='word_1_202' title='bbox 888 3325 945 3370; x_wconf 91' lang='lat' dir='ltr'><strong>seu</strong></span> <span class='ocrx_word' id='word_1_203' title='bbox 969 3304 1204 3369; x_wconf 83' lang='lat' dir='ltr'><strong>antecedenter</strong></span> <span class='ocrx_word' id='word_1_204' title='bbox 1227 3305 1268 3369; x_wconf 88' lang='lat' dir='ltr'><strong>ad</strong></span> <span class='ocrx_word' id='word_1_205' title='bbox 1292 3303 1362 3368; x_wconf 92' lang='lat' dir='ltr'><strong>eius</strong></span> <span class='ocrx_word' id='word_1_206' title='bbox 1378 3302 1528 3369; x_wconf 90' lang='lat' dir='ltr'><strong>determi-</strong></span> 
     </span>
     <span class='ocr_line' id='line_1_26' title="bbox 276 3409 1528 3496; baseline -0.002 -21"><span class='ocrx_word' id='word_1_207' title='bbox 276 3410 447 3475; x_wconf 83' lang='lat' dir='ltr'><strong>nationem</strong></span> <span class='ocrx_word' id='word_1_208' title='bbox 471 3412 645 3491; x_wconf 85' lang='lat' dir='ltr'><strong>actualem,</strong></span> <span class='ocrx_word' id='word_1_209' title='bbox 671 3433 737 3495; x_wconf 90' lang='lat' dir='ltr'><strong>qua</strong></span> <span class='ocrx_word' id='word_1_210' title='bbox 759 3411 868 3496; x_wconf 87' lang='lat' dir='ltr'><strong>posita</strong></span> <span class='ocrx_word' id='word_1_211' title='bbox 890 3411 949 3477; x_wconf 88' lang='lat' dir='ltr'><strong>illa</strong></span> <span class='ocrx_word' id='word_1_212' title='bbox 972 3410 1101 3477; x_wconf 89' lang='lat' dir='ltr'><strong>desinit.</strong></span> <span class='ocrx_word' id='word_1_213' title='bbox 1134 3412 1206 3476; x_wconf 94' lang='lat' dir='ltr'><strong>Hoc</strong></span> <span class='ocrx_word' id='word_1_214' title='bbox 1222 3410 1317 3475; x_wconf 89' lang='lat' dir='ltr'><strong>modo</strong></span> <span class='ocrx_word' id='word_1_215' title='bbox 1340 3409 1528 3474; x_wconf 85' lang='lat' dir='ltr'><strong>indifferens</strong></span> 
     </span>
     <span class='ocr_line' id='line_1_27' title="bbox 276 3514 1527 3600; baseline 0 -19"><span class='ocrx_word' id='word_1_216' title='bbox 276 3519 312 3582; x_wconf 91' lang='lat' dir='ltr'><strong>et</strong></span> <span class='ocrx_word' id='word_1_217' title='bbox 335 3524 468 3583; x_wconf 80' lang='lat' dir='ltr'><strong>eotenus</strong></span> <span class='ocrx_word' id='word_1_218' title='bbox 491 3517 595 3584; x_wconf 88' lang='lat' dir='ltr'><strong>libera</strong></span> <span class='ocrx_word' id='word_1_219' title='bbox 619 3539 640 3583; x_wconf 93' lang='lat' dir='ltr'><strong>a</strong></span> <span class='ocrx_word' id='word_1_220' title='bbox 662 3517 863 3584; x_wconf 85' lang='lat' dir='ltr'><strong>necessitate</strong></span> <span class='ocrx_word' id='word_1_221' title='bbox 878 3517 1034 3583; x_wconf 87' lang='lat' dir='ltr'><strong>voluntas</strong></span> <span class='ocrx_word' id='word_1_222' title='bbox 1050 3537 1088 3581; x_wconf 91' lang='lat' dir='ltr'><strong>eo</strong></span> <span class='ocrx_word' id='word_1_223' title='bbox 1105 3516 1176 3600; x_wconf 92' lang='lat' dir='ltr'><strong>ipso</strong></span> <span class='ocrx_word' id='word_1_224' title='bbox 1193 3537 1272 3582; x_wconf 87' lang='lat' dir='ltr'><strong>sane</strong></span> <span class='ocrx_word' id='word_1_225' title='bbox 1289 3514 1451 3580; x_wconf 89' lang='lat' dir='ltr'><strong>censenda</strong></span> <span class='ocrx_word' id='word_1_226' title='bbox 1467 3519 1527 3591; x_wconf 85' lang='lat' dir='ltr'><strong>est,</strong></span> 
     </span>
     <span class='ocr_line' id='line_1_28' title="bbox 276 3620 1528 3707; baseline -0.002 -20"><span class='ocrx_word' id='word_1_227' title='bbox 276 3622 367 3704; x_wconf 92' lang='lat' dir='ltr'><strong>quod</strong></span> <span class='ocrx_word' id='word_1_228' title='bbox 398 3643 440 3689; x_wconf 85' lang='lat' dir='ltr'><strong>ex</strong></span> <span class='ocrx_word' id='word_1_229' title='bbox 469 3627 565 3707; x_wconf 86' lang='lat' dir='ltr'><strong>parte</strong></span> <span class='ocrx_word' id='word_1_230' title='bbox 592 3623 780 3692; x_wconf 90' lang='lat' dir='ltr'><strong>intellectus</strong></span> <span class='ocrx_word' id='word_1_231' title='bbox 803 3624 954 3690; x_wconf 88' lang='lat' dir='ltr'><strong>subsistit</strong></span> <span class='ocrx_word' id='word_1_232' title='bbox 976 3622 1197 3690; x_wconf 84' lang='lat' dir='ltr'><strong>indifferentia</strong></span> <span class='ocrx_word' id='word_1_233' title='bbox 1220 3621 1330 3687; x_wconf 91' lang='lat' dir='ltr'><strong>iudicii</strong></span> <span class='ocrx_word' id='word_1_234' title='bbox 1353 3641 1411 3685; x_wconf 88' lang='lat' dir='ltr'><strong>seu</strong></span> <span class='ocrx_word' id='word_1_235' title='bbox 1434 3620 1528 3685; x_wconf 79' lang='lat' dir='ltr'><strong>radix</strong></span> 
     </span>
     <span class='ocr_line' id='line_1_29' title="bbox 275 3728 455 3795; baseline 0.006 -2"><span class='ocrx_word' id='word_1_236' title='bbox 275 3728 455 3795; x_wconf 83' lang='lat' dir='ltr'><strong>libertatis.</strong></span> 
     </span>
    </p>

    <p class='ocr_par' dir='ltr' id='par_1_6' title="bbox 277 3834 1529 4243">
     <span class='ocr_line' id='line_1_30' title="bbox 370 3834 1529 3922; baseline -0.003 -22"><span class='ocrx_word' id='word_1_237' title='bbox 370 3836 512 3901; x_wconf 70' lang='lat' dir='ltr'><strong>Posito-a</strong></span> <span class='ocrx_word' id='word_1_238' title='bbox 528 3836 706 3921; x_wconf 81' lang='lat' dir='ltr'><strong>(proxima)</strong></span> <span class='ocrx_word' id='word_1_239' title='bbox 723 3838 823 3922; x_wconf 90' lang='lat' dir='ltr'><strong>priori</strong></span> <span class='ocrx_word' id='word_1_240' title='bbox 840 3836 963 3918; x_wconf 88' lang='lat' dir='ltr'><strong>aliquid</strong></span> <span class='ocrx_word' id='word_1_241' title='bbox 978 3836 1180 3919; x_wconf 85' lang='lat' dir='ltr'><strong>superaddit,</strong></span> <span class='ocrx_word' id='word_1_242' title='bbox 1197 3834 1348 3901; x_wconf 90' lang='lat' dir='ltr'><strong>nimirum</strong></span> <span class='ocrx_word' id='word_1_243' title='bbox 1361 3834 1529 3918; x_wconf 85' lang='lat' dir='ltr'><strong>potentiae</strong></span> 
     </span>
     <span class='ocr_line' id='line_1_31' title="bbox 277 3938 1528 4028; baseline -0.003 -21"><span class='ocrx_word' id='word_1_244' title='bbox 277 3940 458 4007; x_wconf 92' lang='lat' dir='ltr'><strong>dominium</strong></span> <span class='ocrx_word' id='word_1_245' title='bbox 487 3944 556 4009; x_wconf 90' lang='lat' dir='ltr'><strong>tale</strong></span> <span class='ocrx_word' id='word_1_246' title='bbox 585 3944 618 4009; x_wconf 93' lang='lat' dir='ltr'><strong>in</strong></span> <span class='ocrx_word' id='word_1_247' title='bbox 649 3965 743 4009; x_wconf 91' lang='lat' dir='ltr'><strong>suam</strong></span> <span class='ocrx_word' id='word_1_248' title='bbox 774 3942 1010 4028; x_wconf 83' lang='lat' dir='ltr'><strong>operationem,</strong></span> <span class='ocrx_word' id='word_1_249' title='bbox 1042 3963 1105 4025; x_wconf 91' lang='lat' dir='ltr'><strong>quo</strong></span> <span class='ocrx_word' id='word_1_250' title='bbox 1129 3942 1195 4019; x_wconf 89' lang='lat' dir='ltr'><strong>illa,</strong></span> <span class='ocrx_word' id='word_1_251' title='bbox 1227 3939 1395 4024; x_wconf 88' lang='lat' dir='ltr'><strong>supposito</strong></span> <span class='ocrx_word' id='word_1_252' title='bbox 1420 3938 1528 4003; x_wconf 87' lang='lat' dir='ltr'><strong>divino</strong></span> 
     </span>
     <span class='ocr_line' id='line_1_32' title="bbox 277 4046 1528 4137; baseline -0.002 -23"><span class='ocrx_word' id='word_1_253' title='bbox 277 4071 459 4128; x_wconf 88' lang='lat' dir='ltr'><strong>concursu,</strong></span> <span class='ocrx_word' id='word_1_254' title='bbox 491 4052 605 4118; x_wconf 86' lang='lat' dir='ltr'><strong>valeat</strong></span> <span class='ocrx_word' id='word_1_255' title='bbox 634 4052 768 4137; x_wconf 92' lang='lat' dir='ltr'><strong>insuper</strong></span> <span class='ocrx_word' id='word_1_256' title='bbox 798 4050 975 4117; x_wconf 85' lang='lat' dir='ltr'><strong>actualiter</strong></span> <span class='ocrx_word' id='word_1_257' title='bbox 1005 4070 1040 4115; x_wconf 90' lang='lat' dir='ltr'><strong>se</strong></span> <span class='ocrx_word' id='word_1_258' title='bbox 1065 4049 1283 4115; x_wconf 89' lang='lat' dir='ltr'><strong>determinare</strong></span> <span class='ocrx_word' id='word_1_259' title='bbox 1313 4046 1355 4113; x_wconf 91' lang='lat' dir='ltr'><strong>ad</strong></span> <span class='ocrx_word' id='word_1_260' title='bbox 1384 4048 1445 4111; x_wconf 88' lang='lat' dir='ltr'><strong>hoo</strong></span> <span class='ocrx_word' id='word_1_261' title='bbox 1475 4047 1528 4111; x_wconf 84' lang='lat' dir='ltr'><strong>vel</strong></span> 
     </span>
     <span class='ocr_line' id='line_1_33' title="bbox 277 4153 1528 4243; baseline -0.002 -23"><span class='ocrx_word' id='word_1_262' title='bbox 277 4156 359 4221; x_wconf 87' lang='lat' dir='ltr'><strong>illud</strong></span> <span class='ocrx_word' id='word_1_263' title='bbox 385 4179 423 4221; x_wconf 81' lang='lat' dir='ltr'><strong>ex</strong></span> <span class='ocrx_word' id='word_1_264' title='bbox 445 4179 478 4223; x_wconf 85' lang='lat' dir='ltr'><strong>se</strong></span> <span class='ocrx_word' id='word_1_265' title='bbox 496 4160 578 4243; x_wconf 81' lang='lat' dir='ltr'><strong>ipsa,</strong></span> <span class='ocrx_word' id='word_1_266' title='bbox 608 4159 699 4224; x_wconf 90' lang='lat' dir='ltr'><strong>nulla</strong></span> <span class='ocrx_word' id='word_1_267' title='bbox 721 4157 847 4224; x_wconf 89' lang='lat' dir='ltr'><strong>scilicet</strong></span> <span class='ocrx_word' id='word_1_268' title='bbox 870 4158 937 4223; x_wconf 87' lang='lat' dir='ltr'><strong>alia</strong></span> <span class='ocrx_word' id='word_1_269' title='bbox 960 4176 1061 4222; x_wconf 89' lang='lat' dir='ltr'><strong>causa</strong></span> <span class='ocrx_word' id='word_1_270' title='bbox 1085 4162 1188 4221; x_wconf 85' lang='lat' dir='ltr'><strong>actum</strong></span> <span class='ocrx_word' id='word_1_271' title='bbox 1213 4153 1452 4219; x_wconf 84' lang='lat' dir='ltr'><strong>determinante</strong></span> <span class='ocrx_word' id='word_1_272' title='bbox 1475 4153 1528 4217; x_wconf 90' lang='lat' dir='ltr'><strong>vel</strong></span> 
     </span>
    </p>
   </div>
   <div class='ocr_carea' id='block_1_3' title="bbox 279 4386 1529 5082">
    <p class='ocr_par' dir='ltr' id='par_1_7' title="bbox 279 4386 1529 5082">
     <span class='ocr_line' id='line_1_34' title="bbox 280 4386 1529 4460; baseline -0.003 -17"><span class='ocrx_word' id='word_1_273' title='bbox 280 4388 454 4444; x_wconf 77' lang='lat' dir='ltr'><strong>citium...“</strong></span> <span class='ocrx_word' id='word_1_274' title='bbox 492 4392 613 4460; x_wconf 61' lang='grc' dir='ltr'><strong>δίωτοι,</strong></span> <span class='ocrx_word' id='word_1_275' title='bbox 638 4390 679 4446; x_wconf 91' lang='lat' dir='ltr'><strong>De</strong></span> <span class='ocrx_word' id='word_1_276' title='bbox 704 4393 795 4460; x_wconf 76' lang='lat' dir='ltr'><strong>gratia</strong></span> <span class='ocrx_word' id='word_1_277' title='bbox 820 4391 886 4456; x_wconf 90' lang='lat' dir='ltr'><strong>Dei,</strong></span> <span class='ocrx_word' id='word_1_278' title='bbox 912 4390 1065 4457; x_wconf 82' lang='lat' dir='ltr'><strong>Prolegom.</strong></span> <span class='ocrx_word' id='word_1_279' title='bbox 1087 4391 1117 4453; x_wconf 94' lang='lat'><strong>1,</strong></span> <span class='ocrx_word' id='word_1_280' title='bbox 1144 4406 1166 4443; x_wconf 89' lang='lat' dir='ltr'><strong>c.</strong></span> <span class='ocrx_word' id='word_1_281' title='bbox 1189 4390 1218 4453; x_wconf 90' lang='lat' dir='ltr'><strong>l,</strong></span> <span class='ocrx_word' id='word_1_282' title='bbox 1244 4405 1270 4441; x_wconf 88' lang='lat' dir='ltr'><strong>n.</strong></span> <span class='ocrx_word' id='word_1_283' title='bbox 1290 4388 1315 4441; x_wconf 85' lang='lat'><strong>9.</strong></span> <span class='ocrx_word' id='word_1_284' title='bbox 1353 4386 1394 4440; x_wconf 88' lang='lat' dir='ltr'><strong>Cf.</strong></span> <span class='ocrx_word' id='word_1_285' title='bbox 1418 4386 1529 4456; x_wconf 89' lang='lat' dir='ltr'><strong>insuper</strong></span> 
     </span>
     <span class='ocr_line' id='line_1_35' title="bbox 279 4476 1529 4549; baseline -0.002 -18"><span class='ocrx_word' id='word_1_286' title='bbox 279 4479 368 4548; x_wconf 86' lang='lat' dir='ltr'><strong>ipsius</strong></span> <span class='ocrx_word' id='word_1_287' title='bbox 399 4479 583 4549; x_wconf 84' lang='lat' dir='ltr'><strong>probationem</strong></span> <span class='ocrx_word' id='word_1_288' title='bbox 613 4481 663 4546; x_wconf 89' lang='lat' dir='ltr'><strong>,ad</strong></span> <span class='ocrx_word' id='word_1_289' title='bbox 688 4480 830 4534; x_wconf 83' lang='lat' dir='ltr'><strong>formalem</strong></span> <span class='ocrx_word' id='word_1_290' title='bbox 860 4480 1016 4534; x_wconf 88' lang='lat' dir='ltr'><strong>libertatem</strong></span> <span class='ocrx_word' id='word_1_291' title='bbox 1048 4477 1164 4532; x_wconf 87' lang='lat' dir='ltr'><strong>alicuius</strong></span> <span class='ocrx_word' id='word_1_292' title='bbox 1191 4476 1334 4530; x_wconf 82' lang='lat' dir='ltr'><strong>facultatis</strong></span> <span class='ocrx_word' id='word_1_293' title='bbox 1361 4476 1463 4543; x_wconf 91' lang='lat' dir='ltr'><strong>requiri</strong></span> <span class='ocrx_word' id='word_1_294' title='bbox 1491 4476 1529 4529; x_wconf 90' lang='lat' dir='ltr'><strong>in·</strong></span> 
     </span>
     <span class='ocr_line' id='line_1_36' title="bbox 280 4565 1529 4637; baseline -0.002 -17"><span class='ocrx_word' id='word_1_295' title='bbox 280 4567 462 4621; x_wconf 79' lang='lat' dir='ltr'><strong>differentiam</strong></span> <span class='ocrx_word' id='word_1_296' title='bbox 479 4585 528 4637; x_wconf 87' lang='lat' dir='ltr'><strong>per</strong></span> <span class='ocrx_word' id='word_1_297' title='bbox 541 4570 715 4623; x_wconf 84' lang='lat' dir='ltr'><strong>eminentiam</strong></span> <span class='ocrx_word' id='word_1_298' title='bbox 729 4569 867 4637; x_wconf 88' lang='lat' dir='ltr'><strong>quandam</strong></span> <span class='ocrx_word' id='word_1_299' title='bbox 881 4567 1077 4621; x_wconf 80' lang='lat' dir='ltr'><strong>dominativum</strong></span> <span class='ocrx_word' id='word_1_300' title='bbox 1095 4568 1234 4637; x_wconf 89' lang='lat' dir='ltr'><strong>potentiae</strong></span> <span class='ocrx_word' id='word_1_301' title='bbox 1253 4566 1368 4629; x_wconf 87' lang='lat' dir='ltr'><strong>activae,</strong></span> <span class='ocrx_word' id='word_1_302' title='bbox 1387 4569 1419 4619; x_wconf 91' lang='lat' dir='ltr'><strong>ut</strong></span> <span class='ocrx_word' id='word_1_303' title='bbox 1437 4565 1529 4619; x_wconf 86' lang='lat' dir='ltr'><strong>activa</strong></span> 
     </span>
     <span class='ocr_line' id='line_1_37' title="bbox 281 4652 1529 4721; baseline -0.004 -10"><span class='ocrx_word' id='word_1_304' title='bbox 281 4660 333 4721; x_wconf 86' lang='lat' dir='ltr'><strong>est,</strong></span> <span class='ocrx_word' id='word_1_305' title='bbox 352 4660 413 4711; x_wconf 88' lang='lat' dir='ltr'><strong>tum</strong></span> <span class='ocrx_word' id='word_1_306' title='bbox 433 4656 466 4709; x_wconf 90' lang='lat' dir='ltr'><strong>ad</strong></span> <span class='ocrx_word' id='word_1_307' title='bbox 486 4657 579 4710; x_wconf 82' lang='lat' dir='ltr'><strong>varias</strong></span> <span class='ocrx_word' id='word_1_308' title='bbox 598 4658 734 4721; x_wconf 86' lang='lat' dir='ltr'><strong>actiones,</strong></span> <span class='ocrx_word' id='word_1_309' title='bbox 760 4660 819 4710; x_wconf 88' lang='lat' dir='ltr'><strong>tum</strong></span> <span class='ocrx_word' id='word_1_310' title='bbox 838 4656 872 4710; x_wconf 89' lang='lat' dir='ltr'><strong>ad</strong></span> <span class='ocrx_word' id='word_1_311' title='bbox 892 4655 1059 4710; x_wconf 88' lang='lat' dir='ltr'><strong>exercendas</strong></span> <span class='ocrx_word' id='word_1_312' title='bbox 1078 4654 1123 4708; x_wconf 87' lang='lat' dir='ltr'><strong>val</strong></span> <span class='ocrx_word' id='word_1_313' title='bbox 1143 4672 1195 4708; x_wconf 92' lang='lat' dir='ltr'><strong>non</strong></span> <span class='ocrx_word' id='word_1_314' title='bbox 1215 4652 1382 4707; x_wconf 88' lang='lat' dir='ltr'><strong>exercendas</strong></span> <span class='ocrx_word' id='word_1_315' title='bbox 1401 4652 1462 4706; x_wconf 87' lang='lat' dir='ltr'><strong>illas</strong></span> <span class='ocrx_word' id='word_1_316' title='bbox 1482 4656 1529 4707; x_wconf 87' lang='lat' dir='ltr'><strong>aut</strong></span> 
     </span>
     <span class='ocr_line' id='line_1_38' title="bbox 280 4742 1527 4815; baseline -0.001 -18"><span class='ocrx_word' id='word_1_317' title='bbox 280 4744 442 4815; x_wconf 84' lang='lat' dir='ltr'><strong>simpliciter</strong></span> <span class='ocrx_word' id='word_1_318' title='bbox 459 4748 509 4799; x_wconf 86' lang='lat' dir='ltr'><strong>aut</strong></span> <span class='ocrx_word' id='word_1_319' title='bbox 527 4746 554 4798; x_wconf 92' lang='lat' dir='ltr'><strong>in</strong></span> <span class='ocrx_word' id='word_1_320' title='bbox 572 4745 623 4799; x_wconf 87' lang='lat' dir='ltr'><strong>tali</strong></span> <span class='ocrx_word' id='word_1_321' title='bbox 641 4746 687 4798; x_wconf 85' lang='lat' dir='ltr'><strong>vel</strong></span> <span class='ocrx_word' id='word_1_322' title='bbox 706 4746 755 4798; x_wconf 91' lang='lat' dir='ltr'><strong>tali</strong></span> <span class='ocrx_word' id='word_1_323' title='bbox 775 4745 956 4799; x_wconf 83' lang='lat' dir='ltr'><strong>determinata</strong></span> <span class='ocrx_word' id='word_1_324' title='bbox 974 4745 1092 4814; x_wconf 81' lang='lat' dir='ltr'><strong>specie“.</strong></span> <span class='ocrx_word' id='word_1_325' title='bbox 1128 4744 1157 4798; x_wconf 92' lang='lat' dir='ltr'><strong>L.</strong></span> <span class='ocrx_word' id='word_1_326' title='bbox 1177 4761 1200 4797; x_wconf 92' lang='lat' dir='ltr'><strong>c.</strong></span> <span class='ocrx_word' id='word_1_327' title='bbox 1220 4762 1243 4797; x_wconf 92' lang='lat' dir='ltr'><strong>c.</strong></span> <span class='ocrx_word' id='word_1_328' title='bbox 1263 4744 1289 4806; x_wconf 83' lang='lat'><strong>2,</strong></span> <span class='ocrx_word' id='word_1_329' title='bbox 1308 4760 1333 4796; x_wconf 93' lang='lat' dir='ltr'><strong>n.</strong></span> <span class='ocrx_word' id='word_1_330' title='bbox 1355 4744 1431 4810; x_wconf 74' lang='lat' dir='ltr'><strong>lsq3</strong></span> <span class='ocrx_word' id='word_1_331' title='bbox 1450 4760 1476 4796; x_wconf 90' lang='lat' dir='ltr'><strong>n.</strong></span> <span class='ocrx_word' id='word_1_332' title='bbox 1496 4742 1527 4796; x_wconf 88' lang='lat'><strong>8:</strong></span> 
     </span>
     <span class='ocr_line' id='line_1_39' title="bbox 285 4830 1528 4903; baseline -0.002 -16"><span class='ocrx_word' id='word_1_333' title='bbox 285 4834 430 4903; x_wconf 80' lang='lat' dir='ltr'><strong>,probatur</strong></span> <span class='ocrx_word' id='word_1_334' title='bbox 448 4832 535 4903; x_wconf 87' lang='lat' dir='ltr'><strong>primo</strong></span> <span class='ocrx_word' id='word_1_335' title='bbox 554 4833 588 4887; x_wconf 89' lang='lat' dir='ltr'><strong>de</strong></span> <span class='ocrx_word' id='word_1_336' title='bbox 605 4835 792 4900; x_wconf 66' lang='lat' dir='ltr'><strong>indifferentia</strong></span> <span class='ocrx_word' id='word_1_337' title='bbox 811 4834 901 4901; x_wconf 80' lang='lat' dir='ltr'><strong>quood</strong></span> <span class='ocrx_word' id='word_1_338' title='bbox 919 4836 1093 4885; x_wconf 67' lang='lat' dir='ltr'><strong>mercitium.</strong></span> <span class='ocrx_word' id='word_1_339' title='bbox 1109 4874 1114 4885; x_wconf 94' lang='lat'><strong>.</strong></span> <span class='ocrx_word' id='word_1_340' title='bbox 1131 4834 1151 4885; x_wconf 79' lang='grc'><strong>.“</strong></span> <span class='ocrx_word' id='word_1_341' title='bbox 1173 4851 1199 4887; x_wconf 93' lang='lat' dir='ltr'><strong>n.</strong></span> <span class='ocrx_word' id='word_1_342' title='bbox 1220 4832 1250 4886; x_wconf 85' lang='lat'><strong>9:</strong></span> <span class='ocrx_word' id='word_1_343' title='bbox 1273 4831 1419 4901; x_wconf 88' lang='lat' dir='ltr'><strong>,probatur</strong></span> <span class='ocrx_word' id='word_1_344' title='bbox 1431 4830 1528 4885; x_wconf 89' lang='lat' dir='ltr'><strong>deiude</strong></span> 
     </span>
     <span class='ocr_line' id='line_1_40' title="bbox 282 4918 1528 4990; baseline -0.002 -16"><span class='ocrx_word' id='word_1_345' title='bbox 282 4923 398 4976; x_wconf 87' lang='lat' dir='ltr'><strong>assertio</strong></span> <span class='ocrx_word' id='word_1_346' title='bbox 417 4922 450 4976; x_wconf 84' lang='lat' dir='ltr'><strong>de</strong></span> <span class='ocrx_word' id='word_1_347' title='bbox 469 4923 655 4989; x_wconf 64' lang='lat' dir='ltr'><strong>indifferentia</strong></span> <span class='ocrx_word' id='word_1_348' title='bbox 673 4924 764 4990; x_wconf 80' lang='lat' dir='ltr'><strong>quood</strong></span> <span class='ocrx_word' id='word_1_349' title='bbox 780 4922 1028 4990; x_wconf 76' lang='lat' dir='ltr'><strong>specificationen“.</strong></span> <span class='ocrx_word' id='word_1_350' title='bbox 1067 4919 1108 4975; x_wconf 84' lang='lat' dir='ltr'><strong>Cf.</strong></span> <span class='ocrx_word' id='word_1_351' title='bbox 1128 4922 1210 4974; x_wconf 87' lang='lat' dir='ltr'><strong>etiam</strong></span> <span class='ocrx_word' id='word_1_352' title='bbox 1231 4922 1259 4975; x_wconf 87' lang='lat' dir='ltr'><strong>S.</strong></span> <span class='ocrx_word' id='word_1_353' title='bbox 1283 4920 1391 4987; x_wconf 60' lang='lat' dir='ltr'><strong>rtem„</strong></span> <span class='ocrx_word' id='word_1_354' title='bbox 1418 4918 1528 4983; x_wconf 80' lang='lat' dir='ltr'><strong>Quaest.</strong></span> 
     </span>
     <span class='ocr_line' id='line_1_41' title="bbox 283 5008 1430 5082; baseline -0.002 -19"><span class='ocrx_word' id='word_1_355' title='bbox 283 5011 350 5082; x_wconf 82' lang='lat' dir='ltr'><strong>disp.</strong></span> <span class='ocrx_word' id='word_1_356' title='bbox 369 5028 397 5080; x_wconf 89' lang='lat' dir='ltr'><strong>q.</strong></span> <span class='ocrx_word' id='word_1_357' title='bbox 417 5012 448 5065; x_wconf 82' lang='lat'><strong>6:</strong></span> <span class='ocrx_word' id='word_1_358' title='bbox 468 5009 508 5063; x_wconf 91' lang='lat' dir='ltr'><strong>De</strong></span> <span class='ocrx_word' id='word_1_359' title='bbox 527 5010 660 5064; x_wconf 85' lang='lat' dir='ltr'><strong>electione</strong></span> <span class='ocrx_word' id='word_1_360' title='bbox 678 5009 805 5072; x_wconf 88' lang='lat' dir='ltr'><strong>humana,</strong></span> <span class='ocrx_word' id='word_1_361' title='bbox 825 5010 902 5063; x_wconf 86' lang='lat' dir='ltr'><strong>artic.</strong></span> <span class='ocrx_word' id='word_1_362' title='bbox 922 5009 1027 5076; x_wconf 89' lang='lat' dir='ltr'><strong>unicus,</strong></span> <span class='ocrx_word' id='word_1_363' title='bbox 1047 5014 1075 5063; x_wconf 90' lang='lat' dir='ltr'><strong>et</strong></span> <span class='ocrx_word' id='word_1_364' title='bbox 1095 5009 1134 5062; x_wconf 88' lang='lat' dir='ltr'><strong>De</strong></span> <span class='ocrx_word' id='word_1_365' title='bbox 1152 5010 1232 5063; x_wconf 82' lang='lat' dir='ltr'><strong>verit.</strong></span> <span class='ocrx_word' id='word_1_366' title='bbox 1252 5026 1278 5077; x_wconf 89' lang='lat' dir='ltr'><strong>q.</strong></span> <span class='ocrx_word' id='word_1_367' title='bbox 1298 5008 1340 5073; x_wconf 83' lang='lat'><strong>22,</strong></span> <span class='ocrx_word' id='word_1_368' title='bbox 1362 5026 1385 5062; x_wconf 89' lang='lat' dir='ltr'><strong>a.</strong></span> <span class='ocrx_word' id='word_1_369' title='bbox 1405 5008 1430 5061; x_wconf 89' lang='lat'><strong>6.</strong></span> 
     </span>
    </p>
   </div>
   <div class='ocr_carea' id='block_1_4' title="bbox 0 0 1964 5842">
    <p class='ocr_par' dir='ltr' id='par_1_8' title="bbox 0 0 1964 5842">
     <span class='ocr_line' id='line_1_42' title="bbox 0 0 1964 5842; baseline 0 0"><span class='ocrx_word' id='word_1_370' title='bbox 0 0 1964 5842; x_wconf 95' lang='lat' dir='ltr'><strong> </strong></span> 
     </span>
    </p>
   </div>
  </div>
 </body>
</html>
