3909 5842
434 667 498 732 222
651 663 741 720 Sectio
760 665 781 720 1.
818 663 898 719 Liber
916 665 963 719 ΙΙΙ.
1002 664 1091 736 Caput
1108 666 1143 720 Il.
1181 665 1320 720 Articulus
1338 665 1363 720 3.
1402 667 1462 732 51.

525 843 555 906 5.
580 839 697 923 Itaque
727 840 880 908 rationali
911 843 1068 906 voluntati
1097 846 1292 925 competere,
1323 845 1361 908 ot
1388 841 1433 908 sit
1458 845 1683 924 „coenoman
1775 786 1776 873 i

432 947 453 1016 i.
478 969 506 1014 e.
531 951 569 1014 ut
591 947 681 1012 nulla
704 946 770 1012 alia
792 947 866 1030 lege
889 951 1053 1023 teneatur,
1077 947 1139 1012 nisi
1164 968 1213 1023 aa,
1238 969 1335 1031 quam
1360 952 1397 1014 ut
1419 948 1594 1014 rationalis
1614 947 1685 1031 ipsa

433 1055 495 1120 sibi
518 1052 723 1138 imposuerit.
753 1053 791 1118 In
814 1053 876 1119 hac
903 1055 1093 1134 „voluntatis
1117 1054 1320 1120 amonomiffl
1344 1075 1475 1120 omnem
1492 1055 1562 1119 eius
1578 1053 1685 1136 digni·

433 1165 537 1228 tatem
561 1159 731 1244 ipsamque
760 1159 982 1237 „libertatsm“
1002 1160 1149 1236 fundari;
1173 1160 1329 1244 illamque
1347 1183 1433 1244 „case
1448 1163 1579 1227 unicum
1591 1165 1686 1246 prin·

434 1269 552 1352 cipium
575 1268 716 1331 omnium
738 1267 839 1352 repam
863 1266 1053 1331 moralium“
1067 1269 1087 1333 ¹.

525 1375 555 1438 6.
580 1371 682 1436 lmmo
717 1373 909 1452 „humanam
934 1373 1143 1438 volunlctcm“
1169 1373 1231 1438 hoc
1254 1373 1350 1440 modo
1373 1393 1454 1456 pure
1476 1371 1687 1448 rationalem,

436 1479 468 1544 vi
499 1477 549 1543 sui
571 1477 721 1562 principii
752 1497 841 1543 mare
864 1477 1013 1542 formalis
1037 1483 1072 1544 et
1094 1477 1292 1544 universalis
1314 1477 1486 1543 dicendam
1509 1497 1585 1543 esse
1610 1499 1689 1544 vere

438 1585 681 1668 „univeraliter
703 1581 889 1670 lepiserom“
916 1581 1105 1666 (allgemeiu
1129 1581 1418 1666 gesetzgebend)².

435 1721 503 1794 254.
594 1723 715 1800 Quibus
732 1722 891 1806 expositis
907 1723 990 1790 satis
1005 1722 1118 1806 liquet,
1135 1723 1168 1789 in
1184 1745 1248 1806 quo
1264 1724 1406 1792 Kantius
1421 1723 1552 1806 delego
1567 1723 1690 1790 morali
1777 1740 1778 1783 l

435 1830 600 1896 disserens
623 1830 716 1895 nobis
740 1829 811 1896 fere
834 1829 1021 1896 consentiat
1044 1835 1079 1898 et
1101 1830 1134 1895 in
1158 1852 1222 1913 quo
1246 1830 1429 1897 dissentiat.
1777 1828 1778 1831 ’

524 1937 606 2003 Fere
617 1939 785 2004 consentit:
800 1941 827 2003 l.
842 1957 994 2004 asserens
1006 1938 1112 2022 legem
1125 1959 1251 2003 morum
1265 1939 1299 2003 in
1312 1942 1432 2004 natura
1442 1936 1600 2003 rationali
1613 1937 1690 2001 fun·

436 2041 547 2109 datam
578 2047 612 2110 et
643 2043 839 2109 naturaliter
869 2044 1044 2126 cognitam,
1076 2043 1296 2110 universalem
1320 2047 1354 2110 et
1376 2041 1525 2128 perfecta
1548 2043 1583 2108 vi
1608 2042 1690 2109 obli·

435 2149 534 2232 gandi
557 2149 751 2233 praeditam,
776 2171 870 2232 quae,
895 2149 1057 2216 obiective
1080 2150 1210 2232 quidem
1234 2155 1269 2217 et
1288 2151 1507 2217 materialiter
1522 2153 1689 2234 spectata,

437 2256 525 2324 aliud
555 2277 620 2321 non
651 2259 703 2321 est
726 2277 822 2339 quarn
851 2256 923 2334 „lex
948 2256 1128 2322 natnralin‘
1157 2257 1294 2322 anobis
1317 2257 1485 2341 exposita:
1519 2259 1549 2322 2.
1581 2277 1689 2340 agno·
1778 2262 1779 2279 ¹

436 2383 531 2428 scens
553 2362 715 2427 rationem
738 2361 914 2426 humanam
933 2363 1059 2445 finitam
1083 2383 1155 2427 esse
1179 2366 1213 2428 et
1236 2371 1386 2428 creatam.
1432 2361 1519 2428 Nam
1542 2362 1690 2428 Kantius

438 2489 543 2550 nsque
566 2467 761 2534 atheismum
784 2488 889 2550 neque
904 2467 1146 2551 pantheismum
1161 2468 1317 2544 admittit,
1342 2469 1404 2536 etsi
1420 2469 1463 2534 ad
1478 2469 1564 2534 hunc
1579 2469 1690 2552 logice

437 2575 660 2642 deducendum
696 2574 763 2640 suis
798 2573 964 2658 discipulis
999 2575 1198 2658 praemissas
1232 2575 1497 2642 subministrasse
1529 2575 1690 2642 dicendus

437 2685 499 2747 est.
547 2681 591 2746 Et
620 2701 700 2746 sane
729 2680 813 2762 legis
844 2679 982 2746 rationis
1009 2682 1149 2766 formam
1181 2685 1398 2767 r'mpcrctiocm
1428 2681 1491 2748 soli
1520 2681 1691 2747 voluntati
1779 2690 1780 2735 l

437 2795 571 2867 creatae,
588 2807 652 2851 non
670 2807 748 2851 voro
765 2785 896 2852 divinae
912 2787 1193 2852 accommodatam
1210 2809 1282 2853 esse
1298 2787 1420 2854 diserte
1436 2787 1525 2866 dicit,
1542 2808 1582 2852 eo
1599 2787 1689 2870 quod

438 2892 592 2958 voluntas
616 2891 728 2956 divina
751 2891 835 2958 citra
859 2913 987 2958 omnem
1010 2893 1094 2975 legis
1117 2893 1350 2976 obligationem
1366 2915 1425 2978 per
1440 2914 1476 2957 se
1491 2892 1557 2958 iam
1574 2915 1690 2959 essen·

437 2997 562 3064 tialiter
591 3000 708 3063 sancta
737 2996 811 3064 siti.
859 2997 1039 3064 Praeterea
1062 3003 1299 3081 cousequenter
1322 3000 1364 3064 ad
1387 3001 1494 3082 legem
1518 2999 1689 3083 practicae

439 3103 575 3171 rationis
599 3123 702 3186 eaque
725 3105 954 3188 praestabilita
977 3109 1048 3170 tum
1065 3105 1125 3171 Dei
1147 3105 1374 3172 exsistentiam
1389 3110 1459 3171 tum
1476 3105 1559 3172 alias
1574 3110 1689 3172 hans·

439 3211 667 3278 scendentalss
694 3211 863 3289 veritates,
896 3215 934 3277 ut
960 3211 1097 3277 liberum
1125 3212 1307 3289 arbitrium,
1335 3212 1464 3277 animae
1490 3211 1688 3278 immortali·

437 3321 540 3386 tatem
565 3323 639 3394 stc„
664 3321 813 3382 astruere
837 3320 1008 3384 conatur4.

526 3425 682 3490 Dissentil
705 3445 784 3488 vero
809 3445 905 3506 quarn
929 3423 1072 3489 maxime
1096 3424 1203 3506 quoad
1225 3423 1387 3491 rationem
1408 3425 1578 3507 formalem
1600 3425 1687 3508 legis

438 3530 612 3609 naturalis,
645 3529 855 3612 obligationis
888 3529 958 3595 eius
990 3529 1183 3614 principium
1216 3531 1436 3612 adaequatum
1468 3531 1501 3596 in
1539 3530 1687 3607 „ratione

437 3637 584 3722 practica
614 3638 714 3720 pura“
749 3657 806 3701 seu
837 3637 1015 3702 secundum
1044 3637 1128 3702 hanc
1150 3637 1185 3702 in
1213 3639 1422 3715 „voluntate‘
1448 3635 1603 3704 rationali
1627 3637 1687 3702 ho·

437 3744 532 3809 minis
564 3764 628 3825 qua
664 3746 875 3820 „autonoma‘
914 3746 948 3809 et
979 3743 1073 3808 simul
1113 3743 1362 3818 ,universaliter
1392 3743 1550 3827 legilera“
1584 3743 1684 3809 situm

437 3873 509 3917 esse
533 3849 662 3915 docens.
695 3848 739 3914 Et
761 3869 841 3914 vcro
865 3847 1016 3920 Kantius.
1044 3849 1178 3915 tametsi
1201 3853 1307 3916 totam
1331 3849 1507 3916 humanam
1530 3854 1684 3916 naturam

441 4017 736 4028 ---.-—-.--------u

436 4113 506 4178 beit,
531 4112 645 4165 hiarvon
664 4110 821 4177 Erhltrung
845 4127 877 4163 zu
903 4109 1019 4170 sochen,
1044 4109 1083 4163 iet
1100 4109 1233 4163 veriorem
1248 4149 1255 4162 .
1268 4149 1295 4162 ..
1333 4109 1396 4164 Uud
1418 4129 1450 4164 so
1475 4111 1615 4179 begrcifsn
1633 4113 1683 4165 wir

436 4219 508 4256 zwar
538 4199 614 4254 nicht
644 4199 686 4252 die
717 4198 874 4269 prsktischa
907 4198 1072 4266 unbedingtc
1102 4197 1323 4265 Notwendigheit
1350 4197 1398 4252 des
1425 4199 1606 4254 moraliacheu
1631 4199 1682 4253 Im·

436 4291 571 4361 perativs,
597 4290 648 4342 wir
670 4288 810 4355 bagreifen
836 4287 902 4341 absr
928 4287 996 4341 doch
1021 4288 1097 4342 seine
1115 4287 1381 4356 Unbepreifiichlceit,
1407 4287 1525 4342 welches
1550 4287 1618 4342 alles
1637 4289 1680 4349 ist.

437 4395 493 4432 was
511 4375 730 4444 billigermasscn
750 4393 803 4429 von
822 4375 897 4428 einer
909 4374 1092 4444 Philosophie,
1111 4374 1155 4430 die
1173 4374 1216 4428 bis
1235 4391 1282 4427 zur
1296 4373 1401 4428 Grenzc
1419 4374 1468 4428 dar
1479 4376 1680 4430 menschlichen

436 4466 573 4521 Vernunlt
592 4467 619 4519 in
632 4464 781 4534 Prinzipien
800 4463 896 4526 strebt‚
916 4464 1056 4530 gelordert
1074 4463 1182 4518 werden
1200 4463 1290 4516 hauu‘
1306 4463 1518 4533 (Grundlegung
1537 4465 1680 4519 zurbicln-

436 4555 535 4628 physik
555 4556 602 4608 dar
621 4553 718 4616 Sitteu,
738 4553 762 4606 3.
782 4552 901 4606 Abschn.
921 4553 972 4606 sub
991 4551 1094 4620 finem).

529 4647 537 4678 ¹
558 4643 648 4698 Kritik
667 4643 715 4696 der
733 4639 909 4711 praktischen
923 4639 1068 4704 Veruunft,
1089 4643 1113 4694 1.
1132 4639 1199 4706 Tell,
1219 4643 1243 4694 1.
1262 4641 1339 4696 Buch
1358 4659 1380 4695 c.
1404 4643 1461 4710 1,§
1480 4641 1511 4706 8;
1532 4641 1679 4709 Grundlcg.

436 4753 484 4789 zur
502 4731 622 4802 Metsph.
642 4731 690 4784 der
709 4729 804 4788 sinen.
824 4730 849 4782 2.
870 4727 990 4782 Abschn.

526 4822 537 4854 ¹
557 4819 705 4886 Grundleg.
725 4835 773 4870 zur
791 4815 911 4886 Metaph.
932 4815 980 4869 der
998 4814 1086 4869 Sitten
1105 4815 1123 4868 1.
1143 4833 1165 4869 c.

528 4909 648 4966 ⁸Kritik
669 4909 716 4962 der
734 4907 823 4977 prakt.
845 4907 982 4960 Veruunft
1000 4905 1018 4960 l.
1038 4923 1061 4960 c,
1080 4905 1097 4973 5
1117 4907 1147 4969 7;
1167 4924 1190 4960 c.
1210 4907 1235 4960 3.

527 5005 537 5036 ⁴
559 5001 595 5055 lb.
616 5001 640 5054 2.
660 4995 743 5061 Buch‚
764 4994 905 5050 Dialehtik
925 4996 972 5049 der
991 4995 1083 5048 rainer
1103 4993 1193 5063 praht.
1213 4993 1295 5047 Vern.
