3909 5842
442 654 505 718 150
672 650 761 706 Sectio
781 652 800 706 1.
838 649 918 706 Liber
936 653 970 707 ll.
1008 652 1098 724 Caput
1115 652 1136 708 1.
1172 652 1312 708 Articulus
1333 654 1357 708 1.
1393 653 1454 722 93.

529 827 604 896 Jot.
629 827 1170 912 GoctietFictte(1762-1814)
1200 829 1339 913 primum
1369 829 1585 913 spinozismo,
1614 829 1682 894 dein

441 934 617 1000 critidsmo
638 935 752 1003 Kantii
776 935 927 1004 addictus
951 957 993 1001 ex
1017 956 1121 1019 eaque
1137 935 1347 1020 proficiscens
1363 956 1458 1001 suum
1473 935 1683 1002 subiectivum

441 1042 682 1126 pantheismum
705 1043 843 1109 erexit¹.
890 1042 1088 1127 Principium
1111 1043 1310 1109 moralitatis
1339 1043 1381 1109 ah
1411 1064 1451 1108 eo
1474 1042 1684 1128 propositam.

441 1148 469 1212 si
486 1148 527 1213 ah
544 1148 680 1214 obscuro
697 1149 874 1214 verborum
890 1148 1058 1214 involucro
1074 1149 1297 1232 praescimus,
1321 1148 1515 1232 aprineipio
1530 1148 1685 1214 kautiauo

441 1253 476 1317 in
499 1255 689 1322 autonomia
711 1275 815 1340 purae
838 1253 976 1320 rationis
1004 1255 1143 1322 fundato
1173 1255 1232 1320 vix
1262 1254 1383 1322 differt.
1419 1254 1581 1320 Moralem
1607 1253 1686 1318 enim

442 1360 623 1427 honitatem
647 1362 680 1426 in
703 1361 776 1446 ipsa
799 1365 915 1428 morali
930 1364 1085 1444 libertate,
1108 1365 1130 1428 i.
1150 1385 1174 1428 e.
1191 1364 1226 1427 in
1241 1363 1399 1428 maionis
1413 1364 1590 1428 rationalia
1604 1361 1687 1426 inde-

441 1467 614 1550 paccata
647 1469 686 1533 ab
717 1471 805 1534 omrai
836 1477 989 1534 momento
1019 1489 1084 1534 aon
1112 1467 1295 1550 formaliter
1322 1469 1480 1533 rationali
1508 1466 1688 1532 constituit.

442 1573 539 1656 Lapis
563 1571 695 1637 moralis
718 1573 910 1657 principium
935 1572 983 1637 illi
1006 1575 1059 1638 est
1082 1574 1116 1636 τὸ
1132 1571 1204 1654 Ego
1227 1592 1344 1655 purum
1367 1569 1464 1654 (,das
1481 1573 1575 1638 reine
1591 1570 1688 1653 Ich‘),

444 1679 484 1744 de
508 1678 598 1744 cuius
622 1679 789 1746 essentiali
813 1680 942 1747 ratione
966 1685 1019 1746 est
1041 1679 1193 1745 absoluta
1208 1678 1461 1762 independentia
1477 1678 1691 1759 (uubedingte

443 1783 797 1870 Selhsthestimmuug),
829 1792 864 1854 et
891 1786 983 1852 cuius
1012 1785 1280 1852 manifestatione
1309 1785 1343 1850 in
1374 1787 1419 1872 τῷ
1441 1785 1514 1867 Ego
1537 1784 1690 1868 empirica

443 1891 548 1957 oritur
571 1892 748 1974 exigentia,
779 1913 838 1978 per
862 1893 1059 1960 rationalem
1081 1891 1367 1976 independentiam
1390 1891 1498 1975 magis
1520 1892 1691 1974 magisque

442 1997 476 2062 in
499 1997 660 2064 infinitum
683 1998 842 2064 redeundi
868 1999 909 2064 ad
937 1999 1028 2082 ,Ego
1051 2001 1221 2083 purum“‘³.

533 2105 589 2171 Fr.
607 2105 653 2170 W.
671 2105 703 2170 J.
722 2105 901 2190 Scheltiaq⁸
926 2105 1178 2187 (1775-1854)
1202 2104 1388 2170 adoctrina
1403 2103 1530 2169 Fiohtei
1553 2103 1690 2188 primum

443 2211 653 2294 proficiscens
688 2231 825 2294 aaruque
860 2233 932 2278 cum
971 2211 1166 2294 spinozismo
1202 2211 1422 2294 coniungens,
1457 2209 1692 2292 imaginatione

444 2316 550 2399 magis
574 2337 672 2399 quam
696 2317 865 2384 intellectu
889 2318 982 2395 duos,
1011 2339 1105 2384 suurn
1130 2319 1215 2401 quod
1239 2323 1361 2385 vacant
1388 2317 1613 2396 ,identitatis‘
1640 2337 1692 2398 sy·

444 2425 551 2488 stema
576 2424 769 2502 construxit,
794 2423 980 2491 identitatis
996 2425 1150 2492 videlicet
1170 2426 1257 2492 inter
1273 2425 1434 2490 obiectum
1450 2427 1485 2489 et
1500 2424 1692 2500 subiectum,

443 2525 631 2594 realitatem
655 2533 690 2596 et
712 2529 927 2610 idealitatem,
951 2535 1104 2596 naturam
1128 2535 1163 2596 et
1185 2532 1336 2616 spiritum
1358 2531 1392 2596 in
1408 2531 1537 2598 unitate
1553 2529 1692 2597 absoluti

444 2653 502 2698 seu
526 2635 698 2702 absolutae
721 2637 859 2702 rationis
869 2639 891 2704 ⁴.
938 2637 1028 2704 Idem
1052 2643 1163 2704 autem
1187 2642 1335 2721 systema
1357 2658 1511 2704 successu
1536 2635 1693 2721 temporis

446 2758 511 2804 non
534 2741 742 2809 mediocriter
757 2743 978 2811 modificatum
994 2745 1153 2828 paulatim
1169 2745 1203 2810 iu
1219 2745 1361 2828 quadam
1376 2744 1574 2830 theosophis
1588 2743 1692 2816 desiit

446 2863 511 2926 qua
540 2851 574 2911 et
605 2847 816 2916 christianam
847 2851 1082 2918 revelationem
1114 2851 1182 2918 suis
1211 2851 1445 2936 philosophicis
1474 2850 1611 2916 somniis
1641 2869 1692 2914 ac·
1772 2926 1773 2937 χ

447 2954 653 3020 commodare
677 2958 867 3024 conabatur.
899 2958 938 3023 In
960 2959 1058 3023 rebus
1080 2957 1259 3024 moralibus
1282 2957 1444 3041 quandam
1462 2956 1691 3041 platonismum
1772 2968 1773 2973 ’

446 3059 666 3140 pantheistice
694 3067 884 3147 corruptum
907 3063 1104 3147 assumpsit,
1134 3067 1263 3130 artatis
1290 3064 1454 3130 rationem
1481 3062 1516 3128 iu
1538 3064 1609 3146 lapi
1631 3069 1692 3126 tea·

447 3164 556 3230 deatia
577 3167 622 3231 cd
644 3169 818 3236 absolutam
843 3189 900 3235 seu
925 3169 1136 3252 progressiva
1159 3169 1278 3236 unione
1301 3191 1374 3236 cum
1397 3168 1550 3234 absoluta
1566 3167 1691 3234 ratione

447 3271 658 3340 constituens.

448 3414 710 3423 —ffl—
721 3417 757 3423 .-

447 3484 558 3537 lendin:
578 3483 668 3538 'lract
686 3482 857 3552 theol-polit.
871 3501 893 3537 e.
910 3484 950 3536 16.
976 3481 1013 3536 Et
1025 3483 1058 3535 de
1076 3482 1185 3536 notione
1204 3482 1266 3536 honi
1285 3486 1312 3535 et
1331 3482 1411 3536 mali:
1433 3480 1513 3548 ,Sola
1530 3482 1691 3535 necessitate

448 3571 565 3636 (aeterni
585 3571 699 3641 ordinis)
720 3571 809 3626 omnia
832 3571 973 3625 individua
992 3573 1066 3625 certo
1085 3570 1164 3625 modo
1183 3570 1400 3625 determinantur
1413 3569 1445 3624 ad
1459 3570 1649 3624 exsistendum
1666 3571 1691 3620 el

447 3659 481 3713 ad
507 3661 682 3728 operandum.
724 3657 859 3729 Quidquid
886 3660 970 3727 igitur
999 3659 1077 3713 nobis
1102 3660 1130 3713 in
1157 3664 1255 3714 natura
1280 3657 1441 3722 ridiculum,
1472 3659 1620 3712 absurdum
1648 3658 1693 3712 aut

447 3749 548 3801 malum
566 3748 689 3814 ridetur,
716 3749 743 3803 id
770 3749 831 3803 inde
850 3749 941 3813 venit,
968 3747 1038 3817 quod
1065 3765 1109 3802 res
1135 3751 1240 3801 tantum
1260 3765 1294 3802 ex
1314 3751 1392 3818 parte
1410 3747 1537 3801 novimus
1555 3747 1691 3814 tutiusque

447 3839 561 3890 naturae
587 3837 707 3891 ordinem
727 3843 755 3891 et
773 3837 973 3892 cohaerentiam
991 3836 1112 3891 maxima
1136 3853 1172 3890 ex
1190 3840 1268 3907 parte
1285 3835 1460 3905 ignoramus‘¹
1483 3834 1555 3903 (ih).
1592 3833 1693 3889 Similia

447 3923 474 3978 in
494 3923 584 3979 Tract.
603 3925 713 3995 politico
732 3943 755 3980 c.
774 3927 799 3989 2,
819 3927 835 3996 9
855 3926 931 3994 3sq;
952 3925 1014 3980 Eth.
1033 3925 1058 3988 4,
1077 3925 1193 3995 praelat.

540 4015 547 4046 ¹
566 4013 608 4068 Ex
627 4013 751 4084 plurimis
776 4015 835 4068 aius
853 4015 964 4085 scriptis
982 4015 1035 4068 hoc
1052 4013 1112 4068 loco
1129 4017 1237 4068 tautum
1255 4013 1441 4067 nominamus:
1468 4011 1630 4081 Grundlage
1649 4011 1692 4064 dar

446 4106 589 4168 gesamten
610 4101 847 4156 Wissenschalten
866 4103 976 4170 (lieth
1002 4101 1161 4170 Grundlage
1179 4102 1228 4156 des
1246 4101 1429 4156 Naturrachts
1447 4099 1519 4154 nach
1539 4099 1691 4169 Prinzipiso

449 4189 496 4243 der
515 4190 809 4245 Wissenschnitslehrs
836 4190 944 4260 (math
972 4191 1082 4260 System
1108 4191 1156 4244 der
1182 4189 1347 4244 Sittanlehre
1371 4188 1442 4244 nach
1468 4187 1624 4257 Prinzipien
1649 4186 1692 4240 der

449 4277 744 4334 Wissensohsftslshre
763 4280 868 4348 (1798).

537 4366 622 4420 ²Das
642 4367 750 4437 Prinnip
774 4368 821 4422 der
840 4367 1008 4422 Sittliehlrsit
1033 4368 1070 4422 ist
1095 4367 1143 4421 der
1170 4366 1357 4434 ,notwendige
1381 4364 1513 4420 Gadanke
1538 4364 1588 4418 der
1614 4361 1691 4418 [utel-

449 4455 546 4524 ligem,
565 4455 629 4510 dass
647 4455 687 4510 sie
706 4455 765 4510 ihre
778 4455 896 4510 Freiheit
913 4454 985 4510 nach
1004 4455 1065 4510 dem
1077 4455 1196 4524 Begriffe
1214 4456 1263 4509 der
1275 4453 1510 4520 Sslhsttndigksit
1524 4451 1693 4507 schluchthin

449 4543 518 4598 ohne
536 4543 693 4599 Ausnahma
720 4545 880 4598 bestimmen
906 4544 1001 4599 solle‘.
1027 4573 1061 4584 -
1092 4543 1155 4609 ,Die
1180 4531 1341 4611 ilusseruug
1365 4542 1419 4596 and
1445 4541 1624 4608 Darstallung
1649 4541 1692 4594 der

450 4631 542 4685 reinen
561 4631 608 4686 lch
627 4632 664 4686 im
683 4632 877 4686 individuellen
896 4631 943 4686 leh
961 4632 999 4685 ist
1017 4632 1066 4686 das
1085 4631 1291 4699 Sittengusetz.⁸

540 4719 625 4774 ³Eius
635 4735 717 4790 opera
727 4721 816 4773 omnia
826 4718 1194 4786 (abelusdemlilioeditalin
1204 4717 1692 4786 lirul,Stuttg.stllugsb.1856sq.

539 4809 695 4876 ‘systema
714 4807 872 4876 Schellingli
898 4809 1010 4878 eiusque
1036 4807 1195 4862 relationem
1219 4807 1254 4860 ad
1279 4810 1402 4877 systema
1427 4804 1532 4859 Fichtai
1557 4805 1693 4859 succincte

451 4897 562 4968 exponit
582 4899 674 4966 statut,
700 4895 863 4951 Gesohichte
882 4897 930 4952 der
948 4895 1236 4966 Rechtsphilosophie,
1262 4895 1288 4949 5.
1308 4893 1398 4958 Bueh,
1419 4893 1444 4946 l.
1462 4891 1585 4946 Ahschn.
1603 4921 1640 4930 -
1657 4891 1693 4945 Da

450 4990 566 5056 utroque
585 4989 737 5056 systemate
755 4985 813 5052 agit
832 4985 915 5038 Kana
934 4985 1055 5053 Fischer,
1074 4983 1172 5039 Gesch.
1192 4983 1239 5038 der
1257 5000 1376 5038 neueren
1394 4981 1495 5035 Philus.
1514 4979 1540 5033 V
1559 4983 1588 5033 et
1605 4979 1654 5033 Vl.
