3909 5842
433 692 497 756 266
642 689 732 744 Sentio
751 689 771 744 1.
809 690 890 744 Liber
909 690 956 745 III.
994 691 1083 762 Caput
1101 692 1148 747 III.
1186 694 1328 749 Atticulae
1347 695 1372 751 2.
1410 695 1470 764 §2-

431 868 539 950 legem
563 867 624 932 Dei
646 867 851 952 prohibentis
873 869 997 937 illnm‘
1031 867 1063 952 c)
1091 871 1202 949 „Sicut
1225 873 1281 938 lex
1304 877 1441 941 aeterna
1464 875 1568 940 solum
1594 873 1675 941 iusta

431 973 603 1057 praecipit,
627 974 704 1055 quia
722 978 775 1040 est
790 974 862 1058 ipsa
876 975 1005 1044 iustitia
1020 998 1080 1061 per
1095 977 1283 1057 essentiam,
1307 979 1356 1047 ita
1371 1001 1453 1047 vora
1467 982 1522 1046 lex
1537 981 1676 1047 humana

432 1100 505 1145 esse
529 1079 626 1147 debet
647 1080 858 1166 participatio
882 1082 962 1161 eius,
988 1087 1022 1150 et
1044 1083 1117 1150 ideo
1140 1106 1207 1151 non
1229 1089 1341 1170 potest
1364 1090 1469 1154 valide
1490 1087 1678 1172 praecipere
1769 1099 1770 1106 ’

432 1184 495 1250 nisi
524 1185 613 1252 iusta
635 1191 670 1253 et
692 1186 832 1254 honesta
854 1187 950 1255 iuxta
972 1188 1053 1255 illud
1077 1187 1158 1270 (Prv
1183 1192 1212 1269 8,
1240 1189 1312 1274 15):
1338 1191 1413 1268 ‚Per
1435 1213 1488 1258 me
1510 1214 1610 1275 reges
1633 1215 1677 1258 re-

432 1296 538 1376 gnant
567 1297 601 1359 et
623 1293 733 1376 legum
757 1295 943 1360 conditores
965 1295 1054 1362 iusta
1078 1297 1281 1364 decernunt‘
1328 1299 1417 1382 Ergo
1440 1303 1605 1387 lepislator
1626 1304 1678 1367 tu-

432 1422 550 1466 manus
578 1423 642 1466 uon
670 1402 762 1467 babet
780 1409 965 1488 potestatem
989 1405 1035 1469 ad
1057 1403 1263 1488 oblipandum
1285 1428 1344 1490 per
1368 1409 1498 1493 iniquas
1520 1409 1626 1494 layes;
1656 1418 1679 1474 et

433 1507 506 1572 idco
534 1509 605 1572 iicet
633 1509 747 1593 iniqua
773 1511 965 1594 praecipiat,
996 1517 1101 1575 tamen
1128 1519 1334 1597 praeceptum
1359 1535 1424 1579 non
1447 1521 1492 1580 est
1514 1515 1576 1597 lca,
1608 1518 1679 1600 quio

432 1616 570 1680 vaurum
594 1615 641 1678 ad
663 1613 870 1700 oblipaudum
892 1637 957 1681 non
979 1615 1131 1682 labet.“¹

523 1719 671 1784 Eandem
694 1740 792 1803 porro
815 1721 998 1786 doctrinam
1021 1743 1087 1787 non
1110 1723 1189 1788 solis
1212 1723 1334 1788 scholis
1358 1722 1529 1789 catholicis
1553 1729 1615 1791 aut
1633 1745 1680 1791 eo·

434 1825 628 1891 clesiasiicis
650 1826 818 1910 propriam
834 1831 870 1894 et
885 1828 978 1910 quasi
995 1827 1169 1907 internam,
1194 1830 1252 1895 sed
1268 1829 1377 1914 potius
1393 1830 1570 1896 universae
1586 1854 1682 1898 sanae

432 1933 651 2018 philosophiae
673 1955 866 1999 communem
888 1935 1107 2018 reputandam
1130 1956 1213 2016 esse,
1238 1937 1343 2003 testes
1365 1934 1523 2002 habemus
1546 1937 1613 2002 lide
1637 1935 1681 2000 di·

434 2037 618 2120 gniasimos.
665 2039 717 2104 Ex
740 2040 853 2104 multis
876 2039 1083 2106 nominandi:

523 2155 619 2240 Hupo
635 2155 778 2235 Grotius,
801 2155 890 2222 inter
912 2159 1138 2238 protestantes
1161 2155 1241 2221 iuris
1264 2160 1404 2222 naturas
1428 2156 1581 2224 doctores
1600 2159 1681 2224 cele·

434 2261 603 2341 berrimus,
627 2261 726 2327 immo
749 2283 770 2327 a
793 2261 861 2327 suis
885 2262 1060 2344 aliqnando
1084 2281 1143 2344 per
1166 2261 1459 2345 exaggerationem
1478 2265 1574 2344 quasi
1590 2264 1682 2330 huius

434 2367 592 2434 scientiae
614 2368 772 2435 fundator
794 2367 958 2447 laudatus,
984 2368 1032 2434 ita
1047 2367 1178 2434 scribit:
1205 2369 1313 2450 „Illud
1328 2371 1457 2455 quidem
1472 2373 1563 2458 opud
1580 2391 1683 2437 omncs

434 2477 529 2541 bonos
547 2483 639 2541 cntra
655 2477 900 2542 controuersiam
917 2482 970 2558 est,
994 2477 1024 2540 si
1043 2476 1122 2561 quid
1136 2473 1309 2554 (summum
1320 2483 1503 2560 potestatem
1519 2479 1682 2558 babentes)

434 2585 589 2666 imperent
616 2583 765 2647 naturali
786 2582 855 2645 iuri
878 2588 935 2644 aut
958 2583 1078 2646 diuinis
1100 2583 1276 2666 praeceptis
1300 2584 1509 2665 cmutrarium,
1532 2606 1599 2650 uon
1623 2605 1683 2650 esse

433 2688 631 2772 faciendum,
656 2689 740 2773 quod
762 2688 881 2753 iubent.
920 2685 1008 2752 Nam
1032 2687 1173 2769 apostoli
1197 2707 1270 2752 cum
1295 2685 1459 2764 dixerunt,
1484 2691 1555 2756 Deo
1579 2691 1682 2774 magis

435 2815 532 2877 quam
549 2792 733 2859 hominibus
749 2792 995 2870 oboediendum,
1020 2795 1065 2858 ad
1081 2795 1289 2858 certissimam
1309 2799 1526 2877 provocarunt
1541 2793 1680 2876 requiam

436 2903 577 2966 omnium
607 2902 795 2986 inscriptam
824 2897 1001 2965 mentibus“
1094 2898 1127 2963 id
1158 2903 1210 2964 est
1240 2899 1291 2978 (ut
1321 2900 1362 2964 ad
1386 2898 1472 2964 hunc
1494 2899 1604 2963 locum
1629 2895 1682 2962 sd-

435 3011 532 3074 notat
557 3007 760 3089 Gronovius),
790 3005 997 3084 „contraius
1021 3005 1126 3084 civile,
1156 3005 1242 3086 quod
1264 3005 1426 3089 praecipit
1449 3003 1682 3071 oboediendum

436 3113 641 3198 praepositis,
673 3113 766 3179 velut
795 3115 945 3199 superius
974 3112 1119 3178 tribunal
1148 3111 1358 3195 appellarunt
1387 3109 1468 3177 iuris
1490 3107 1681 3176 naturae‘i.

523 3230 687 3296 Henricus
704 3231 849 3297 Cocceius
866 3228 922 3309 (H.
936 3249 1000 3293 von
1014 3226 1138 3310 Goceeji
1155 3227 1399 3308 1644-1719),
1422 3225 1476 3291 vir
1486 3221 1682 3291 Fridericol

433 3337 505 3420 regi
520 3336 697 3401 Borussiae
713 3335 877 3418 quondam
894 3355 915 3400 a
930 3333 1162 3399 secretioribus
1179 3331 1332 3410 consiliis,
1357 3332 1389 3396 in
1406 3353 1465 3398 suo
1482 3330 1681 3415 amplissimo

434 3441 668 3508 commentario
702 3441 855 3520 „Grotius
887 3439 1092 3506 illustratus“
1126 3459 1226 3522 supra
1256 3439 1392 3505 citatum
1418 3437 1525 3504 Grotii
1552 3441 1680 3503 textum

434 3547 602 3632 explicans
630 3547 763 3628 suisque
790 3545 971 3612 rationibus
995 3545 1068 3612 fuse
1093 3547 1289 3610 confirmans
1318 3543 1367 3611 ita
1393 3542 1583 3610 summatim
1608 3561 1679 3607 con·

434 3653 552 3719 cludit:
585 3655 767 3738 „Quicquid
785 3653 848 3719 Dei
871 3654 1025 3718 mandato
1048 3652 1247 3716 contrarium
1272 3656 1325 3730 cst,
1352 3657 1443 3715 cotra
1465 3651 1618 3714 terminos
1640 3655 1680 3712 cst

433 3763 562 3846 imperii
585 3759 749 3828 inmani.“
797 3761 843 3826 Et
866 3759 909 3825 ad
931 3758 1017 3823 idem
1043 3755 1149 3822 Grotii
1173 3759 1272 3839 caput
1295 3755 1312 3838 ἐ
1331 3757 1350 3819 2
1374 3757 1563 3839 profitetur:
1592 3755 1679 3836 „Ma-

432 3869 603 3952 pistratum
627 3869 734 3952 quoad
757 3887 916 3933 cucessum
939 3863 1145 3948 manifestum
1175 3885 1234 3948 pro
1255 3865 1382 3948 priuato
1409 3863 1533 3928 baberi.
1580 3861 1680 3926 Utisi

434 3975 514 4056 leues
537 3976 667 4057 imperet
690 3977 758 4039 iuri
780 3981 919 4039 naturae
940 3973 988 4037 uel
1011 3973 1129 4054 diuino,
1158 3971 1275 4034 morali
1305 3970 1497 4051 contrarias,
1528 3969 1575 4032 uel
1605 3965 1680 4052 quid

434 4086 553 4144 statum
581 4082 631 4143 rei
657 4081 804 4166 publicae
834 4081 975 4161 nonium,
1006 4079 1102 4162 idque
1132 4073 1339 4157 manifestum
1370 4076 1420 4140 sit.
1468 4073 1572 4138 Plane
1599 4075 1677 4139 euim

433 4193 552 4252 certum
575 4193 629 4268 est,
662 4187 700 4250 id
722 4187 853 4250 irritum
884 4192 912 4249 et
940 4186 1064 4249 nullum
1089 4203 1153 4247 csse
1179 4188 1205 4246 ct
1228 4201 1284 4245 nco
1306 4183 1359 4244 ius
1382 4201 1438 4244 nee
1461 4178 1677 4263 obliquationem

430 4291 603 4379 parere.“³

522 4402 652 4466 Samuel
665 4401 811 4465 Cocceius
822 4397 1083 4480 (1679-1755),
1101 4393 1235 4460 Henrici
1246 4391 1332 4458 filius
1348 4398 1383 4460 et
1398 4391 1492 4476 regni
1504 4391 1677 4457 Bornssiae

432 4507 493 4572 sub
505 4505 672 4572 Friderico
684 4505 716 4570 lI
731 4524 877 4570 summus
893 4501 1120 4580 cancellarius,
1137 4500 1171 4566 in
1193 4499 1456 4576 „introductione
1472 4497 1514 4563 ad
1531 4497 1676 4565 Grotium

432 4673 743 4681 .---————.---

524 4768 533 4800 ¹
552 4767 592 4822 Dc
611 4767 664 4837 leg.
683 4767 702 4821 1.
724 4769 746 4832 1,
766 4785 789 4821 c.
809 4767 833 4833 9,
853 4767 870 4834 ἓ
889 4765 906 4819 2
925 4769 952 4819 et
970 4769 1002 4829 45
1021 4765 1090 4818 adde
1109 4763 1126 4816 1.
1146 4761 1170 4826 3,
1191 4779 1213 4815 c.
1236 4759 1277 4826 12,
1297 4761 1314 4828 ἕ
1333 4761 1364 4824 4;
1383 4758 1401 4812 1.
1422 4759 1446 4824 3,
1466 4775 1489 4813 c.
1511 4759 1553 4821 19,
1573 4757 1590 4825 5
1611 4757 1649 4810 11.

523 4857 534 4892 ²
552 4857 592 4911 De
610 4857 669 4911 iure
686 4857 752 4912 belli
770 4873 803 4910 ao
821 4855 897 4925 pacis
915 4855 933 4908 1.
954 4855 977 4918 1,
997 4871 1019 4908 c.
1039 4855 1064 4914 4,
1084 4851 1100 4919 ἓ
1120 4851 1144 4908 1.

522 4947 533 4978 ³
551 4948 623 5014 Hau.
640 4947 731 5000 Grotii
748 4944 789 4998 De
807 4944 865 4996 iure
883 4940 948 4995 belli
966 4943 995 4994 et
1013 4940 1089 5010 pacis
1107 4938 1168 4992 libri
1182 4942 1247 4999 tres.
1266 4954 1328 4990 cum
1348 4933 1551 4990 commentariis
1565 4929 1673 4987 Hearici

432 5039 464 5089 de
485 5036 585 5102 mccejt
605 5034 658 5103 (ed.
677 5032 811 5087 Samuelis
830 5031 863 5084 de
882 5028 1000 5100 Oooceji)
1023 5027 1181 5082 lausannae
1202 5025 1279 5090 1151,
1299 5023 1312 5078 I
1331 5023 1384 5078 356
1403 5025 1431 5077 et
1449 5021 1510 5076 359.
