3909 5842
707 680 748 735 Da
765 680 922 735 definitione
939 680 1084 736 libertatis.
1475 685 1516 748 77

270 853 337 925 100.
429 859 475 923 ΙΙ.
508 858 564 922 Ad
593 857 762 939 formalem
795 860 950 923 rationem
982 858 1136 922 libertatis
1167 879 1231 923 noa
1261 858 1438 941 requiritur
1468 861 1519 923 iu-

271 962 456 1044 differeutia
486 966 738 1047 contrarietatis,
771 966 827 1029 sect
856 986 914 1050 per
943 985 977 1029 sc
1001 964 1122 1047 sufficit
1148 962 1368 1045 indifferentia
1395 970 1518 1029 coutra-

271 1070 429 1135 dicionis.

359 1176 457 1241 Ratio
488 1184 541 1257 cst,
572 1175 648 1257 quia
678 1175 823 1240 condicio
854 1175 977 1241 liberae
1008 1175 1176 1241 electionis
1207 1196 1249 1241 ex
1278 1178 1374 1259 parte
1402 1175 1518 1242 obiecti

272 1279 358 1345 aliud
389 1303 449 1367 per
477 1303 513 1347 se
543 1302 607 1347 non
639 1281 754 1365 exigit,
787 1303 885 1363 quam
909 1286 946 1347 nt
968 1285 1102 1365 praesto
1127 1282 1179 1361 sit,
1213 1281 1297 1364 quod
1322 1286 1519 1361 assumatur,

212 1411 215 1415 ·
272 1387 376 1452 altero
400 1388 539 1463 reiecto,
563 1387 689 1453 adhoc
713 1408 792 1453 vero
813 1388 936 1453 sufficit
952 1388 1073 1473 duplex
1088 1388 1257 1466 terminus,
1283 1410 1419 1471 quorum
1436 1389 1520 1455 alter

272 1492 369 1557 alteri
398 1515 457 1577 per
479 1493 660 1578 simplicem
684 1493 978 1559 contradictionem
1002 1493 1184 1578 opponitur,
1215 1496 1253 1559 ut
1276 1498 1369 1560 satus
1394 1495 1519 1561 eteius

272 1596 417 1679 positiva
439 1599 582 1667 omissio.
605 1638 650 1648 —
673 1600 751 1665 Ideo
783 1600 883 1667 etiam
907 1621 950 1665 ex
973 1604 1069 1685 parte
1092 1599 1278 1665 intellectus
1303 1604 1402 1667 radia
1424 1604 1521 1668 tiber·

273 1707 348 1770 totis
377 1726 438 1791 per
466 1728 503 1773 se
532 1707 637 1773 solum
667 1706 815 1789 requirit,
847 1711 884 1773 ut
907 1707 1026 1773 saltem
1050 1728 1150 1772 unum
1175 1706 1336 1773 obiectum
1361 1707 1422 1773 sibi
1445 1730 1520 1793 pro·

272 1810 415 1893 positum
438 1810 569 1891 habeat,
601 1813 660 1879 sed
687 1813 767 1879 illud
790 1836 856 1879 non
879 1818 917 1880 ut
939 1835 982 1879 ex
1004 1816 1077 1880 toto
1100 1820 1134 1881 et
1156 1835 1240 1879 more
1264 1813 1440 1898 appetibile
1463 1828 1520 1881 seu

273 1916 465 2001 simpliciter
481 1921 611 1998 bonum,
628 1920 685 1985 sed
702 1921 763 1985 sub
780 1923 890 2006 aliqua
905 1920 1034 1986 ratione
1051 1920 1125 1986 boui
1141 1922 1175 1985 et
1191 1920 1251 1985 sub
1268 1923 1377 2005 atiquo
1394 1920 1522 1987 ratione

273 2028 351 2092 cunti
373 2048 433 2093 seu
456 2048 522 2093 non
544 2026 742 2111 appetibilis.
776 2027 810 2093 Si
834 2027 921 2093 enim
945 2027 1107 2093 obiectum
1125 2047 1205 2110 pure
1222 2030 1258 2091 ut
1275 2025 1394 2091 bonum
1410 2026 1521 2107 (quale

274 2136 361 2197 esset
383 2134 474 2199 Deus
495 2134 645 2218 perfecte
668 2133 834 2218 cognitus)
856 2134 1060 2219 propositum
1085 2134 1231 2210 haberet,
1256 2132 1408 2198 iudicium
1424 2134 1520 2201 intel-

275 2237 432 2317 lectuale,
463 2240 629 2307 voluntati
658 2240 863 2324 praelucens,
894 2261 960 2304 non
991 2243 1102 2323 posset
1132 2260 1205 2303 esse
1234 2240 1432 2317 indifferens,
1463 2241 1520 2306 sed

274 2350 361 2411 esset
391 2346 577 2413 necessario
608 2346 650 2412 ad
680 2368 781 2411 unum
809 2346 1072 2424 determinatum,
1105 2366 1164 2411 uec
1187 2345 1280 2429 proin
1303 2347 1440 2414 rationis
1464 2347 1520 2413 de·

275 2450 472 2533 liberationi,
503 2474 600 2536 quam
632 2454 737 2518 omnis
768 2452 884 2519 electio
915 2452 1123 2535 aliquatenus
1153 2452 1402 2537 praesupponit,
1435 2454 1520 2519 ullus

275 2556 363 2622 locus
385 2558 636 2641 relinqueretur.

361 2664 473 2749 Atque
506 2667 581 2733 hinc
615 2666 739 2751 pariter
773 2666 977 2749 intellegitur
1013 2668 1266 2751 indifferentiam
1296 2668 1342 2732 od
1372 2668 1445 2733 bene
1476 2670 1521 2733 oct

276 2775 356 2837 male
378 2774 537 2859 aqcadum
560 2794 626 2838 non
649 2793 722 2838 esse
746 2772 786 2838 de
808 2772 937 2839 ratione
961 2772 1140 2850 libertatis;
1173 2796 1245 2839 eam
1269 2773 1377 2858 potius
1399 2772 1521 2859 imper·

276 2878 449 2945 lectionem
472 2879 567 2945 liberi
590 2878 721 2963 agentis
743 2899 884 2962 arguere
906 2878 1118 2945 manifestum
1143 2883 1193 2945 est
1204 2882 1225 2946 ¹.

362 2985 460 3052 Unde

277 3122 340 3193 107.
433 3130 496 3195 ΠΙ.
520 3130 673 3194 Indorum
701 3128 874 3195 arbitrium
892 3150 955 3214 pro
978 3150 1038 3193 sua
1063 3132 1186 3193 ratione
1207 3128 1341 3211 formati
1364 3138 1520 3213 acceptum

279 3242 357 3299 recte
379 3236 550 3319 definitur:
570 3237 741 3301 uoluntatis
761 3235 911 3317 facultas,
936 3256 1001 3319 pua
1023 3236 1132 3320 positis
1148 3236 1291 3300 omuibus
1308 3236 1352 3299 ad
1364 3236 1520 3318 apertura

278 3345 519 3427 pronepuisitis
539 3349 641 3430 potest
664 3364 758 3427 opero
781 3344 828 3406 oct
849 3362 913 3405 nou
938 3342 1062 3425 aqare2.

366 3448 625 3531 Explicatis.
671 3446 815 3513 Dicitur:
844 3446 980 3531 ,positis
1004 3447 1152 3512 omnibus
1175 3446 1217 3512 ad
1241 3447 1401 3531 agendum
1426 3468 1522 3530 prse-

280 3554 475 3636 requisitis“,
499 3553 520 3620 i.
538 3574 566 3620 e.
584 3552 671 3618 omni
695 3552 884 3619 condicione
899 3554 1046 3639 impleta,
1071 3574 1153 3635 quae
1172 3558 1239 3619 tum
1259 3575 1301 3619 ex
1317 3556 1411 3637 parte
1427 3552 1522 3619 intel·

281 3658 384 3725 lectus
407 3663 575 3743 tamquam
598 3660 719 3727 radicis
742 3660 917 3739 libertatis,
941 3664 1012 3727 tum
1036 3681 1078 3725 ex
1101 3664 1196 3743 parte
1220 3680 1395 3725 concursus
1411 3660 1471 3726 Dei
1487 3666 1524 3727 ut

282 3764 405 3847 primae
428 3786 547 3831 causae
570 3765 759 3848 requiritur,
783 3770 821 3832 ut
843 3766 992 3850 potentie
1009 3765 1119 3831 activa
1134 3766 1176 3831 ad
1192 3769 1301 3831 actum
1317 3766 1361 3833 sit
1376 3767 1523 3850 proxime

283 3870 445 3955 expedita.
476 3870 621 3937 Dicitur:
650 3922 676 3951 ,.
695 3923 703 3938 .
722 3924 729 3937 .
746 3875 858 3954 potest
881 3892 982 3955 agere
1004 3872 1059 3937 vel
1081 3893 1146 3937 non
1169 3874 1302 3953 agere',
1325 3871 1523 3949 itascilicet,

284 3982 319 4042 nt
341 3998 414 4043 cum
438 3976 554 4043 iisdem
578 3977 727 4044 omnibus
750 3977 998 4061 praerequisitis
1021 3977 1137 4061 positis
1159 3985 1223 4043 tam
1241 3985 1330 4043 caus
1347 4001 1441 4063 quam
1458 3984 1526 4046 cius

284 4088 425 4151 corratio
447 4082 598 4169 componi
620 4084 736 4168 possit.
782 4084 879 4151 Unde
903 4084 1122 4166 consequitur,
1150 4084 1295 4151 libertati
1319 4086 1438 4170 opponi
1461 4108 1524 4152 non

284 4191 384 4255 solum
415 4190 721 4257 determinationem
751 4190 932 4256 voluntatis
960 4190 1002 4256 ad
1026 4211 1125 4255 unum
1148 4191 1188 4255 ob
1212 4190 1375 4259 defectum
1398 4192 1525 4257 indiffe-

284 4297 408 4363 rentiae
438 4318 481 4362 ex
503 4301 600 4382 parte
622 4296 821 4375 intellectus,
852 4317 965 4361 verum
991 4316 1118 4361 omnem
1143 4296 1272 4361 omnino
1295 4298 1525 4365 necessitatem

286 4402 459 4471 absolutam
475 4413 502 4469 et
518 4405 759 4486 antecedentes,
783 4403 1009 4485 undecumque
1024 4402 1207 4486 proveniat,
1232 4424 1316 4485 quae
1332 4408 1451 4471 natura
1467 4425 1527 4471 sua

286 4515 397 4577 causet
419 4510 469 4575 sui
493 4509 799 4576 determinationem
822 4508 1013 4575 voluntatis.

286 4645 350 4718 100.
438 4646 611 4721 Ecbolima.
656 4660 817 4731 Doctrina,
845 4680 932 4737 quam
956 4660 992 4718 de
1013 4660 1128 4719 ratione
1148 4658 1234 4719 liberi
1254 4660 1370 4719 arbitrii
1391 4664 1526 4740 exposui·

287 4769 364 4821 mua,
392 4772 429 4813 es
455 4760 516 4826 est,
545 4776 633 4831 quam
661 4778 726 4817 cum
748 4758 887 4818 Suareaio
915 4758 1075 4819 Societstis
1103 4758 1172 4819 lesu
1194 4758 1326 4835 theologi
1354 4766 1528 4820 constanter

374 4928 383 4961 ¹
402 4927 444 4981 Gt.
464 4929 493 4982 S.
515 4930 616 4997 Tironi,
635 4928 662 4984 S.
681 4929 763 4985 theol.
785 4932 809 4995 l,
829 4949 856 5000 q.
875 4932 919 4997 62,
937 4948 962 4986 a.
982 4932 1007 4997 8,
1027 4930 1061 4985 ad
1080 4932 1105 4986 3.

372 5016 444 5071 ’ct
464 5018 578 5088 Suom,
595 5018 717 5089 Met-apli.
737 5018 801 5074 dist.
821 5020 862 5086 19,
882 5022 949 5074 sect.
968 5021 994 5073 4.
