3909 5842
616 669 657 725 De
676 670 808 741 principio
827 673 938 725 actuum
956 670 1142 725 bumanorum.
1457 675 1499 739 63

253 879 298 923 ex
331 879 432 943 supra
464 856 560 924 dictis
593 861 712 942 sponte
743 858 944 941 suggeritur.
991 858 1154 925 Nimirum
1184 858 1325 924 admisso
1356 861 1502 941 generali

252 962 426 1047 principio,
457 963 542 1045 quod
570 962 604 1028 in
628 964 752 1031 Maiori
775 963 975 1043 enuntiatur,
1007 962 1238 1047 distinguenda
1261 969 1313 1032 eat
1335 966 1445 1031 Minor
1468 968 1503 1031 et

255 1073 395 1135 eatenus
419 1074 479 1135 aut
502 1070 711 1136 concedenda
734 1070 980 1153 emungenda,
1012 1074 1175 1152 quatenus
1205 1070 1285 1135 illud
1308 1074 1425 1137 bonum
1449 1071 1503 1137 de·

254 1174 412 1241 laetabile
442 1180 501 1243 aut
531 1177 640 1258 aliquo
670 1177 767 1242 modo
798 1177 952 1243 rationali
984 1176 1068 1243 bono
1092 1177 1258 1244 subservit
1280 1180 1315 1243 et
1337 1178 1385 1243 sic
1407 1177 1441 1242 in
1464 1198 1503 1243 eo

256 1280 451 1365 implicitum
468 1283 764 1367 comprehenditur,
789 1288 847 1350 aut
862 1284 952 1349 nullo
967 1284 1065 1366 plane
1081 1283 1177 1349 modo
1194 1284 1236 1349 ad
1251 1284 1331 1350 illud
1346 1283 1504 1361 refertum

256 1387 378 1471 quippe
400 1387 435 1453 in
456 1389 566 1471 priore
589 1394 719 1456 tantum
743 1389 918 1474 hypothesi
940 1388 1041 1456 habet
1063 1388 1223 1457 rationem
1247 1389 1323 1455 boni
1339 1388 1447 1473 (veri),
1471 1390 1504 1455 in

257 1493 365 1559 altera
380 1498 493 1561 autern
508 1499 561 1562 est
576 1495 695 1561 bonum
711 1516 802 1561 mere
817 1516 997 1580 apparens3
1015 1499 1050 1563 et
1066 1495 1114 1561 ita
1130 1495 1298 1580 expressio
1311 1517 1331 1561 a
1344 1498 1383 1576 -Ι-
1398 1496 1418 1561 b
1432 1508 1468 1567 >
1486 1518 1506 1563 a

256 1620 466 1683 nequequam
489 1602 687 1679 verificatur,
711 1602 870 1684 siquidem
887 1602 907 1666 b
924 1629 966 1655 =
984 1622 1014 1679 o,
1036 1600 1135 1668 immo
1158 1586 1316 1685 negativa
1339 1602 1506 1683 quantitas

258 1726 331 1772 esse
354 1706 570 1790 intellegitur.
616 1707 724 1785 Quare
747 1712 782 1774 et
804 1707 958 1791 neganda
981 1728 1179 1793 consequens.

777 1915 898 2026 (laput
924 1914 994 2001 Ill.

521 2086 577 2161 De
604 2086 786 2183 principio
814 2089 965 2160 actuum
993 2086 1247 2159 humanorum.

781 2267 999 2349 Prologus,

264 2415 309 2486 81.
402 2418 521 2485 Actum
546 2418 723 2483 humanum
746 2422 933 2485 scrutantes
955 2416 997 2482 ad
1014 2416 1154 2482 alterum
1170 2415 1234 2482 iam
1252 2416 1321 2481 eius
1336 2415 1510 2483 terminum

264 2524 459 2603 accedimus
491 2524 545 2609 qui
574 2525 632 2590 fini
661 2524 823 2591 naturalis
852 2528 960 2590 motus
991 2524 1084 2606 quasi
1108 2544 1126 2587 e
1150 2522 1309 2590 diametro
1337 2523 1512 2607 opponitur

265 2629 399 2714 eiusque
430 2633 598 2697 exordium
630 2652 688 2697 seu
716 2632 909 2716 principium
932 2630 1053 2714 signat.
1101 2630 1182 2695 Esse
1206 2634 1316 2695 autem
1339 2629 1372 2693 in
1396 2628 1511 2711 quovis

265 2740 340 2801 ente
371 2743 485 2804 creato
514 2737 620 2823 ipsam
650 2737 719 2803 eius
748 2746 901 2803 naturam
926 2757 1096 2802 commune
1119 2736 1262 2801 omnium
1286 2736 1511 2820 operationum

265 2844 466 2909 naturalium
497 2844 690 2929 principium
723 2866 765 2910 ex
797 2845 938 2927 genuino
970 2848 1110 2910 naturae
1145 2846 1303 2927 conceptu
1335 2841 1511 2907 hausimus,

265 2948 390 3016 Verum
413 2955 533 3017 natura
555 2973 620 3017 non
641 2951 829 3017 immediate
844 2972 902 3017 seu
918 2952 1085 3017 abstracte
1101 2954 1241 3033 sumpta,
1266 2948 1324 3013 sed
1340 2946 1512 3013 medianti-

266 3056 325 3122 bus
349 3058 555 3125 naturalibus
579 3058 735 3143 potentiis
759 3080 851 3123 suum
875 3063 999 3124 motum
1019 3058 1169 3142 producit
1186 3078 1230 3149 ac·
1241 3054 1362 3136 dirigit.
1394 3054 1438 3118 nt
1452 3053 1513 3117 hu·

267 3183 385 3229 manae
410 3164 539 3246 quidem
562 3168 701 3231 naturae
725 3184 853 3229 omnem
878 3162 1113 3248 expansionem
1129 3163 1259 3228 finalem
1276 3161 1317 3227 ad
1333 3158 1513 3225 voluntatis

267 3268 431 3336 humanae
459 3271 625 3355 propriam
651 3270 885 3355 expansionem
907 3270 1019 3335 reduci
1046 3268 1255 3354 probavimus
1279 3266 1360 3351 (37).
1407 3264 1514 3341 Quare

267 3374 361 3441 huius
378 3376 496 3460 capitis
512 3382 740 3459 argumentum
757 3377 789 3441 in
807 3376 1043 3442 consideranda
1067 3377 1223 3441 voluntate
1247 3374 1409 3456 rationali,
1434 3390 1514 3453 qua·

268 3485 363 3547 tenus
388 3504 429 3548 ca
452 3482 635 3549 iuratione
657 3482 808 3567 principii
831 3483 934 3566 ipsam
958 3481 1196 3564 quodammodo
1219 3481 1394 3546 humanam
1418 3480 1514 3543 natu·

268 3608 337 3653 ram
361 3593 601 3671 repraesentat,
626 3589 830 3673 potissimum
854 3588 1050 3655 versabitur.

355 3704 405 3770 Et
438 3704 596 3787 siquidem
636 3704 722 3770 idem
762 3707 990 3787 argumentum
1030 3702 1205 3787 praecipuo
1245 3702 1383 3785 quodam
1419 3699 1514 3764 modo

270 3812 487 3898 psycbolopioe
524 3812 691 3895 proprium
727 3815 796 3889 est,
840 3816 989 3876 nostrum
1024 3831 1089 3875 non
1124 3828 1197 3873 esse
1229 3812 1400 3891 putemne,
1435 3804 1515 3870 illud

272 3916 303 3981 in
341 3916 548 4001 philosophia
580 3918 699 3983 morali
736 3918 859 3995 denuo,
899 3916 1004 3981 veluti
1041 3914 1242 3999 provinciam
1283 3914 1388 3979 adhuc
1427 3912 1516 3976 inco·

272 4024 416 4106 gnitam,
448 4024 558 4089 asnis
581 4023 767 4107 primordiis
791 4023 956 4106 analytice
978 4022 1189 4105 perscrutari.
1236 4020 1352 4101 ltaque
1378 4017 1516 4102 psycho-

272 4130 399 4213 logicas
422 4150 462 4195 ea
485 4129 526 4195 de
548 4150 585 4194 re
607 4129 757 4196 notiones
787 4128 918 4195 aliunde
948 4128 1050 4193 solide
1081 4127 1267 4193 stabilitas1
1296 4128 1330 4191 et
1359 4145 1419 4207 per
1448 4144 1516 4187 orn·

273 4257 344 4301 nem
369 4258 485 4302 sanam
508 4236 746 4321 philosophiam
770 4235 985 4302 communiter
1013 4238 1162 4317 receptas
1186 4231 1371 4315 synthetice
1393 4229 1517 4295 referre

274 4344 379 4427 magis
412 4364 510 4425 quam
542 4342 727 4409 restabilire
758 4364 839 4426 opus
871 4346 939 4417 est;
972 4341 1021 4407 ita
1050 4345 1180 4417 tamen,
1211 4342 1248 4403 ut
1280 4358 1320 4403 ea
1349 4334 1518 4401 doctrinae

275 4451 394 4534 capita,
419 4470 555 4531 quorum
579 4449 703 4516 arctior
726 4452 760 4515 et
783 4447 952 4513 fecundior
975 4468 1047 4511 cum
1071 4445 1193 4528 regulis
1215 4444 1391 4509 moralibus
1414 4463 1518 4507 nexus

276 4577 346 4623 esse
375 4556 601 4638 cognoscitur,
627 4556 696 4621 suis
724 4555 920 4639 specialibus
943 4553 1106 4619 rationum
1129 4550 1351 4617 fundamentis
1375 4570 1439 4614 non
1462 4548 1519 4613 de·

277 4664 464 4730 stituantur.

367 4918 375 4949 ¹
394 4914 436 4969 Ci.
456 4917 484 4967 S.
507 4914 598 4967 laon.
620 4914 644 4977 1,
663 4912 688 4976 2,
707 4928 734 4979 q.
747 4910 844 4965 6-21.
870 4912 984 4978 Sucrez,
1005 4908 1154 4963 Comment.
1174 4906 1200 4959 in
1222 4907 1244 4971 1,
1264 4906 1288 4971 2,
1308 4908 1386 4959 tract.
1401 4904 1432 4966 23
1452 4902 1520 4957 alios

280 5005 379 5071 passim
399 5005 623 5057 commentatores
642 5000 769 5055 Summae
787 4998 870 5053 theol.
