3909 5842
543 679 583 732 De
601 679 764 734 naturaliter
781 680 908 734 instituta
927 679 1062 734 societate
1080 679 1237 734 domestica.
1453 683 1516 747 347

262 855 407 914 naturae
430 850 593 934 coniugale
616 847 815 931 respondeat
836 867 970 914 necesse
987 852 1049 913 est.
1080 847 1119 912 In
1134 847 1301 931 praesenti
1317 852 1428 916 autem
1444 853 1518 915 tan·

263 958 338 1020 tum
362 953 511 1031 interest,
536 957 605 1020 tum
629 953 724 1018 huius
745 958 813 1020 tum
831 953 911 1018 iuris
928 953 1099 1020 domestici
1114 953 1260 1020 universi
1275 957 1425 1020 naturale
1439 955 1518 1037 furr-

265 1062 452 1126 damentum
475 1059 724 1142 praestabilire:

263 1190 337 1261 407.
426 1179 584 1262 Thetis
610 1179 701 1262 XL.
744 1204 905 1282 Familia,
933 1221 1003 1266 non
1031 1206 1141 1266 solum
1169 1170 1404 1284 elementaris,
1432 1223 1518 1284 quae

262 1301 559 1382 stabiliooniugio
574 1301 746 1380 consistit,
763 1319 839 1364 cum
851 1302 1048 1365 immediato
1063 1319 1126 1365 suo
1139 1304 1363 1383 incremento,
1379 1321 1444 1382 quo
1459 1323 1520 1381 per

260 1417 303 1462 se
313 1399 357 1462 ad
366 1401 577 1476 parentalem
588 1399 785 1462 societatem
797 1399 971 1479 dilatatur,
987 1399 1164 1462 sedetiam
1180 1406 1350 1478 quatenus
1361 1404 1517 1478 petrela-

260 1498 394 1560 tionem
416 1497 556 1560 herilem
577 1496 615 1558 in
635 1497 769 1559 ratione
783 1497 940 1578 integrae
956 1497 1074 1559 domus
1095 1515 1157 1561 seu
1171 1498 1347 1561 societatis
1361 1497 1518 1578 domesti-

260 1613 326 1658 cae
349 1595 565 1658 extrinsecus
587 1595 787 1674 completur,
808 1594 983 1657 institutio
996 1613 1077 1658 rere
1098 1597 1267 1658 naturalis
1290 1595 1434 1660 dicenda
1454 1601 1517 1659 est.

356 1695 666 1762 Praenotanda.
703 1695 767 1760 Pro
782 1694 904 1780 triplici
921 1695 1094 1774 elemento,
1119 1718 1182 1778 quo
1199 1697 1362 1780 completa
1377 1697 1518 1764 societas

261 1800 447 1868 domestica
471 1801 686 1885 componitur,
718 1801 879 1886 triplicem
903 1801 1007 1868 thesis
1030 1802 1247 1869 assertionem
1270 1803 1426 1880 continet,
1451 1803 1518 1870 sin·

259 1907 406 1990 gillatim
423 1908 636 1990 probandam.
661 1908 807 1974 Tametsi
824 1911 934 1974 autem
947 1908 1098 1994 singulae
1110 1909 1328 1976 elementares
1339 1910 1518 1976 relationes

261 2013 464 2080 naturaliter
486 2015 640 2082 inductae
664 2014 827 2092 dicuntur,
852 2035 917 2078 non
940 2017 1052 2080 tamen
1076 2016 1191 2082 eodem
1213 2016 1310 2082 modo
1326 2037 1387 2082 uec
1403 2017 1516 2082 eodem

261 2120 371 2202 gradu
395 2119 605 2188 immediatae
621 2121 831 2187 necessitatis
847 2123 905 2186 aut
921 2121 1205 2187 determinationis
1219 2121 1389 2188 naturalis.
1427 2122 1517 2188 Haec

264 2226 353 2290 enim
382 2229 527 2312 aprime
550 2228 714 2294 elemento
739 2227 780 2292 ad
803 2229 950 2294 altimum
971 2226 1196 2293 descendendo
1219 2227 1324 2310 gradu
1347 2227 1515 2294 decrescit.

264 2331 444 2398 Praeterea
467 2335 576 2400 teritis
600 2337 722 2418 relatio,
748 2333 827 2399 licet
849 2332 881 2398 in
906 2353 1028 2416 genere
1051 2332 1240 2398 necessaria
1261 2336 1296 2398 et
1317 2354 1378 2417 per
1400 2354 1517 2399 causas

263 2438 434 2505 naturales
450 2439 584 2507 inducta
600 2441 653 2518 sit,
677 2462 742 2505 non
759 2444 880 2517 tamen,
897 2443 934 2505 ut
950 2439 1107 2521 reliquae,
1123 2443 1294 2522 tamquam
1308 2461 1386 2524 pars
1402 2440 1516 2504 domus

261 2544 442 2612 intrinsece
466 2547 679 2626 constituens,
705 2546 762 2612 sed
787 2566 852 2628 qua
876 2566 953 2629 pars
977 2549 1143 2632 integralis
1166 2549 1201 2613 et
1224 2546 1409 2612 extrinsece
1428 2567 1516 2612 com·

262 2651 359 2735 plens
383 2673 403 2716 a
426 2656 545 2719 natura
569 2653 771 2738 providetur.

262 2773 337 2846 408.
427 2772 588 2848 Probatur
608 2793 686 2866 pars
709 2775 734 2846 l.
781 2779 830 2842 De
854 2779 997 2861 centuplo
1021 2779 1137 2842 stabit-i.

355 2885 488 2970 Aspare.
513 2885 540 2948 I.
579 2881 706 2965 Negari
728 2903 794 2948 non
815 2886 926 2966 potest
948 2881 1079 2965 generis
1101 2882 1235 2949 humani
1254 2887 1516 2968 properationem

263 2993 366 3070 atque
391 2991 616 3071 educationem,
650 2993 684 3054 et
708 2988 837 3072 quidem
860 2992 1035 3071 utramque
1058 3011 1124 3054 non
1147 2990 1428 3071 qualemcumque,
1459 2989 1516 3055 sed

263 3097 404 3160 naturae
428 3094 590 3160 humanae
614 3099 648 3160 et
665 3095 820 3177 dignitati
835 3095 991 3161 rationali
1006 3095 1296 3171 accommodatam,
1323 3099 1515 3162 essentialem

265 3221 331 3266 esse
354 3209 493 3266 saturae
514 3203 618 3286 finem,
643 3223 663 3266 a
680 3205 829 3268 creatore
845 3201 1018 3268 intentum.
1050 3200 1210 3282 Quidquid
1226 3201 1329 3283 igitur
1343 3201 1418 3267 huic
1434 3205 1516 3267 tam-

264 3327 363 3387 quam
387 3306 529 3373 medium
548 3309 770 3374 necessarium
786 3308 1065 3392 proportionetur,
1090 3328 1110 3371 a
1126 3311 1266 3373 naturae
1281 3311 1416 3373 auctore
1431 3308 1518 3373 inter

264 3412 414 3478 homines
446 3413 488 3478 ad
521 3433 595 3478 eum
627 3415 725 3478 finem
756 3413 940 3479 ordinatum
973 3417 1007 3478 et
1036 3412 1224 3479 institutum
1255 3413 1381 3478 censeri
1409 3414 1515 3479 debet.

264 3521 338 3585 Iam
360 3541 433 3586 vero
456 3521 497 3586 ad
521 3521 622 3586 talem
646 3523 744 3586 finem
767 3541 973 3604 nequequam
998 3520 1166 3586 sufficeret
1189 3520 1414 3602 qualecunque
1438 3541 1515 3585 con·

264 3625 413 3704 sortium,
438 3626 494 3692 sed
518 3627 695 3708 requiritur
718 3627 843 3694 stabilis
864 3626 1038 3710 coniugum
1054 3626 1249 3703 coniunctis,
1273 3626 1420 3709 adeoque
1436 3647 1516 3692 vera

265 3732 449 3815 coniugalis
471 3732 629 3808 societas;
654 3737 689 3800 et
712 3733 842 3816 quidem

288 3831 293 3842 ’
359 3843 386 3905 1.
411 3841 535 3906 intuita
560 3843 677 3926 dignae
702 3863 739 3906 ac
762 3848 848 3906 tutae
860 3843 1105 3926 propagationis
1120 3843 1245 3926 perceris
1261 3842 1413 3905 humani:
1435 3838 1517 3916 Quid

266 3943 351 4008 enim
383 3942 416 4026 a)
446 3945 600 4012 rationali
634 3946 775 4012 hominis
805 3951 944 4013 naturae
975 3945 1081 4029 magis
1111 3945 1279 4028 indignum
1312 3966 1385 4010 esse
1412 3947 1518 4028 possit

267 4071 365 4132 quam
388 4072 509 4134 vagum
534 4052 744 4133 consortium,
769 4073 832 4136 quo
856 4053 952 4118 homo
977 4073 1078 4136 supra
1100 4051 1213 4118 intima
1235 4051 1334 4117 etiam
1360 4051 1457 4116 bruta
1472 4052 1517 4116 nil

267 4157 462 4232 excellerem
493 4159 571 4241 quid
604 4159 702 4226 etiam
729 4159 792 4244 ipsi
816 4159 1042 4225 conservando
1066 4159 1181 4240 generi
1203 4158 1264 4223 tali
1286 4156 1419 4222 licentia
1442 4179 1517 4240 per·

266 4264 444 4330 niciosius?
472 4303 516 4314 —
549 4266 693 4332 Necesse
722 4269 773 4332 est
795 4265 898 4347 igitur
920 4265 954 4330 in
977 4265 1040 4330 hac
1063 4285 1099 4328 re
1122 4267 1215 4330 certa
1238 4264 1399 4346 quaedam
1423 4263 1518 4329 frena

267 4371 463 4437 naturaliter
487 4372 667 4439 constituta
691 4393 773 4450 esse,
798 4371 915 4452 quibus
939 4392 1038 4437 caeca
1062 4370 1224 4454 cupiditas
1241 4370 1331 4436 intra
1345 4370 1518 4436 rationalia

268 4476 437 4559 dignitatis
461 4478 581 4544 limites
606 4481 806 4544 coerceatur.
842 4477 878 4542 ld
896 4498 974 4542 vero
991 4476 1142 4542 ordinate
1157 4479 1192 4541 et
1206 4480 1358 4560 respectu
1374 4475 1516 4541 omnium

269 4603 326 4666 per
355 4583 457 4650 solam
489 4583 705 4651 stabilitatem
737 4582 879 4665 coniugii
908 4583 981 4648 fieri
1011 4603 1118 4666 posse,
1152 4583 1289 4666 quisque
1318 4582 1417 4649 facile
1440 4603 1516 4648 con-

269 4689 397 4758 sentiet.
446 4691 480 4774 b)
503 4691 658 4757 Eiusdem
682 4690 898 4758 stabilitatem
923 4690 1028 4773 exigit
1051 4711 1180 4755 summa
1204 4711 1243 4756 aa
1266 4690 1421 4756 diuturna
1441 4710 1517 4774 pro·

270 4799 346 4862 liam
377 4799 566 4884 indigentia,
597 4801 712 4882 utpote
743 4818 881 4880 quarum
911 4797 1078 4876 enutritio,
1114 4797 1321 4862 conservatio
1350 4817 1389 4862 ac
1411 4796 1517 4861 tutela

269 4924 327 4987 per
356 4905 477 4971 multos
507 4925 610 4970 annos
640 4903 811 4986 utriusque
834 4903 982 4987 parentis
1005 4902 1319 4988 praesentissimam,
1351 4901 1515 4968 assiduam

270 5030 307 5074 ec
329 5010 501 5092 providam
526 5030 636 5075 curam
662 5009 821 5093 exposcit.
