3909 5842
870 644 1039 714 Conspectus
1056 661 1157 699 rorum.

496 819 574 874 illum
592 820 711 891 positive
729 820 861 891 impedire
878 838 933 875 non
951 824 1069 877 tenetur.
1090 854 1123 863 —
1143 820 1182 875 Ut
1200 824 1292 877 nutem
1310 820 1339 875 in
1351 837 1418 875 orsu
1430 823 1513 891 perti·

496 908 582 964 ouleri
600 909 666 964 tulis
691 908 822 978 obligatio
847 910 952 964 oenseri
970 912 1059 981 possit
1080 928 1177 965 revers
1202 928 1255 965 non
1275 910 1386 975 adesse,
1411 910 1512 980 triplex

497 998 618 1053 condicio
631 998 793 1067 requiritur:
808 998 835 1065 1)
851 998 889 1054 Ut
898 1000 970 1053 aetio
983 1017 1032 1070 per
1042 1016 1072 1053 se
1085 1002 1211 1069 spectate
1223 1000 1261 1052 sit
1272 998 1343 1052 bone
1357 997 1401 1051 vel
1413 998 1512 1052 saltem

495 1087 668 1151 indifferens;
687 1087 716 1156 2)
736 1091 839 1142 utnon
858 1088 938 1142 unioe
956 1088 991 1142 ud
1010 1088 1137 1142 effeetum
1157 1087 1275 1153 melum,
1294 1086 1343 1141 sed
1361 1104 1396 1141 ex
1414 1090 1513 1140 nature

494 1192 546 1230 sus
563 1176 662 1231 saltem
688 1192 775 1246 seque
800 1176 958 1231 immediate
976 1178 1011 1233 ed
1031 1177 1158 1231 effoetum
1178 1177 1277 1231 bonum
1297 1175 1450 1239 ordinetur,
1477 1176 1512 1229 eb

494 1269 595 1333 ugente
613 1283 663 1319 suo
681 1266 740 1319 iure
758 1265 908 1329 intentum
933 1266 962 1334 3)
984 1270 1016 1320 ut
1040 1266 1134 1321 bobits
1159 1264 1333 1337 proportione
1350 1264 1432 1318 buius
1449 1264 1512 1317 boni

494 1355 529 1408 ed
548 1354 666 1419 mulum,
693 1355 764 1424 quod
782 1355 964 1425 permittitur,
990 1372 1045 1409 uon
1065 1354 1136 1409 desit
1154 1353 1226 1408 ratio
1244 1352 1399 1423 respective
1417 1352 1512 1421 grsvis

496 1445 525 1495 et
541 1441 684 1497 sufficiens
702 1444 804 1511 egenti,
823 1460 873 1497 suo
891 1442 951 1497 iure
969 1441 1064 1496 utendi
1102 1482 1430 1495 .....
1503 1433 1510 1493 ’.

533 1531 706 1585 Caralim-m.
780 1572 786 1583 .
813 1541 819 1555 ¹
860 1571 1511 1585 .........

459 1636 654 1691 Artioulus
673 1636 698 1691 2.
735 1636 776 1691 De
794 1636 901 1690 ratione
919 1636 1010 1691 meriti
1029 1640 1059 1690 et
1076 1637 1199 1691 demeriti
1263 1678 1269 1691 .
1344 1680 1349 1691 .
1423 1680 1428 1690 .
1504 1680 1509 1690 .

493 1726 511 1793 ᾖ
532 1726 555 1779 1.
587 1725 652 1780 Eius
670 1726 744 1780 notio
782 1767 1510 1781 ..........

493 1815 554 1882 §2-
585 1813 627 1868 De
644 1815 818 1869 nutantibus
836 1815 929 1869 meriti
946 1821 976 1869 et
995 1816 1119 1870 demeriti
1138 1815 1342 1871 condicionibus
1423 1858 1429 1869 .
1505 1858 1510 1869 .

421 1920 524 1975 'l'besis
543 1920 655 1976 XXIV.
680 1920 809 1975 Meritum
828 1938 861 1975 eo
879 1921 1042 1975 demeritum
1062 1924 1134 1993 opud
1154 1940 1200 1976 eos
1219 1939 1312 1977 omnes
1330 1926 1359 1976 et
1377 1920 1449 1976 solos
1467 1940 1509 1977 eo·

493 2010 618 2077 quiritur,
636 2010 735 2078 quibus
748 2009 827 2076 ustio,
842 2012 977 2077 quotenus
990 2010 1158 2081 imputabilis
1171 2014 1222 2075 est,
1241 2011 1452 2065 emolumentum
1464 2011 1509 2065 vel

493 2099 685 2153 detrimentum
711 2099 805 2164 effert,
830 2099 903 2167 quod
927 2116 981 2152 non
1006 2098 1044 2153 sit
1069 2099 1123 2153 ism
1149 2100 1300 2153 omnimode
1319 2116 1354 2153 ex
1372 2099 1511 2167 rigorosoe

492 2188 615 2242 iustitiae
633 2188 727 2242 ordino
745 2188 866 2242 debitum

531 2279 685 2331 Corollaria
699 2318 1507 2338 ...........

491 2368 509 2434 5
527 2367 553 2421 3.
584 2366 625 2420 De
643 2366 761 2420 nuturnli
780 2366 898 2419 bominis
915 2367 1013 2419 merito
1032 2368 1061 2419 et
1079 2364 1210 2419 demerito
1229 2364 1301 2434 epud
1319 2364 1427 2419 Deum.
1501 2406 1507 2417 .

419 2464 523 2521 Thasie
535 2464 633 2521 XXV.
658 2463 718 2517 Non
731 2463 818 2517 solum
833 2462 906 2517 omni
918 2466 982 2517 satu
995 2463 1134 2517 moraliter
1146 2461 1218 2517 malo
1231 2462 1400 2528 demeritum,
1412 2461 1460 2517 sod
1472 2462 1508 2516 si·

491 2552 594 2605 militer
612 2551 694 2605 etism
708 2555 773 2605 satu
786 2550 929 2604 moraliter
940 2551 1010 2605 bouo
1023 2551 1150 2605 meritum
1170 2550 1241 2621 opud
1257 2550 1343 2604 Deum
1358 2549 1508 2619 requiritur

529 2639 714 2692 Corollariam

526 2726 655 2779 Notanda
674 2727 712 2779 ad
728 2727 867 2779 solvendae
885 2728 1058 2792 difficultates
1097 2765 1506 2778 ......

490 2814 551 2881 §4-
582 2814 623 2869 De
641 2816 761 2886 praemio
780 2819 807 2868 et
825 2831 913 2885 poene
936 2856 1343 2869 ......
1365 2821 1370 2829 “
1418 2856 1424 2867 .
1499 2856 1504 2865 .

417 2912 520 2968 Thasie
532 2913 643 2969 xxvl.
669 2913 823 2967 Praemium
843 2915 871 2965 et
888 2930 975 2981 poene
995 2929 1029 2966 ex
1048 2914 1156 2967 intorno
1173 2928 1224 2966 sua
1242 2912 1347 2966 ratione
1366 2912 1400 2965 ud
1419 2910 1505 2982 dupli·

489 3018 548 3055 aem
567 3001 648 3055 linem
669 3001 843 3055 essentialem
862 3000 1029 3065 ordinantur,
1048 3018 1145 3071 nempe
1167 3001 1192 3069 l)
1213 3001 1247 3055 ad
1260 3004 1365 3055 reolum
1383 3001 1504 3054 ordinem
1538 3050 1543 3055 .

489 3091 517 3143 in
535 3092 635 3145 mundo
653 3090 749 3144 morali
768 3090 983 3144 conservandum
1002 3106 1035 3143 eo
1047 3091 1268 3160 promovendum,
1287 3090 1316 3159 2)
1336 3090 1369 3144 sd
1390 3090 1504 3144 eundem

489 3196 539 3249 ope
558 3180 744 3234 retributionis
763 3197 812 3249 pro
830 3179 927 3233 merito
946 3184 975 3233 et
994 3178 1124 3233 demerito
1143 3181 1169 3233 iu
1183 3182 1287 3233 ratione
1300 3168 1421 3234 iustitiae
1434 3198 1503 3234 oom-

488 3267 616 3336 pleadum
635 3284 668 3321 eo
686 3267 884 3321 restituendum
934 3308 940 3319 .
1015 3310 1020 3321 .
1095 3308 1100 3320 .
1176 3310 1180 3319 .
1255 3308 1261 3320 .
1335 3310 1340 3321 .

526 3358 681 3411 Corollaria
691 3397 1502 3411 ...........

524 3446 677 3501 Sabellum:
700 3445 1012 3502 Retributio.nsturolis
1032 3446 1108 3501 veris
1134 3464 1182 3515 pro
1201 3446 1277 3501 vario
1302 3446 1395 3501 ordine
1413 3446 1502 3501 meriti

559 3552 592 3589 so
610 3534 733 3589 demeriti
772 3576 1500 3590 ..........

505 3676 579 3732 liber
596 3676 697 3733 tertius
734 3676 873 3732 Bonorum
891 3675 1013 3747 oonplots
1033 3675 1134 3731 eotuun
1152 3676 1315 3733 bononorum
1333 3694 1376 3733 sou
1395 3678 1424 3733 ds
1442 3676 1505 3749 lege.

523 3778 655 3843 Prologus
692 3816 1501 3830 ...........

765 3916 862 3985 Caput
878 3916 905 3971 Ι.
941 3914 982 3969 Do
1001 3914 1062 3983 lege
1081 3915 1240 3982 generatim.

451 4022 684 4078 Articulusl.
722 4022 803 4090 Legis
822 4023 896 4076 notio
930 4062 1499 4077 ........

486 4113 503 4179 ᾖ
525 4114 548 4167 l.
578 4112 770 4183 Metuphysioa
796 4112 856 4165 eius
882 4110 1004 4181 snelysis
1031 4114 1197 4179 econoeptu
1223 4108 1396 4179 obligationis
1415 4112 1500 4180 petita

484 4202 546 4270 §2-
577 4201 659 4270 Legis
679 4201 798 4255 definitio
850 4241 1498 4253 .........

523 4291 704 4346 Corollariam

522 4384 676 4436 Scholiam:
694 4381 810 4434 Dubium
830 4383 932 4433 motum
952 4397 987 4432 ex
1006 4378 1113 4433 nomine
1136 4378 1220 4446 „legis
1238 4380 1380 4433 aeternusu
1413 4422 1418 4432 .
1493 4422 1497 4431 .

449 4480 641 4533 Articulus
660 4479 685 4532 2.
723 4478 804 4532 Retio
823 4476 1006 4545 distinguendi
1027 4476 1103 4544 leges
1171 4517 1497 4529 .....

484 4569 546 4637 51.
577 4568 724 4623 Distinotio
743 4585 760 4620 a
778 4566 895 4620 diversis
914 4566 984 4633 legis
1004 4566 1111 4619 notibus
1130 4546 1216 4635 petito
1252 4607 1257 4616 .
1332 4607 1337 4616 .
1413 4608 1417 4617 .

485 4658 545 4725 §2
577 4656 723 4711 Distinetio
741 4654 834 4723 legum
853 4672 869 4708 a
888 4654 1048 4707 diversitate
1067 4654 1196 4723 specifice
1251 4695 1256 4706 .
1331 4696 1337 4706 .

1577 3538 1629 3591 194

1576 3780 1627 3832 195

1577 4024 1626 4078 196

1576 4114 1626 4166 196

1573 4201 1626 4256 200

1573 4288 1625 4343 202

1572 4378 1624 4434 202

1571 4477 1623 4531 202

1492 4607 1497 4617 .
1571 4566 1624 4620 202

1492 4698 1497 4707 .
1571 4656 1623 4709 204

377 4800 473 4870 Cnpnt
483 4799 524 4853 11.
543 4798 584 4853 De
595 4798 656 4867 lege
665 4802 778 4853 reterns
789 4798 902 4867 eiusque
914 4797 1057 4868 temporali
1069 4814 1118 4867 per
1129 4796 1218 4866 legem
1230 4796 1383 4852 naturalem
1396 4797 1621 4868 promulgatione.

1490 4946 1495 4957 .
1569 4904 1621 4959 205

1569 4990 1620 5044 205

447 4904 641 4960 Articulns
660 4907 685 4959 1.
722 4904 1212 4973 Deiegeeeterusinsespeatets
1249 4948 1254 4957 .
1329 4948 1335 4958 .
1410 4946 1415 4957 .

482 4991 543 5057 §L
572 4992 639 5047 Eius
656 4991 731 5046 notio
768 5032 1495 5045 ..........
