3909 5842
459 669 500 733 18
741 664 832 721 Sectio
850 666 871 721 Ι.
908 666 989 721 Liber
1008 666 1029 720 I.
1068 664 1157 735 Caput
1175 666 1197 721 1.
1233 665 1374 721 Articulus
1393 668 1420 721 4.

454 840 504 913 32.
595 840 732 914 Axium
752 839 867 913 XXIV.
914 844 1046 909 Natura
1072 846 1224 929 cuiusque
1253 846 1331 909 eutis
1356 851 1400 909 est
1423 844 1539 929 regula
1564 842 1699 927 proximo

455 952 658 1016 rectitudinis
684 970 746 1035 pro
775 953 862 1015 omui
892 952 959 1017 eius
990 952 1111 1017 octioue
1138 953 1284 1017 naturali
1310 949 1438 1035 (reputo
1467 950 1699 1031 deoutolooieo).

546 1064 659 1131 Omnis
681 1064 766 1130 enim
791 1067 900 1130 motus
922 1067 1033 1131 rectus
1050 1064 1179 1143 dicitur,
1204 1064 1258 1147 qui
1277 1064 1384 1132 tendit
1399 1064 1433 1130 in
1449 1086 1551 1131 suurn
1568 1084 1702 1146 scopum.

454 1170 489 1237 in
510 1176 663 1239 neutram
685 1174 815 1256 purtem
839 1172 1059 1247 deflectend03
1084 1172 1148 1237 iam
1173 1175 1397 1249 seronatum,
1423 1192 1490 1253 qua
1513 1168 1702 1255 principium

455 1277 599 1362 dirigens
622 1278 713 1345 illum
737 1282 860 1344 motum
884 1278 917 1343 in
940 1279 1038 1343 finem
1063 1278 1131 1345 enti
1154 1280 1347 1362 praefixum,
1377 1278 1452 1344 huie
1475 1278 1534 1343 fini
1562 1282 1618 1343 est
1641 1298 1704 1340 eor-

453 1384 562 1451 reluta
584 1383 741 1465 (Axioma
763 1384 779 1448 Ι
802 1388 837 1449 et
860 1384 920 1465 ΙΙ);
945 1404 1024 1466 ergo
1048 1387 1157 1449 motus
1181 1404 1238 1449 seu
1263 1388 1357 1449 actus
1381 1383 1547 1450 naturalis
1574 1390 1705 1449 eatenus

454 1493 506 1557 est
528 1496 649 1570 rectus,
674 1495 836 1574 quatenus
860 1493 912 1556 est
935 1494 1075 1555 naturae
1099 1489 1284 1556 conformis.

453 1627 503 1700 33.
592 1628 729 1701 Axiomt
750 1627 848 1699 XXV.
883 1632 1014 1697 Natura
1039 1631 1117 1697 duce
1140 1634 1272 1717 quodvis
1296 1654 1351 1698 eus
1375 1640 1516 1697 creatum
1539 1630 1707 1713 infallibili

453 1760 551 1805 eursu
579 1758 674 1803 suum
703 1759 812 1802 vuum
842 1738 957 1803 bouum
979 1736 1106 1823 (finem)
1129 1760 1280 1824 suamque
1307 1737 1533 1823 perfectionem
1569 1739 1706 1819 attiupet,

452 1847 519 1909 uisi
548 1845 588 1909 ab
619 1846 706 1909 illius
736 1846 863 1909 tramite
891 1866 1086 1930 quocumque
1116 1848 1241 1911 ratione
1271 1845 1414 1927 deflectat
1436 1842 1571 1929 (reputo
1598 1842 1706 1908 eudoe

453 1952 671 2037 monolopico).

541 2064 704 2147 Ouiusque
733 2064 819 2130 enim
849 2065 935 2131 entis
965 2070 1085 2132 nature
1114 2088 1134 2132 a
1161 2066 1403 2149 sapientissimo
1433 2064 1612 2131 conditore
1643 2062 1706 2125 eine

453 2171 507 2235 fini
537 2171 666 2238 interno
696 2172 899 2253 assequendo
929 2172 1123 2255 adaptatum
1155 2173 1189 2237 in
1219 2173 1280 2239 hoc
1308 2177 1418 2239 autem
1442 2172 1507 2237 fine
1531 2170 1610 2235 eius
1640 2186 1704 2251 per-

451 2277 553 2345 fectio
584 2278 780 2344 continetur.
827 2277 1063 2369 Verumtamen
1093 2279 1194 2363 probe
1224 2278 1402 2346 notandum
1431 2278 1578 2344 Axioma
1603 2274 1703 2342 XXII.

974 2478 1182 2563 Epilogus

803 2612 848 2676 od
871 2613 1034 2698 syutleeiu
1054 2613 1344 2698 propoedeuticuue.

452 2753 501 2826 34.
593 2755 822 2838 Quaecumque
852 2754 885 2819 in
916 2754 977 2819 hoc
1008 2754 1112 2839 primo
1144 2752 1252 2837 capite
1283 2754 1410 2820 actibus
1435 2753 1648 2819 naturalibus
1671 2751 1699 2815 in

451 2882 573 2944 genere
597 2860 772 2926 convenire
794 2860 1027 2939 intelleximus,
1053 2860 1166 2927 eadem
1190 2860 1223 2924 iu
1244 2858 1352 2943 specie
1376 2858 1463 2925 actui
1480 2858 1628 2926 humano
1653 2878 1700 2922 se·

452 2968 590 3033 cundum
614 2965 802 3050 genericam
832 2966 995 3032 rationem
1020 2966 1204 3031 communia
1227 2965 1294 3031 sint
1316 2986 1451 3031 necesse
1474 2969 1535 3032 est.
1584 2966 1699 3046 Itaque

451 3072 558 3139 acturi
581 3072 735 3156 deinceps
759 3071 799 3137 de
823 3080 895 3137 ortu
918 3074 1059 3138 humouo
1082 3074 1117 3137 iu
1129 3074 1337 3157 particulari,
1361 3072 1530 3155 generalia
1553 3072 1627 3138 eius
1648 3071 1700 3135 de-

450 3180 650 3245 lineamenta
671 3178 736 3246 iam
753 3200 818 3244 uon
833 3179 1039 3262 ignoramus;
1064 3178 1162 3243 immo
1178 3178 1315 3244 istorum
1333 3200 1394 3263 ope
1410 3178 1497 3244 viam
1515 3200 1647 3262 quoque
1662 3196 1699 3242 ac

450 3285 638 3352 methodum
662 3285 908 3370 praesignatam
930 3284 1098 3363 habemus,
1124 3306 1188 3367 qua
1204 3286 1338 3368 insuper
1353 3286 1395 3349 ed
1412 3306 1451 3351 ee
1466 3282 1699 3369 investiganda

449 3392 714 3477 progrediamur,
747 3414 831 3475 quae
860 3392 908 3458 illi
938 3392 1115 3457 secundum
1147 3392 1289 3476 speciem
1321 3391 1387 3458 sint
1409 3392 1553 3476 proprie.
1602 3392 1696 3457 Viam

449 3499 534 3565 hanc
566 3500 639 3583 ipsa
662 3498 748 3565 ratio
771 3506 875 3564 motus
898 3502 1017 3583 sponte
1040 3498 1207 3580 suggerit,
1239 3520 1323 3581 quae
1347 3498 1435 3564 actui
1458 3498 1600 3565 humano
1625 3518 1695 3565 cum

450 3604 536 3669 omni
553 3608 629 3671 actu
646 3604 788 3670 naturali
804 3605 986 3670 communis
1008 3608 1069 3671 est.
1100 3604 1207 3687 Igitur
1224 3604 1266 3669 ad
1283 3604 1471 3687 analogiam
1486 3603 1557 3669 fere
1573 3624 1695 3677 eorum,

449 3732 533 3795 quae
563 3711 597 3775 in
626 3710 688 3776 hoc
716 3710 971 3795 propaedeutioo
996 3710 1105 3794 capite
1129 3710 1169 3776 de
1193 3710 1394 3776 naturalium
1418 3710 1583 3776 actionum
1608 3709 1695 3795 prin·

449 3818 533 3903 cipio
563 3821 598 3884 et
628 3817 755 3883 obiecto
786 3816 969 3899 generatim
1002 3820 1202 3901 praenotata
1225 3822 1320 3895 sunt,
1352 3818 1384 3881 in
1409 3816 1545 3901 specieli
1568 3834 1694 3898 quoque

449 3925 579 4009 analysi
610 3928 703 3992 actus
726 3924 860 3989 humani
884 3923 1004 3989 iterum
1028 3944 1068 3989 ea
1091 3922 1296 4007 potissimum
1323 3924 1487 3991 elementa
1511 3921 1582 3987 eius
1604 3941 1692 3986 scru-

448 4032 550 4099 tanda
573 4034 679 4108 erunt,
703 4052 788 4113 quae
804 4052 887 4107 eum,
912 4034 950 4096 ut
972 4034 1081 4096 motus
1100 4030 1262 4097 naturalis
1278 4034 1338 4107 est,
1364 4029 1578 4107 constituunt,
1603 4033 1637 4095 et
1652 4026 1692 4093 ab

448 4140 535 4205 omni
559 4138 624 4206 alio
648 4136 870 4204 essentialiter
886 4136 1101 4220 distinguunt,
1127 4138 1207 4213 eius,
1232 4136 1375 4219 inquam,
1399 4138 1594 4221 princip-ium
1620 4136 1690 4201 sul>-

447 4248 591 4312 iectiouru
615 4254 643 4310 et
662 4247 740 4329 finis
763 4244 907 4309 obiectioe
928 4244 1101 4331 praefixus.
1135 4244 1227 4309 Haec
1244 4242 1306 4308 duo
1324 4242 1442 4326 quippe
1465 4240 1499 4307 in
1523 4247 1613 4309 motu
1637 4241 1690 4307 illo

447 4350 677 4437 psychologico
702 4351 796 4434 quasi
819 4354 986 4417 extremos
1011 4349 1200 4416 directionis
1216 4348 1375 4414 terminos
1399 4352 1527 4428 notant,
1554 4348 1687 4414 alterum

445 4458 621 4526 terminum
645 4480 666 4525 a
689 4480 763 4541 quo,
788 4459 928 4524 alterum
953 4457 995 4521 ed
1020 4478 1125 4538 quem.
1160 4454 1308 4541 Apparet
1330 4476 1409 4521 vero
1433 4454 1499 4522 ista
1523 4460 1601 4521 ante
1624 4476 1688 4520 om·

446 4564 502 4630 nia
516 4565 621 4630 veluti
643 4568 711 4631 fixa
727 4565 880 4647 utrinque
896 4563 985 4630 circa
1000 4564 1178 4630 motionem
1195 4568 1317 4647 puncta
1334 4583 1511 4645 eorumque
1527 4562 1686 4646 propriam

446 4670 671 4738 habitudinem
685 4672 839 4754 cognosci
849 4672 980 4737 omnino
991 4670 1119 4749 debere,
1136 4673 1312 4751 autequam
1328 4669 1457 4734 mediae
1469 4668 1686 4735 interutrum-

446 4800 509 4861 que
525 4777 715 4847 tendentiae
734 4778 928 4861 qualitatem
944 4777 1152 4845 rectitudinis
1170 4776 1222 4841 vel
1240 4798 1304 4841 non
1322 4774 1528 4842 rectitudinis
1546 4776 1610 4841 rite
1626 4774 1684 4840 dis-

446 4905 581 4951 cernere
604 4888 638 4951 et
662 4904 926 4949 commensurare
949 4884 1122 4967 possimus,
1147 4883 1180 4947 id
1204 4882 1289 4965 quod
1314 4880 1448 4947 tertium
1465 4878 1682 4965 perscrutandi

444 4995 540 5057 actus
562 4990 695 5057 humani
712 4994 942 5074 argumentum
958 4990 1191 5072 suppeditabit,
1216 4989 1299 5054 libro
1315 4988 1457 5054 secundo
1474 4990 1680 5071 reservatum.
