<?xml version="1.0" encoding="UTF-8"?>
<!DOCTYPE html PUBLIC "-//W3C//DTD XHTML 1.0 Transitional//EN"
    "http://www.w3.org/TR/xhtml1/DTD/xhtml1-transitional.dtd">
<html xmlns="http://www.w3.org/1999/xhtml" xml:lang="en" lang="en">
 <head>
  <title>
</title>
<meta http-equiv="Content-Type" content="text/html;charset=utf-8" />
  <meta name='ocr-system' content='tesseract 3.04.00' />
  <meta name='ocr-capabilities' content='ocr_page ocr_carea ocr_par ocr_line ocrx_word'/>
</head>
<body>
  <div class='ocr_page' id='page_1' title='image "./institutionesiu00meyegoog_0272.png"; bbox 0 0 3909 5842; ppageno 0'>
   <div class='ocr_carea' id='block_1_1' title="bbox 406 678 1435 750">
    <p class='ocr_par' dir='ltr' id='par_1_1' title="bbox 406 678 1435 750">
     <span class='ocr_line' id='line_1_1' title="bbox 406 678 1435 750; baseline -0.001 -15"><span class='ocrx_word' id='word_1_1' title='bbox 406 683 471 748; x_wconf 85' lang='lat'><strong>220</strong></span> <span class='ocrx_word' id='word_1_2' title='bbox 624 679 714 733; x_wconf 87' lang='lat' dir='ltr'><strong>Sectio</strong></span> <span class='ocrx_word' id='word_1_3' title='bbox 733 680 753 734; x_wconf 93' lang='lat' dir='ltr'><strong>I.</strong></span> <span class='ocrx_word' id='word_1_4' title='bbox 791 679 871 734; x_wconf 79' lang='lat' dir='ltr'><strong>liber</strong></span> <span class='ocrx_word' id='word_1_5' title='bbox 889 679 937 734; x_wconf 90' lang='lat' dir='ltr'><strong>Ill.</strong></span> <span class='ocrx_word' id='word_1_6' title='bbox 975 678 1065 750; x_wconf 79' lang='lat' dir='ltr'><strong>Caput</strong></span> <span class='ocrx_word' id='word_1_7' title='bbox 1082 680 1116 734; x_wconf 88' lang='grc' dir='ltr'><strong>Π.</strong></span> <span class='ocrx_word' id='word_1_8' title='bbox 1155 679 1295 734; x_wconf 79' lang='lat' dir='ltr'><strong>Articulus</strong></span> <span class='ocrx_word' id='word_1_9' title='bbox 1313 680 1338 734; x_wconf 82' lang='lat'><strong>3.</strong></span> <span class='ocrx_word' id='word_1_10' title='bbox 1376 680 1435 747; x_wconf 68' lang='lat'><strong>51.</strong></span> 
     </span>
    </p>
   </div>
   <div class='ocr_carea' id='block_1_2' title="bbox 341 854 1661 2108">
    <p class='ocr_par' dir='ltr' id='par_1_2' title="bbox 404 854 1659 1152">
     <span class='ocr_line' id='line_1_2' title="bbox 404 854 1658 941; baseline -0.003 -17"><span class='ocrx_word' id='word_1_11' title='bbox 404 859 464 924; x_wconf 91' lang='lat' dir='ltr'><strong>sub</strong></span> <span class='ocrx_word' id='word_1_12' title='bbox 488 855 662 941; x_wconf 81' lang='lat' dir='ltr'>hypothesi</span> <span class='ocrx_word' id='word_1_13' title='bbox 686 856 875 940; x_wconf 77' lang='lat' dir='ltr'><strong>creationis)</strong></span> <span class='ocrx_word' id='word_1_14' title='bbox 899 859 1085 938; x_wconf 79' lang='lat' dir='ltr'><strong>necessario,</strong></span> <span class='ocrx_word' id='word_1_15' title='bbox 1110 854 1223 920; x_wconf 91' lang='lat' dir='ltr'><strong>eodem</strong></span> <span class='ocrx_word' id='word_1_16' title='bbox 1246 855 1401 921; x_wconf 89' lang='lat' dir='ltr'><strong>videlicet</strong></span> <span class='ocrx_word' id='word_1_17' title='bbox 1423 855 1565 933; x_wconf 86' lang='lat' dir='ltr'><strong>decreto,</strong></span> <span class='ocrx_word' id='word_1_18' title='bbox 1590 877 1658 938; x_wconf 92' lang='lat' dir='ltr'><strong>quo</strong></span> 
     </span>
     <span class='ocr_line' id='line_1_3' title="bbox 404 961 1659 1044; baseline -0.002 -15"><span class='ocrx_word' id='word_1_19' title='bbox 404 967 536 1029; x_wconf 88' lang='lat' dir='ltr'><strong>constat</strong></span> <span class='ocrx_word' id='word_1_20' title='bbox 565 963 620 1028; x_wconf 87' lang='lat' dir='ltr'><strong>lex</strong></span> <span class='ocrx_word' id='word_1_21' title='bbox 651 965 798 1042; x_wconf 90' lang='lat' dir='ltr'><strong>aeterna,</strong></span> <span class='ocrx_word' id='word_1_22' title='bbox 829 965 994 1044; x_wconf 89' lang='lat' dir='ltr'><strong>quatenus</strong></span> <span class='ocrx_word' id='word_1_23' title='bbox 1022 966 1207 1028; x_wconf 88' lang='lat' dir='ltr'><strong>creaturam</strong></span> <span class='ocrx_word' id='word_1_24' title='bbox 1230 961 1426 1028; x_wconf 79' lang='lat' dir='ltr'>rationalem</span> <span class='ocrx_word' id='word_1_25' title='bbox 1449 961 1481 1026; x_wconf 92' lang='lat' dir='ltr'><strong>in</strong></span> <span class='ocrx_word' id='word_1_26' title='bbox 1505 966 1659 1044; x_wconf 90' lang='lat' dir='ltr'><strong>tempore</strong></span> 
     </span>
     <span class='ocr_line' id='line_1_4' title="bbox 405 1067 747 1152; baseline -0.003 -17"><span class='ocrx_word' id='word_1_27' title='bbox 405 1069 579 1136; x_wconf 81' lang='lat' dir='ltr'><strong>creandam</strong></span> <span class='ocrx_word' id='word_1_28' title='bbox 603 1067 747 1152; x_wconf 80' lang='lat' dir='ltr'><strong>respicit.</strong></span> 
     </span>
    </p>

    <p class='ocr_par' dir='ltr' id='par_1_3' title="bbox 341 1169 1661 2108">
     <span class='ocr_line' id='line_1_5' title="bbox 341 1169 1659 1257; baseline 0.001 -18"><span class='ocrx_word' id='word_1_29' title='bbox 341 1169 345 1178; x_wconf 82' lang='lat'>&#39;</span> <span class='ocrx_word' id='word_1_30' title='bbox 495 1175 651 1252; x_wconf 83' lang='lat' dir='ltr'><strong>Quamvis</strong></span> <span class='ocrx_word' id='word_1_31' title='bbox 674 1179 785 1242; x_wconf 85' lang='lat' dir='ltr'><strong>autem</strong></span> <span class='ocrx_word' id='word_1_32' title='bbox 809 1175 874 1240; x_wconf 91' lang='lat' dir='ltr'><strong>iam</strong></span> <span class='ocrx_word' id='word_1_33' title='bbox 897 1173 988 1240; x_wconf 89' lang='lat' dir='ltr'><strong>nulla</strong></span> <span class='ocrx_word' id='word_1_34' title='bbox 1008 1173 1213 1256; x_wconf 78' lang='lat' dir='ltr'><strong>relinquatur</strong></span> <span class='ocrx_word' id='word_1_35' title='bbox 1228 1174 1399 1240; x_wconf 82' lang='lat' dir='ltr'><strong>dubitandi</strong></span> <span class='ocrx_word' id='word_1_36' title='bbox 1414 1175 1499 1240; x_wconf 88' lang='lat' dir='ltr'><strong>ratio</strong></span> <span class='ocrx_word' id='word_1_37' title='bbox 1515 1176 1555 1240; x_wconf 92' lang='lat' dir='ltr'><strong>de</strong></span> <span class='ocrx_word' id='word_1_38' title='bbox 1571 1175 1659 1257; x_wconf 86' lang='lat' dir='ltr'><strong>legis</strong></span> 
     </span>
     <span class='ocr_line' id='line_1_6' title="bbox 406 1279 1658 1368; baseline -0.003 -20"><span class='ocrx_word' id='word_1_39' title='bbox 406 1281 565 1348; x_wconf 89' lang='lat' dir='ltr'><strong>naturalis</strong></span> <span class='ocrx_word' id='word_1_40' title='bbox 588 1284 711 1368; x_wconf 77' lang='lat' dir='ltr'><strong>criptae</strong></span> <span class='ocrx_word' id='word_1_41' title='bbox 733 1303 804 1348; x_wconf 83' lang='lat' dir='ltr'><strong>cere</strong></span> <span class='ocrx_word' id='word_1_42' title='bbox 828 1289 855 1346; x_wconf 89' lang='lat' dir='ltr'><strong>et</strong></span> <span class='ocrx_word' id='word_1_43' title='bbox 875 1280 1057 1363; x_wconf 77' lang='lat' dir='ltr'><strong>formaliter</strong></span> <span class='ocrx_word' id='word_1_44' title='bbox 1080 1281 1200 1360; x_wconf 75' lang='lat' dir='ltr'><strong>diuino,</strong></span> <span class='ocrx_word' id='word_1_45' title='bbox 1224 1279 1434 1346; x_wconf 87' lang='lat' dir='ltr'><strong>nihilominus</strong></span> <span class='ocrx_word' id='word_1_46' title='bbox 1457 1281 1500 1345; x_wconf 91' lang='lat' dir='ltr'><strong>ad</strong></span> <span class='ocrx_word' id='word_1_47' title='bbox 1514 1281 1658 1346; x_wconf 87' lang='lat' dir='ltr'><strong>eandem</strong></span> 
     </span>
     <span class='ocr_line' id='line_1_7' title="bbox 405 1385 1656 1464; baseline 0 -11"><span class='ocrx_word' id='word_1_48' title='bbox 405 1387 588 1454; x_wconf 87' lang='lat' dir='ltr'><strong>doctrinam</strong></span> <span class='ocrx_word' id='word_1_49' title='bbox 618 1387 755 1453; x_wconf 85' lang='lat' dir='ltr'><strong>ulterius</strong></span> <span class='ocrx_word' id='word_1_50' title='bbox 788 1385 1019 1453; x_wconf 85' lang='lat' dir='ltr'><strong>illustrandam</strong></span> <span class='ocrx_word' id='word_1_51' title='bbox 1050 1407 1115 1451; x_wconf 92' lang='lat' dir='ltr'><strong>non</strong></span> <span class='ocrx_word' id='word_1_52' title='bbox 1145 1385 1355 1452; x_wconf 89' lang='lat' dir='ltr'><strong>mediocriter</strong></span> <span class='ocrx_word' id='word_1_53' title='bbox 1384 1407 1476 1452; x_wconf 89' lang='lat' dir='ltr'><strong>error</strong></span> <span class='ocrx_word' id='word_1_54' title='bbox 1505 1386 1656 1464; x_wconf 80' lang='lat' dir='ltr'><strong>inservit,</strong></span> 
     </span>
     <span class='ocr_line' id='line_1_8' title="bbox 406 1491 1660 1576; baseline -0.002 -18"><span class='ocrx_word' id='word_1_55' title='bbox 406 1514 502 1576; x_wconf 91' lang='lat' dir='ltr'><strong>quem</strong></span> <span class='ocrx_word' id='word_1_56' title='bbox 535 1497 676 1560; x_wconf 89' lang='lat' dir='ltr'><strong>exeunte</strong></span> <span class='ocrx_word' id='word_1_57' title='bbox 708 1493 839 1558; x_wconf 88' lang='lat' dir='ltr'><strong>saeculo</strong></span> <span class='ocrx_word' id='word_1_58' title='bbox 871 1491 983 1557; x_wconf 86' lang='lat' dir='ltr'>XVIII</span> <span class='ocrx_word' id='word_1_59' title='bbox 1016 1491 1174 1569; x_wconf 89' lang='lat' dir='ltr'><strong>Kantius,</strong></span> <span class='ocrx_word' id='word_1_60' title='bbox 1210 1491 1404 1559; x_wconf 86' lang='lat' dir='ltr'><strong>recentioris</strong></span> <span class='ocrx_word' id='word_1_61' title='bbox 1437 1491 1660 1558; x_wconf 89' lang='lat' dir='ltr'><strong>rationalismi</strong></span> 
     </span>
     <span class='ocr_line' id='line_1_9' title="bbox 406 1597 1660 1684; baseline -0.001 -19"><span class='ocrx_word' id='word_1_62' title='bbox 406 1600 603 1684; x_wconf 86' lang='lat' dir='ltr'><strong>patriarcha,</strong></span> <span class='ocrx_word' id='word_1_63' title='bbox 635 1604 751 1666; x_wconf 87' lang='lat' dir='ltr'><strong>contra</strong></span> <span class='ocrx_word' id='word_1_64' title='bbox 780 1597 916 1664; x_wconf 91' lang='lat' dir='ltr'><strong>eandem</strong></span> <span class='ocrx_word' id='word_1_65' title='bbox 947 1597 1133 1676; x_wconf 87' lang='lat' dir='ltr'><strong>suscitavit,</strong></span> <span class='ocrx_word' id='word_1_66' title='bbox 1164 1601 1199 1664; x_wconf 89' lang='lat' dir='ltr'><strong>et</strong></span> <span class='ocrx_word' id='word_1_67' title='bbox 1228 1598 1284 1680; x_wconf 93' lang='lat' dir='ltr'><strong>qui</strong></span> <span class='ocrx_word' id='word_1_68' title='bbox 1308 1618 1347 1663; x_wconf 95' lang='lat' dir='ltr'><strong>eo</strong></span> <span class='ocrx_word' id='word_1_69' title='bbox 1369 1597 1477 1681; x_wconf 87' lang='lat' dir='ltr'><strong>magis</strong></span> <span class='ocrx_word' id='word_1_70' title='bbox 1501 1597 1660 1682; x_wconf 83' lang='lat' dir='ltr'><strong>explicite</strong></span> 
     </span>
     <span class='ocr_line' id='line_1_10' title="bbox 405 1703 1661 1788; baseline 0 -19"><span class='ocrx_word' id='word_1_71' title='bbox 405 1705 466 1770; x_wconf 94' lang='lat' dir='ltr'><strong>hoc</strong></span> <span class='ocrx_word' id='word_1_72' title='bbox 495 1706 566 1772; x_wconf 93' lang='lat' dir='ltr'><strong>loco</strong></span> <span class='ocrx_word' id='word_1_73' title='bbox 598 1705 817 1772; x_wconf 89' lang='lat' dir='ltr'><strong>confutandus</strong></span> <span class='ocrx_word' id='word_1_74' title='bbox 847 1705 988 1782; x_wconf 90' lang='lat' dir='ltr'><strong>videtur,</strong></span> <span class='ocrx_word' id='word_1_75' title='bbox 1021 1704 1107 1787; x_wconf 92' lang='lat' dir='ltr'><strong>quod</strong></span> <span class='ocrx_word' id='word_1_76' title='bbox 1138 1725 1181 1770; x_wconf 85' lang='lat' dir='ltr'><strong>ex</strong></span> <span class='ocrx_word' id='word_1_77' title='bbox 1210 1703 1265 1770; x_wconf 91' lang='lat' dir='ltr'><strong>illo</strong></span> <span class='ocrx_word' id='word_1_78' title='bbox 1294 1707 1464 1788; x_wconf 90' lang='lat' dir='ltr'><strong>tamquam</strong></span> <span class='ocrx_word' id='word_1_79' title='bbox 1493 1705 1661 1770; x_wconf 90' lang='lat' dir='ltr'><strong>communi</strong></span> 
     </span>
     <span class='ocr_line' id='line_1_11' title="bbox 406 1809 1659 1895; baseline -0.002 -19"><span class='ocrx_word' id='word_1_80' title='bbox 406 1811 498 1878; x_wconf 82' lang='lat' dir='ltr'><strong>fonte</strong></span> <span class='ocrx_word' id='word_1_81' title='bbox 521 1813 667 1895; x_wconf 88' lang='lat' dir='ltr'><strong>plerique</strong></span> <span class='ocrx_word' id='word_1_82' title='bbox 691 1831 819 1877; x_wconf 89' lang='lat' dir='ltr'><strong>errores</strong></span> <span class='ocrx_word' id='word_1_83' title='bbox 845 1813 903 1877; x_wconf 90' lang='lat' dir='ltr'><strong>aut</strong></span> <span class='ocrx_word' id='word_1_84' title='bbox 926 1810 1075 1895; x_wconf 89' lang='lat' dir='ltr'><strong>proxime</strong></span> <span class='ocrx_word' id='word_1_85' title='bbox 1098 1815 1157 1878; x_wconf 90' lang='lat' dir='ltr'><strong>aut</strong></span> <span class='ocrx_word' id='word_1_86' title='bbox 1172 1813 1298 1876; x_wconf 91' lang='lat' dir='ltr'><strong>remote</strong></span> <span class='ocrx_word' id='word_1_87' title='bbox 1313 1815 1559 1895; x_wconf 85' lang='lat' dir='ltr'><strong>promanarunt,</strong></span> <span class='ocrx_word' id='word_1_88' title='bbox 1584 1809 1659 1893; x_wconf 92' lang='lat' dir='ltr'><strong>qui·</strong></span> 
     </span>
     <span class='ocr_line' id='line_1_12' title="bbox 407 1915 1661 2001; baseline 0 -19"><span class='ocrx_word' id='word_1_89' title='bbox 407 1918 467 1982; x_wconf 91' lang='lat' dir='ltr'><strong>bus</strong></span> <span class='ocrx_word' id='word_1_90' title='bbox 497 1917 660 1982; x_wconf 87' lang='lat' dir='ltr'><strong>recentior</strong></span> <span class='ocrx_word' id='word_1_91' title='bbox 683 1917 899 2001; x_wconf 88' lang='lat' dir='ltr'><strong>philosophia,</strong></span> <span class='ocrx_word' id='word_1_92' title='bbox 931 1916 1091 2000; x_wconf 89' lang='lat' dir='ltr'><strong>imprimis</strong></span> <span class='ocrx_word' id='word_1_93' title='bbox 1114 1915 1270 2000; x_wconf 87' lang='lat' dir='ltr'><strong>practica,</strong></span> <span class='ocrx_word' id='word_1_94' title='bbox 1302 1938 1324 1982; x_wconf 90' lang='lat' dir='ltr'><strong>a</strong></span> <span class='ocrx_word' id='word_1_95' title='bbox 1351 1917 1570 2001; x_wconf 90' lang='lat' dir='ltr'><strong>compluribus</strong></span> <span class='ocrx_word' id='word_1_96' title='bbox 1600 1917 1661 1982; x_wconf 88' lang='lat' dir='ltr'><strong>de-</strong></span> 
     </span>
     <span class='ocr_line' id='line_1_13' title="bbox 408 2023 715 2108; baseline 0.003 -19"><span class='ocrx_word' id='word_1_97' title='bbox 408 2023 532 2089; x_wconf 90' lang='lat' dir='ltr'><strong>cenniis</strong></span> <span class='ocrx_word' id='word_1_98' title='bbox 556 2023 715 2108; x_wconf 87' lang='lat' dir='ltr'><strong>signatur.</strong></span> 
     </span>
    </p>
   </div>
   <div class='ocr_carea' id='block_1_3' title="bbox 635 2205 1428 2290">
    <p class='ocr_par' dir='ltr' id='par_1_4' title="bbox 635 2205 1428 2290">
     <span class='ocr_line' id='line_1_14' title="bbox 635 2205 1428 2290; baseline 0 -18"><span class='ocrx_word' id='word_1_99' title='bbox 635 2205 654 2290; x_wconf 60' lang='lat' dir='ltr'><strong>d</strong></span> <span class='ocrx_word' id='word_1_100' title='bbox 682 2212 708 2274; x_wconf 92' lang='lat'><strong>1.</strong></span> <span class='ocrx_word' id='word_1_101' title='bbox 753 2207 899 2274; x_wconf 87' lang='lat' dir='ltr'><strong>Kantii</strong></span> <span class='ocrx_word' id='word_1_102' title='bbox 927 2207 1189 2286; x_wconf 90' lang='lat' dir='ltr'><strong>,autonomia</strong></span> <span class='ocrx_word' id='word_1_103' title='bbox 1212 2207 1428 2273; x_wconf 83' lang='lat' dir='ltr'><strong>rationis“.</strong></span> 
     </span>
    </p>
   </div>
   <div class='ocr_carea' id='block_1_4' title="bbox 410 2327 1663 4542">
    <p class='ocr_par' dir='ltr' id='par_1_5' title="bbox 410 2327 1663 3672">
     <span class='ocr_line' id='line_1_15' title="bbox 410 2327 1661 2414; baseline -0.001 -16"><span class='ocrx_word' id='word_1_104' title='bbox 410 2327 478 2400; x_wconf 79' lang='lat'>253.</span> <span class='ocrx_word' id='word_1_105' title='bbox 570 2331 690 2397; x_wconf 83' lang='lat' dir='ltr'><strong>Ethica</strong></span> <span class='ocrx_word' id='word_1_106' title='bbox 713 2331 862 2398; x_wconf 91' lang='lat' dir='ltr'><strong>doctrina</strong></span> <span class='ocrx_word' id='word_1_107' title='bbox 880 2331 1005 2410; x_wconf 88' lang='lat' dir='ltr'><strong>Kantii,</strong></span> <span class='ocrx_word' id='word_1_108' title='bbox 1029 2330 1121 2397; x_wconf 85' lang='lat' dir='ltr'><strong>cuius</strong></span> <span class='ocrx_word' id='word_1_109' title='bbox 1143 2350 1304 2396; x_wconf 90' lang='lat' dir='ltr'><strong>summam</strong></span> <span class='ocrx_word' id='word_1_110' title='bbox 1327 2330 1361 2396; x_wconf 89' lang='lat' dir='ltr'><strong>in</strong></span> <span class='ocrx_word' id='word_1_111' title='bbox 1384 2331 1552 2414; x_wconf 89' lang='lat' dir='ltr'><strong>superiore</strong></span> <span class='ocrx_word' id='word_1_112' title='bbox 1573 2331 1661 2398; x_wconf 89' lang='lat' dir='ltr'><strong>libro</strong></span> 
     </span>
     <span class='ocr_line' id='line_1_16' title="bbox 410 2413 1661 2521; baseline 0.003 -21"><span class='ocrx_word' id='word_1_113' title='bbox 410 2435 475 2500; x_wconf 89' lang='lat' dir='ltr'><strong>iam</strong></span> <span class='ocrx_word' id='word_1_114' title='bbox 509 2437 694 2521; x_wconf 86' lang='lat' dir='ltr'><strong>expositam</strong></span> <span class='ocrx_word' id='word_1_115' title='bbox 727 2440 761 2503; x_wconf 92' lang='lat' dir='ltr'><strong>et</strong></span> <span class='ocrx_word' id='word_1_116' title='bbox 793 2437 922 2504; x_wconf 87' lang='lat' dir='ltr'><strong>ratione</strong></span> <span class='ocrx_word' id='word_1_117' title='bbox 945 2413 1007 2502; x_wconf 69' lang='lat' dir='ltr'><strong>&#39;sui</strong></span> <span class='ocrx_word' id='word_1_118' title='bbox 1044 2437 1212 2521; x_wconf 91' lang='lat' dir='ltr'><strong>,principii</strong></span> <span class='ocrx_word' id='word_1_119' title='bbox 1243 2437 1460 2504; x_wconf 80' lang='lat' dir='ltr'><strong>moralitatis“</strong></span> <span class='ocrx_word' id='word_1_120' title='bbox 1496 2438 1661 2518; x_wconf 88' lang='lat' dir='ltr'><strong>(moderni</strong></span> 
     </span>
     <span class='ocr_line' id='line_1_17' title="bbox 412 2541 1661 2624; baseline 0.004 -19"><span class='ocrx_word' id='word_1_121' title='bbox 412 2541 582 2624; x_wconf 81' lang='lat' dir='ltr'><strong>stoicismi)</strong></span> <span class='ocrx_word' id='word_1_122' title='bbox 599 2541 778 2609; x_wconf 88' lang='lat' dir='ltr'><strong>refutatam</strong></span> <span class='ocrx_word' id='word_1_123' title='bbox 795 2542 896 2608; x_wconf 88' lang='lat' dir='ltr'><strong>habes</strong></span> <span class='ocrx_word' id='word_1_124' title='bbox 913 2542 958 2624; x_wconf 90' lang='lat' dir='ltr'><strong>(n.</strong></span> <span class='ocrx_word' id='word_1_125' title='bbox 975 2545 1037 2609; x_wconf 89' lang='grc'><strong>170</strong></span> <span class='ocrx_word' id='word_1_126' title='bbox 1054 2548 1089 2610; x_wconf 91' lang='lat' dir='ltr'><strong>et</strong></span> <span class='ocrx_word' id='word_1_127' title='bbox 1107 2543 1194 2624; x_wconf 84' lang='lat'><strong>180),</strong></span> <span class='ocrx_word' id='word_1_128' title='bbox 1211 2543 1272 2607; x_wconf 92' lang='lat' dir='ltr'><strong>hoc</strong></span> <span class='ocrx_word' id='word_1_129' title='bbox 1288 2543 1360 2608; x_wconf 93' lang='lat' dir='ltr'><strong>loco</strong></span> <span class='ocrx_word' id='word_1_130' title='bbox 1376 2547 1512 2610; x_wconf 86' lang='lat' dir='ltr'><strong>eatenus</strong></span> <span class='ocrx_word' id='word_1_131' title='bbox 1527 2548 1661 2610; x_wconf 89' lang='lat' dir='ltr'><strong>tantum</strong></span> 
     </span>
     <span class='ocr_line' id='line_1_18' title="bbox 411 2647 1663 2736; baseline 0.004 -25"><span class='ocrx_word' id='word_1_132' title='bbox 411 2647 530 2714; x_wconf 90' lang='lat' dir='ltr'><strong>iterum</strong></span> <span class='ocrx_word' id='word_1_133' title='bbox 555 2649 792 2715; x_wconf 86' lang='lat' dir='ltr'><strong>consideranda</strong></span> <span class='ocrx_word' id='word_1_134' title='bbox 815 2649 917 2728; x_wconf 91' lang='lat' dir='ltr'><strong>venit,</strong></span> <span class='ocrx_word' id='word_1_135' title='bbox 941 2653 1104 2732; x_wconf 90' lang='lat' dir='ltr'><strong>quatenus</strong></span> <span class='ocrx_word' id='word_1_136' title='bbox 1127 2650 1215 2715; x_wconf 90' lang='lat' dir='ltr'><strong>circa</strong></span> <span class='ocrx_word' id='word_1_137' title='bbox 1236 2649 1403 2732; x_wconf 91' lang='lat' dir='ltr'><strong>propriam</strong></span> <span class='ocrx_word' id='word_1_138' title='bbox 1426 2653 1502 2736; x_wconf 76' lang='lat' dir='ltr'><strong>lepis</strong></span> <span class='ocrx_word' id='word_1_139' title='bbox 1525 2651 1663 2716; x_wconf 84' lang='lat' dir='ltr'><strong>moralis</strong></span> 
     </span>
     <span class='ocr_line' id='line_1_19' title="bbox 412 2753 1661 2840; baseline 0.002 -22"><span class='ocrx_word' id='word_1_140' title='bbox 412 2753 575 2819; x_wconf 88' lang='lat' dir='ltr'><strong>rationem</strong></span> <span class='ocrx_word' id='word_1_141' title='bbox 598 2775 657 2820; x_wconf 90' lang='lat' dir='ltr'><strong>seu</strong></span> <span class='ocrx_word' id='word_1_142' title='bbox 680 2757 881 2840; x_wconf 75' lang='lat' dir='ltr'><strong>ottipationis</strong></span> <span class='ocrx_word' id='word_1_143' title='bbox 904 2756 1038 2821; x_wconf 90' lang='lat' dir='ltr'><strong>moralis</strong></span> <span class='ocrx_word' id='word_1_144' title='bbox 1061 2755 1255 2840; x_wconf 88' lang='lat' dir='ltr'><strong>principium</strong></span> <span class='ocrx_word' id='word_1_145' title='bbox 1280 2759 1442 2822; x_wconf 88' lang='lat' dir='ltr'><strong>versatur.</strong></span> <span class='ocrx_word' id='word_1_146' title='bbox 1474 2755 1523 2821; x_wconf 80' lang='lat' dir='ltr'><strong>ao</strong></span> <span class='ocrx_word' id='word_1_147' title='bbox 1547 2761 1661 2822; x_wconf 88' lang='lat' dir='ltr'><strong>autem</strong></span> 
     </span>
     <span class='ocr_line' id='line_1_20' title="bbox 412 2859 1663 2945; baseline 0.003 -21"><span class='ocrx_word' id='word_1_148' title='bbox 412 2859 556 2943; x_wconf 88' lang='lat' dir='ltr'><strong>pertinet</strong></span> <span class='ocrx_word' id='word_1_149' title='bbox 572 2859 741 2926; x_wconf 86' lang='lat' dir='ltr'><strong>doctrinae</strong></span> <span class='ocrx_word' id='word_1_150' title='bbox 758 2865 867 2945; x_wconf 90' lang='lat' dir='ltr'><strong>caput,</strong></span> <span class='ocrx_word' id='word_1_151' title='bbox 889 2862 975 2944; x_wconf 90' lang='lat' dir='ltr'><strong>quod</strong></span> <span class='ocrx_word' id='word_1_152' title='bbox 997 2861 1222 2940; x_wconf 88' lang='lat' dir='ltr'><strong>,autonomiae</strong></span> <span class='ocrx_word' id='word_1_153' title='bbox 1239 2860 1393 2927; x_wconf 78' lang='lat' dir='ltr'><strong>rationis“</strong></span> <span class='ocrx_word' id='word_1_154' title='bbox 1413 2861 1543 2927; x_wconf 89' lang='lat' dir='ltr'><strong>nomine</strong></span> <span class='ocrx_word' id='word_1_155' title='bbox 1558 2862 1663 2945; x_wconf 90' lang='lat' dir='ltr'><strong>vulgo</strong></span> 
     </span>
     <span class='ocr_line' id='line_1_21' title="bbox 412 2965 1662 3051; baseline 0.003 -21"><span class='ocrx_word' id='word_1_156' title='bbox 412 2965 631 3048; x_wconf 83' lang='lat' dir='ltr'><strong>designamus,</strong></span> <span class='ocrx_word' id='word_1_157' title='bbox 665 2971 699 3034; x_wconf 89' lang='lat' dir='ltr'><strong>et</strong></span> <span class='ocrx_word' id='word_1_158' title='bbox 731 2988 794 3050; x_wconf 92' lang='lat' dir='ltr'><strong>quo</strong></span> <span class='ocrx_word' id='word_1_159' title='bbox 822 2968 981 3046; x_wconf 89' lang='lat' dir='ltr'><strong>Kantius,</strong></span> <span class='ocrx_word' id='word_1_160' title='bbox 1013 2968 1080 3051; x_wconf 90' lang='lat' dir='ltr'><strong>legi</strong></span> <span class='ocrx_word' id='word_1_161' title='bbox 1113 2969 1241 3033; x_wconf 81' lang='lat' dir='ltr'><strong>divinoe</strong></span> <span class='ocrx_word' id='word_1_162' title='bbox 1273 2967 1380 3050; x_wconf 88' lang='lat' dir='ltr'><strong>legem</strong></span> <span class='ocrx_word' id='word_1_163' title='bbox 1413 2971 1550 3034; x_wconf 82' lang='lat' dir='ltr'><strong>rationis</strong></span> <span class='ocrx_word' id='word_1_164' title='bbox 1582 2969 1662 3034; x_wconf 89' lang='lat' dir='ltr'><strong>sub-</strong></span> 
     </span>
     <span class='ocr_line' id='line_1_22' title="bbox 412 3071 1662 3156; baseline 0.001 -19"><span class='ocrx_word' id='word_1_165' title='bbox 412 3071 563 3150; x_wconf 79' lang='lat' dir='ltr'><strong>stituam,</strong></span> <span class='ocrx_word' id='word_1_166' title='bbox 589 3093 716 3138; x_wconf 89' lang='lat' dir='ltr'><strong>omnem</strong></span> <span class='ocrx_word' id='word_1_167' title='bbox 739 3071 905 3139; x_wconf 88' lang='lat' dir='ltr'><strong>internum</strong></span> <span class='ocrx_word' id='word_1_168' title='bbox 928 3095 1048 3140; x_wconf 87' lang='lat' dir='ltr'><strong>nexum</strong></span> <span class='ocrx_word' id='word_1_169' title='bbox 1071 3073 1262 3156; x_wconf 87' lang='lat' dir='ltr'><strong>religionem</strong></span> <span class='ocrx_word' id='word_1_170' title='bbox 1285 3073 1373 3141; x_wconf 92' lang='lat' dir='ltr'><strong>inter</strong></span> <span class='ocrx_word' id='word_1_171' title='bbox 1388 3077 1423 3140; x_wconf 91' lang='lat' dir='ltr'><strong>et</strong></span> <span class='ocrx_word' id='word_1_172' title='bbox 1437 3074 1662 3140; x_wconf 85' lang='lat' dir='ltr'><strong>moralitatem</strong></span> 
     </span>
     <span class='ocr_line' id='line_1_23' title="bbox 412 3177 1662 3263; baseline 0.003 -21"><span class='ocrx_word' id='word_1_173' title='bbox 412 3177 572 3246; x_wconf 86' lang='lat' dir='ltr'><strong>dissolvit.</strong></span> <span class='ocrx_word' id='word_1_174' title='bbox 621 3181 729 3262; x_wconf 90' lang='lat' dir='ltr'><strong>Atque</strong></span> <span class='ocrx_word' id='word_1_175' title='bbox 760 3179 807 3245; x_wconf 90' lang='lat' dir='ltr'><strong>ita</strong></span> <span class='ocrx_word' id='word_1_176' title='bbox 838 3177 925 3244; x_wconf 90' lang='lat' dir='ltr'><strong>illius</strong></span> <span class='ocrx_word' id='word_1_177' title='bbox 959 3179 1176 3258; x_wconf 85' lang='lat' dir='ltr'><strong>,moralitatis</strong></span> <span class='ocrx_word' id='word_1_178' title='bbox 1205 3179 1487 3263; x_wconf 79' lang='lat' dir='ltr'><strong>independentis‘,</strong></span> <span class='ocrx_word' id='word_1_179' title='bbox 1519 3179 1540 3248; x_wconf 89' lang='lat' dir='ltr'><strong>i.</strong></span> <span class='ocrx_word' id='word_1_180' title='bbox 1565 3201 1593 3246; x_wconf 88' lang='lat' dir='ltr'><strong>e.</strong></span> <span class='ocrx_word' id='word_1_181' title='bbox 1618 3181 1662 3246; x_wconf 90' lang='lat' dir='ltr'><strong>ab</strong></span> 
     </span>
     <span class='ocr_line' id='line_1_24' title="bbox 412 3284 1663 3370; baseline 0.002 -20"><span class='ocrx_word' id='word_1_182' title='bbox 412 3285 499 3350; x_wconf 91' lang='lat' dir='ltr'><strong>omni</strong></span> <span class='ocrx_word' id='word_1_183' title='bbox 523 3285 682 3369; x_wconf 90' lang='lat' dir='ltr'><strong>religione</strong></span> <span class='ocrx_word' id='word_1_184' title='bbox 705 3285 942 3370; x_wconf 90' lang='lat' dir='ltr'><strong>emancipatae,</strong></span> <span class='ocrx_word' id='word_1_185' title='bbox 966 3284 1182 3351; x_wconf 83' lang='lat' dir='ltr'><strong>fundamenta</strong></span> <span class='ocrx_word' id='word_1_186' title='bbox 1198 3284 1285 3364; x_wconf 89' lang='lat' dir='ltr'><strong>iecit,</strong></span> <span class='ocrx_word' id='word_1_187' title='bbox 1309 3306 1394 3367; x_wconf 90' lang='lat' dir='ltr'><strong>quae</strong></span> <span class='ocrx_word' id='word_1_188' title='bbox 1409 3285 1531 3352; x_wconf 88' lang='lat' dir='ltr'><strong>nostris</strong></span> <span class='ocrx_word' id='word_1_189' title='bbox 1547 3285 1663 3352; x_wconf 87' lang='lat' dir='ltr'><strong>diebus</strong></span> 
     </span>
     <span class='ocr_line' id='line_1_25' title="bbox 411 3390 1663 3475; baseline 0.001 -19"><span class='ocrx_word' id='word_1_190' title='bbox 411 3395 579 3474; x_wconf 88' lang='lat' dir='ltr'><strong>tamquam</strong></span> <span class='ocrx_word' id='word_1_191' title='bbox 596 3413 682 3458; x_wconf 92' lang='lat' dir='ltr'><strong>nova</strong></span> <span class='ocrx_word' id='word_1_192' title='bbox 698 3391 923 3475; x_wconf 85' lang='lat' dir='ltr'><strong>paedagogica</strong></span> <span class='ocrx_word' id='word_1_193' title='bbox 940 3395 1068 3457; x_wconf 88' lang='lat' dir='ltr'><strong>tessera</strong></span> <span class='ocrx_word' id='word_1_194' title='bbox 1079 3390 1202 3474; x_wconf 89' lang='lat' dir='ltr'><strong>passim</strong></span> <span class='ocrx_word' id='word_1_195' title='bbox 1218 3390 1456 3471; x_wconf 83' lang='lat' dir='ltr'><strong>circumfertur,</strong></span> <span class='ocrx_word' id='word_1_196' title='bbox 1473 3413 1538 3457; x_wconf 91' lang='lat' dir='ltr'><strong>non</strong></span> <span class='ocrx_word' id='word_1_197' title='bbox 1553 3392 1663 3458; x_wconf 91' lang='lat' dir='ltr'><strong>minus</strong></span> 
     </span>
     <span class='ocr_line' id='line_1_26' title="bbox 411 3496 1663 3582; baseline 0.003 -22"><span class='ocrx_word' id='word_1_198' title='bbox 411 3497 555 3563; x_wconf 85' lang='lat' dir='ltr'><strong>moribus</strong></span> <span class='ocrx_word' id='word_1_199' title='bbox 578 3519 676 3581; x_wconf 89' lang='lat' dir='ltr'><strong>quam</strong></span> <span class='ocrx_word' id='word_1_200' title='bbox 700 3498 849 3580; x_wconf 84' lang='lat' dir='ltr'><strong>religioni</strong></span> <span class='ocrx_word' id='word_1_201' title='bbox 873 3497 1042 3582; x_wconf 87' lang='lat' dir='ltr'><strong>pestifera.</strong></span> <span class='ocrx_word' id='word_1_202' title='bbox 1074 3497 1257 3581; x_wconf 89' lang='lat' dir='ltr'><strong>Praecipua</strong></span> <span class='ocrx_word' id='word_1_203' title='bbox 1280 3497 1446 3563; x_wconf 88' lang='lat' dir='ltr'><strong>elementa</strong></span> <span class='ocrx_word' id='word_1_204' title='bbox 1468 3496 1564 3564; x_wconf 88' lang='lat' dir='ltr'><strong>huius</strong></span> <span class='ocrx_word' id='word_1_205' title='bbox 1586 3519 1663 3564; x_wconf 87' lang='lat' dir='ltr'><strong>sen·</strong></span> 
     </span>
     <span class='ocr_line' id='line_1_27' title="bbox 410 3603 1192 3672; baseline 0 -4"><span class='ocrx_word' id='word_1_206' title='bbox 410 3603 661 3671; x_wconf 79' lang='lat' dir='ltr'><strong>tentiae1haee</strong></span> <span class='ocrx_word' id='word_1_207' title='bbox 685 3605 754 3670; x_wconf 82' lang='lat' dir='ltr'><strong>fere</strong></span> <span class='ocrx_word' id='word_1_208' title='bbox 777 3609 864 3672; x_wconf 88' lang='lat' dir='ltr'><strong>sunt.</strong></span> <span class='ocrx_word' id='word_1_209' title='bbox 911 3603 1054 3670; x_wconf 89' lang='lat' dir='ltr'><strong>Kantins</strong></span> <span class='ocrx_word' id='word_1_210' title='bbox 1078 3603 1192 3669; x_wconf 87' lang='lat' dir='ltr'><strong>docet:</strong></span> 
     </span>
    </p>

    <p class='ocr_par' dir='ltr' id='par_1_6' title="bbox 410 3708 1662 4008">
     <span class='ocr_line' id='line_1_28' title="bbox 501 3708 1661 3793; baseline 0.004 -20"><span class='ocrx_word' id='word_1_211' title='bbox 501 3711 530 3776; x_wconf 88' lang='lat'><strong>1.</strong></span> <span class='ocrx_word' id='word_1_212' title='bbox 556 3711 676 3793; x_wconf 89' lang='lat' dir='ltr'><strong>Legem</strong></span> <span class='ocrx_word' id='word_1_213' title='bbox 696 3711 864 3789; x_wconf 88' lang='lat' dir='ltr'><strong>moralem,</strong></span> <span class='ocrx_word' id='word_1_214' title='bbox 890 3733 988 3793; x_wconf 85' lang='lat' dir='ltr'><strong>quam</strong></span> <span class='ocrx_word' id='word_1_215' title='bbox 1004 3731 1064 3776; x_wconf 90' lang='lat' dir='ltr'><strong>nos</strong></span> <span class='ocrx_word' id='word_1_216' title='bbox 1079 3709 1186 3791; x_wconf 91' lang='lat' dir='ltr'><strong>legem</strong></span> <span class='ocrx_word' id='word_1_217' title='bbox 1203 3708 1292 3790; x_wconf 88' lang='lat' dir='ltr'><strong>(Dei)</strong></span> <span class='ocrx_word' id='word_1_218' title='bbox 1309 3711 1495 3776; x_wconf 87' lang='lat' dir='ltr'><strong>naturalem</strong></span> <span class='ocrx_word' id='word_1_219' title='bbox 1512 3711 1661 3792; x_wconf 88' lang='lat' dir='ltr'><strong>dicimus,</strong></span> 
     </span>
     <span class='ocr_line' id='line_1_29' title="bbox 410 3807 1662 3902; baseline 0.006 -24"><span class='ocrx_word' id='word_1_220' title='bbox 410 3835 449 3878; x_wconf 78' lang='lat' dir='ltr'><strong>ec</strong></span> <span class='ocrx_word' id='word_1_221' title='bbox 472 3819 609 3882; x_wconf 82' lang='lat' dir='ltr'><strong>rationis</strong></span> <span class='ocrx_word' id='word_1_222' title='bbox 630 3821 792 3902; x_wconf 81' lang='lat' dir='ltr'><strong>practicae</strong></span> <span class='ocrx_word' id='word_1_223' title='bbox 816 3819 988 3882; x_wconf 79' lang='lat' dir='ltr'><strong>dictamine</strong></span> <span class='ocrx_word' id='word_1_224' title='bbox 1011 3839 1094 3883; x_wconf 85' lang='lat' dir='ltr'><strong>merc</strong></span> <span class='ocrx_word' id='word_1_225' title='bbox 1108 3817 1242 3900; x_wconf 74' lang='lat' dir='ltr'><strong>formali</strong></span> <span class='ocrx_word' id='word_1_226' title='bbox 1258 3825 1286 3881; x_wconf 82' lang='lat' dir='ltr'><strong>et</strong></span> <span class='ocrx_word' id='word_1_227' title='bbox 1300 3807 1478 3882; x_wconf 75' lang='lat' dir='ltr'><strong>universali</strong></span> <span class='ocrx_word' id='word_1_228' title='bbox 1491 3822 1662 3901; x_wconf 88' lang='lat' dir='ltr'><strong>tamquam</strong></span> 
     </span>
     <span class='ocr_line' id='line_1_30' title="bbox 411 3921 1482 4008; baseline 0 -19"><span class='ocrx_word' id='word_1_229' title='bbox 411 3944 453 3989; x_wconf 85' lang='lat' dir='ltr'><strong>ex</strong></span> <span class='ocrx_word' id='word_1_230' title='bbox 479 3923 572 3987; x_wconf 88' lang='lat' dir='ltr'><strong>unico</strong></span> <span class='ocrx_word' id='word_1_231' title='bbox 595 3921 688 3990; x_wconf 84' lang='lat' dir='ltr'><strong>fonte</strong></span> <span class='ocrx_word' id='word_1_232' title='bbox 711 3929 746 3991; x_wconf 92' lang='lat' dir='ltr'><strong>et</strong></span> <span class='ocrx_word' id='word_1_233' title='bbox 769 3925 954 4006; x_wconf 87' lang='lat' dir='ltr'><strong>adaequato</strong></span> <span class='ocrx_word' id='word_1_234' title='bbox 978 3923 1138 4008; x_wconf 90' lang='lat' dir='ltr'><strong>principio</strong></span> <span class='ocrx_word' id='word_1_235' title='bbox 1161 3923 1376 4006; x_wconf 87' lang='lat' dir='ltr'><strong>repetendam</strong></span> <span class='ocrx_word' id='word_1_236' title='bbox 1399 3944 1482 3989; x_wconf 87' lang='lat' dir='ltr'><strong>esse.</strong></span> 
     </span>
    </p>

    <p class='ocr_par' dir='ltr' id='par_1_7' title="bbox 410 4027 1662 4542">
     <span class='ocr_line' id='line_1_31' title="bbox 500 4027 1662 4114; baseline 0.003 -21"><span class='ocrx_word' id='word_1_237' title='bbox 500 4027 625 4113; x_wconf 80' lang='lat' dir='ltr'><strong>Quippe</strong></span> <span class='ocrx_word' id='word_1_238' title='bbox 638 4031 775 4097; x_wconf 88' lang='lat' dir='ltr'><strong>rationis</strong></span> <span class='ocrx_word' id='word_1_239' title='bbox 787 4030 965 4096; x_wconf 87' lang='lat' dir='ltr'><strong>dictamina</strong></span> <span class='ocrx_word' id='word_1_240' title='bbox 981 4051 1040 4096; x_wconf 89' lang='lat' dir='ltr'><strong>seu</strong></span> <span class='ocrx_word' id='word_1_241' title='bbox 1061 4029 1238 4114; x_wconf 88' lang='lat' dir='ltr'><strong>,principia</strong></span> <span class='ocrx_word' id='word_1_242' title='bbox 1249 4029 1413 4113; x_wconf 81' lang='lat' dir='ltr'><strong>practica“</strong></span> <span class='ocrx_word' id='word_1_243' title='bbox 1431 4029 1662 4112; x_wconf 87' lang='lat' dir='ltr'><strong>distinguenda</strong></span> 
     </span>
     <span class='ocr_line' id='line_1_32' title="bbox 411 4135 1660 4219; baseline 0 -17"><span class='ocrx_word' id='word_1_244' title='bbox 411 4156 484 4202; x_wconf 89' lang='lat' dir='ltr'><strong>esse</strong></span> <span class='ocrx_word' id='word_1_245' title='bbox 507 4138 690 4202; x_wconf 82' lang='lat' dir='ltr'><strong>materialia</strong></span> <span class='ocrx_word' id='word_1_246' title='bbox 715 4141 749 4202; x_wconf 91' lang='lat' dir='ltr'><strong>ct</strong></span> <span class='ocrx_word' id='word_1_247' title='bbox 769 4137 936 4219; x_wconf 82' lang='lat' dir='ltr'><strong>formatio.</strong></span> <span class='ocrx_word' id='word_1_248' title='bbox 973 4136 1187 4214; x_wconf 72' lang='lat' dir='ltr'><strong>,MaterIalia</strong></span> <span class='ocrx_word' id='word_1_249' title='bbox 1212 4135 1233 4202; x_wconf 91' lang='lat' dir='ltr'><strong>i.</strong></span> <span class='ocrx_word' id='word_1_250' title='bbox 1258 4157 1286 4202; x_wconf 87' lang='lat' dir='ltr'><strong>e.</strong></span> <span class='ocrx_word' id='word_1_251' title='bbox 1310 4155 1360 4213; x_wconf 89' lang='lat' dir='ltr'><strong>ea,</strong></span> <span class='ocrx_word' id='word_1_252' title='bbox 1384 4156 1469 4216; x_wconf 95' lang='lat' dir='ltr'><strong>quae</strong></span> <span class='ocrx_word' id='word_1_253' title='bbox 1492 4141 1660 4218; x_wconf 89' lang='lat' dir='ltr'><strong>tamquam</strong></span> 
     </span>
     <span class='ocr_line' id='line_1_33' title="bbox 411 4241 1661 4326; baseline 0 -18"><span class='ocrx_word' id='word_1_254' title='bbox 411 4243 582 4320; x_wconf 89' lang='lat' dir='ltr'><strong>motivum,</strong></span> <span class='ocrx_word' id='word_1_255' title='bbox 614 4265 677 4326; x_wconf 91' lang='lat' dir='ltr'><strong>quo</strong></span> <span class='ocrx_word' id='word_1_256' title='bbox 702 4243 937 4309; x_wconf 87' lang='lat' dir='ltr'><strong>determinetur</strong></span> <span class='ocrx_word' id='word_1_257' title='bbox 960 4244 1115 4309; x_wconf 85' lang='lat' dir='ltr'><strong>voluntas</strong></span> <span class='ocrx_word' id='word_1_258' title='bbox 1138 4241 1202 4325; x_wconf 84' lang='lat' dir='ltr'><strong>(als</strong></span> <span class='ocrx_word' id='word_1_259' title='bbox 1226 4241 1579 4324; x_wconf 87' lang='lat' dir='ltr'><strong>Bestimmungsgrund</strong></span> <span class='ocrx_word' id='word_1_260' title='bbox 1603 4243 1661 4308; x_wconf 89' lang='lat' dir='ltr'><strong>des</strong></span> 
     </span>
     <span class='ocr_line' id='line_1_34' title="bbox 412 4348 1661 4433; baseline 0 -19"><span class='ocrx_word' id='word_1_261' title='bbox 412 4348 579 4431; x_wconf 84' lang='lat' dir='ltr'><strong>Willens),</strong></span> <span class='ocrx_word' id='word_1_262' title='bbox 609 4350 740 4432; x_wconf 90' lang='lat' dir='ltr'><strong>aliquod</strong></span> <span class='ocrx_word' id='word_1_263' title='bbox 772 4353 923 4416; x_wconf 83' lang='lat' dir='ltr'><strong>obiectum</strong></span> <span class='ocrx_word' id='word_1_264' title='bbox 953 4349 1121 4430; x_wconf 76' lang='lat' dir='ltr'><strong>(Materia)</strong></span> <span class='ocrx_word' id='word_1_265' title='bbox 1151 4348 1320 4432; x_wconf 89' lang='lat' dir='ltr'><strong>potentiae</strong></span> <span class='ocrx_word' id='word_1_266' title='bbox 1350 4349 1554 4431; x_wconf 90' lang='lat' dir='ltr'><strong>appetitivae</strong></span> <span class='ocrx_word' id='word_1_267' title='bbox 1583 4370 1661 4433; x_wconf 87' lang='lat' dir='ltr'><strong>sup·</strong></span> 
     </span>
     <span class='ocr_line' id='line_1_35' title="bbox 410 4457 1656 4542; baseline -0.002 -20"><span class='ocrx_word' id='word_1_268' title='bbox 410 4461 545 4541; x_wconf 90' lang='lat' dir='ltr'><strong>ponunt,</strong></span> <span class='ocrx_word' id='word_1_269' title='bbox 571 4461 689 4524; x_wconf 90' lang='lat' dir='ltr'><strong>cuncta</strong></span> <span class='ocrx_word' id='word_1_270' title='bbox 713 4477 786 4523; x_wconf 91' lang='lat' dir='ltr'><strong>esse</strong></span> <span class='ocrx_word' id='word_1_271' title='bbox 810 4457 965 4542; x_wconf 88' lang='lat' dir='ltr'><strong>empirica</strong></span> <span class='ocrx_word' id='word_1_272' title='bbox 990 4478 1050 4523; x_wconf 90' lang='lat' dir='ltr'><strong>nec</strong></span> <span class='ocrx_word' id='word_1_273' title='bbox 1072 4457 1163 4539; x_wconf 89' lang='lat' dir='ltr'><strong>leges</strong></span> <span class='ocrx_word' id='word_1_274' title='bbox 1184 4457 1348 4540; x_wconf 83' lang='lat' dir='ltr'><strong>practicae</strong></span> <span class='ocrx_word' id='word_1_275' title='bbox 1364 4477 1437 4522; x_wconf 90' lang='lat' dir='ltr'><strong>esse</strong></span> <span class='ocrx_word' id='word_1_276' title='bbox 1452 4477 1559 4540; x_wconf 86' lang='lat' dir='ltr'><strong>posse.</strong></span> <span class='ocrx_word' id='word_1_277' title='bbox 1578 4507 1585 4522; x_wconf 91' lang='lat'>.</span> <span class='ocrx_word' id='word_1_278' title='bbox 1603 4509 1610 4522; x_wconf 88' lang='lat'><strong>.</strong></span> <span class='ocrx_word' id='word_1_279' title='bbox 1629 4458 1656 4522; x_wconf 83' lang='lat'><strong>.‘¹</strong></span> 
     </span>
    </p>
   </div>
   <div class='ocr_carea' id='block_1_5' title="bbox 412 4653 1663 5080">
    <p class='ocr_par' dir='ltr' id='par_1_8' title="bbox 412 4653 1663 5080">
     <span class='ocr_line' id='line_1_36' title="bbox 505 4653 1663 4726; baseline -0.003 -16"><span class='ocrx_word' id='word_1_280' title='bbox 505 4657 599 4710; x_wconf 84' lang='lat' dir='ltr'><strong>¹Eam</strong></span> <span class='ocrx_word' id='word_1_281' title='bbox 625 4656 774 4726; x_wconf 81' lang='lat' dir='ltr'><strong>expositam</strong></span> <span class='ocrx_word' id='word_1_282' title='bbox 801 4655 951 4725; x_wconf 85' lang='lat' dir='ltr'><strong>reperimus</strong></span> <span class='ocrx_word' id='word_1_283' title='bbox 969 4655 997 4708; x_wconf 92' lang='lat' dir='ltr'><strong>in</strong></span> <span class='ocrx_word' id='word_1_284' title='bbox 1025 4656 1128 4709; x_wconf 86' lang='lat' dir='ltr'><strong>duobus</strong></span> <span class='ocrx_word' id='word_1_285' title='bbox 1154 4653 1272 4708; x_wconf 84' lang='lat' dir='ltr'><strong>maxime</strong></span> <span class='ocrx_word' id='word_1_286' title='bbox 1297 4654 1438 4725; x_wconf 82' lang='lat' dir='ltr'><strong>operibus:</strong></span> <span class='ocrx_word' id='word_1_287' title='bbox 1465 4653 1663 4722; x_wconf 83' lang='lat' dir='ltr'><strong>Grundlegang</strong></span> 
     </span>
     <span class='ocr_line' id='line_1_37' title="bbox 412 4743 1662 4816; baseline -0.002 -16"><span class='ocrx_word' id='word_1_288' title='bbox 412 4763 460 4800; x_wconf 84' lang='lat' dir='ltr'><strong>zur</strong></span> <span class='ocrx_word' id='word_1_289' title='bbox 478 4745 654 4816; x_wconf 80' lang='lat' dir='ltr'><strong>Metaphysilr</strong></span> <span class='ocrx_word' id='word_1_290' title='bbox 681 4747 728 4800; x_wconf 86' lang='lat' dir='ltr'><strong>der</strong></span> <span class='ocrx_word' id='word_1_291' title='bbox 747 4744 850 4808; x_wconf 87' lang='lat' dir='ltr'><strong>Sittan,</strong></span> <span class='ocrx_word' id='word_1_292' title='bbox 875 4745 957 4809; x_wconf 78' lang='lat'>1785;</span> <span class='ocrx_word' id='word_1_293' title='bbox 982 4749 1024 4799; x_wconf 83' lang='lat' dir='ltr'><strong>st:</strong></span> <span class='ocrx_word' id='word_1_294' title='bbox 1050 4744 1142 4798; x_wconf 86' lang='lat' dir='ltr'><strong>Kritik</strong></span> <span class='ocrx_word' id='word_1_295' title='bbox 1161 4745 1209 4798; x_wconf 84' lang='lat' dir='ltr'><strong>der</strong></span> <span class='ocrx_word' id='word_1_296' title='bbox 1227 4744 1404 4814; x_wconf 78' lang='lat' dir='ltr'><strong>praktIschen</strong></span> <span class='ocrx_word' id='word_1_297' title='bbox 1423 4743 1569 4804; x_wconf 84' lang='lat' dir='ltr'><strong>Vernunft,</strong></span> <span class='ocrx_word' id='word_1_298' title='bbox 1592 4743 1662 4797; x_wconf 82' lang='lat'>1788</span> 
     </span>
     <span class='ocr_line' id='line_1_38' title="bbox 414 4831 1662 4902; baseline -0.002 -14"><span class='ocrx_word' id='word_1_299' title='bbox 414 4833 662 4902; x_wconf 82' lang='lat' dir='ltr'><strong>(Gesamtausgabe</strong></span> <span class='ocrx_word' id='word_1_300' title='bbox 680 4833 719 4887; x_wconf 93' lang='lat' dir='ltr'><strong>III</strong></span> <span class='ocrx_word' id='word_1_301' title='bbox 739 4833 784 4896; x_wconf 89' lang='lat' dir='ltr'><strong>IV,</strong></span> <span class='ocrx_word' id='word_1_302' title='bbox 804 4831 914 4902; x_wconf 84' lang='lat' dir='ltr'><strong>Leipzig</strong></span> <span class='ocrx_word' id='word_1_303' title='bbox 936 4832 1027 4900; x_wconf 80' lang='lat'>1838).</span> <span class='ocrx_word' id='word_1_304' title='bbox 1046 4862 1081 4871; x_wconf 95' lang='lat'>—</span> <span class='ocrx_word' id='word_1_305' title='bbox 1100 4833 1220 4886; x_wconf 79' lang='lat' dir='ltr'><strong>Eandem</strong></span> <span class='ocrx_word' id='word_1_306' title='bbox 1240 4833 1390 4887; x_wconf 88' lang='lat' dir='ltr'><strong>doctrinam</strong></span> <span class='ocrx_word' id='word_1_307' title='bbox 1410 4833 1504 4887; x_wconf 88' lang='lat' dir='ltr'><strong>critice</strong></span> <span class='ocrx_word' id='word_1_308' title='bbox 1523 4837 1662 4886; x_wconf 81' lang='lat' dir='ltr'><strong>examina·</strong></span> 
     </span>
     <span class='ocr_line' id='line_1_39' title="bbox 414 4920 1663 4988; baseline 0 -12"><span class='ocrx_word' id='word_1_309' title='bbox 414 4923 503 4978; x_wconf 88' lang='lat' dir='ltr'><strong>vimus</strong></span> <span class='ocrx_word' id='word_1_310' title='bbox 522 4923 549 4976; x_wconf 91' lang='lat' dir='ltr'><strong>in</strong></span> <span class='ocrx_word' id='word_1_311' title='bbox 569 4921 630 4977; x_wconf 75' lang='lat' dir='ltr'><strong>liu:</strong></span> <span class='ocrx_word' id='word_1_312' title='bbox 651 4921 699 4975; x_wconf 88' lang='lat' dir='ltr'><strong>Die</strong></span> <span class='ocrx_word' id='word_1_313' title='bbox 713 4921 883 4976; x_wconf 81' lang='lat' dir='ltr'><strong>Grundstttzs</strong></span> <span class='ocrx_word' id='word_1_314' title='bbox 902 4921 950 4974; x_wconf 86' lang='lat' dir='ltr'><strong>der</strong></span> <span class='ocrx_word' id='word_1_315' title='bbox 967 4920 1136 4975; x_wconf 85' lang='lat' dir='ltr'><strong>Sittlichkeit</strong></span> <span class='ocrx_word' id='word_1_316' title='bbox 1155 4921 1208 4975; x_wconf 91' lang='lat' dir='ltr'><strong>und</strong></span> <span class='ocrx_word' id='word_1_317' title='bbox 1228 4921 1276 4975; x_wconf 86' lang='lat' dir='ltr'><strong>des</strong></span> <span class='ocrx_word' id='word_1_318' title='bbox 1296 4921 1406 4988; x_wconf 82' lang='lat' dir='ltr'><strong>Rechts,</strong></span> <span class='ocrx_word' id='word_1_319' title='bbox 1432 4920 1564 4988; x_wconf 82' lang='lat' dir='ltr'><strong>Freiburg</strong></span> <span class='ocrx_word' id='word_1_320' title='bbox 1584 4920 1663 4982; x_wconf 77' lang='lat'><strong>1868,</strong></span> 
     </span>
     <span class='ocr_line' id='line_1_40' title="bbox 413 5009 691 5080; baseline -0.011 -13"><span class='ocrx_word' id='word_1_321' title='bbox 413 5011 558 5080; x_wconf 68' lang='lat' dir='ltr'><strong>§to-49,</strong></span> <span class='ocrx_word' id='word_1_322' title='bbox 579 5009 691 5064; x_wconf 84' lang='lat' dir='ltr'><strong>Herder.</strong></span> 
     </span>
    </p>
   </div>
   <div class='ocr_carea' id='block_1_6' title="bbox 0 0 1970 5842">
    <p class='ocr_par' dir='ltr' id='par_1_9' title="bbox 0 0 1970 5842">
     <span class='ocr_line' id='line_1_41' title="bbox 0 0 1970 5842; baseline 0 0"><span class='ocrx_word' id='word_1_323' title='bbox 0 0 1970 5842; x_wconf 95' lang='lat' dir='ltr'><strong> </strong></span> 
     </span>
    </p>
   </div>
  </div>
 </body>
</html>
