3909 5842
383 619 448 685 488
596 614 685 669 eecce
704 614 739 669 11.
775 614 856 669 nien
874 614 909 670 11.
949 614 1038 686 capue
1056 614 1103 670 ιιι.
1139 613 1281 669 saeuus
1300 614 1324 667 e.
1362 612 1423 680 aa.

383 796 503 859 malam
520 795 737 877 intellegimus,
755 815 836 879 quoe
853 796 1037 860 universum
1053 794 1198 859 ordinem
1213 791 1379 865 obiectione
1398 794 1528 858 socialia
1543 794 1641 855 iaeti-

383 903 446 967 lioe
469 908 534 965 turn
551 904 677 967 rollone
693 902 788 966 tollae
804 903 945 987 corporis
961 902 1088 967 socialia
1103 908 1169 965 tam
1185 901 1310 965 ratione
1325 900 1525 985 cingulorum
1539 919 1642 963 mem·

385 1008 514 1073 tronum
526 1008 721 1072 naturaliter
734 1008 899 1092 prouisum
918 1015 1011 1093 atque
1025 1009 1208 1091 impositum
1224 1007 1373 1091 implicite
1389 1004 1639 1091 comprehendit,

384 1118 418 1181 et
431 1134 472 1179 ex
485 1134 550 1196 qua
561 1113 657 1198 proin
673 1117 792 1180 cuncta
803 1113 947 1181 humana
958 1114 1031 1179 iura
1042 1111 1209 1179 naturalia
1225 1110 1322 1177 simul
1338 1132 1411 1177 cum
1426 1110 1546 1177 officiis
1557 1110 1640 1176 iuri·

384 1219 465 1287 dicis
488 1219 550 1285 sibi
581 1220 752 1287 correlatis
776 1219 953 1287 scientifice
977 1218 1179 1285 derivantur.
1218 1216 1282 1298 (cf.
1309 1238 1392 1300 quae
1416 1216 1467 1283 his
1491 1218 1640 1300 analoga
1770 1277 1771 1280 ,

383 1348 485 1411 supra
500 1323 547 1411 [ιι.
562 1328 624 1392 277
642 1322 730 1411 sqq]
748 1326 788 1393 de
809 1346 952 1406 ,summo
968 1325 1052 1409 legis
1064 1323 1226 1391 naturalis
1239 1323 1414 1408 principio‘
1431 1322 1639 1404 dictasunt)

386 1456 454 1529 578.
545 1458 685 1540 cognita
714 1478 795 1525 vera
824 1458 904 1523 iuris
926 1466 1049 1524 notare
1072 1462 1107 1524 et
1130 1459 1253 1543 origine
1275 1456 1437 1538 simulque
1459 1461 1639 1540 perspecto

385 1564 526 1647 genuino
556 1563 626 1630 eius
653 1566 807 1630 rationali
827 1563 1049 1646 fondamento,
1080 1562 1101 1629 i.
1126 1583 1154 1629 e.
1178 1561 1237 1627 illa
1259 1561 1423 1627 obiectiva
1445 1565 1481 1627 et
1503 1560 1639 1627 formali

385 1668 523 1748 ratione,
547 1669 581 1735 vi
604 1670 697 1737 cuiue
718 1668 906 1737 intellectus
930 1673 1043 1736 noster
1061 1668 1142 1734 iuris
1157 1667 1304 1734 ordinem
1319 1668 1392 1752 ipsa
1406 1667 1482 1750 lege
1497 1672 1641 1733 aeterna

384 1776 605 1842 necessarium
628 1796 702 1843 esee
725 1798 764 1843 ae
786 1776 880 1860 proin
904 1776 1065 1842 exsistere
1088 1774 1338 1859 methaphysica
1360 1774 1559 1841 certitudine
1582 1794 1639 1841 co-

386 1882 516 1964 gnoscit
532 1886 565 1949 el
582 1882 736 1961 affirmat,
762 1880 946 1961 nullasne,
971 1882 1058 1965 quod
1080 1903 1150 1947 rem
1173 1881 1278 1965 ipsam
1301 1880 1432 1959 attinet,
1455 1880 1544 1946 seria
1559 1900 1640 1945 con-

386 1987 550 2055 troversia
574 1989 614 2055 de
638 1988 850 2055 discernendo
874 2011 947 2055 oero
968 1988 1050 2054 iuris
1073 1986 1233 2073 principio
1256 1987 1461 2069 relinquitur.
1500 1986 1555 2051 Ex
1580 1986 1641 2052 ad·

387 2114 484 2160 verso
508 2100 629 2175 autem,
655 2094 849 2177 ubicumque
872 2096 926 2160 vel
950 2094 1083 2163 nativus
1106 2094 1187 2159 iuris
1209 2097 1389 2177 conceptus
1411 2092 1559 2171 vitiamr,
1584 2093 1639 2159 vel

388 2221 486 2267 verus
503 2202 572 2267 eius
587 2201 702 2267 idealis
718 2201 792 2266 finis
808 2202 850 2267 ab
866 2206 1001 2267 auctore
1016 2204 1157 2267 naturae
1171 2200 1319 2266 intentus
1335 2203 1370 2265 et
1384 2198 1460 2265 hinc
1474 2200 1641 2266 rationale

388 2308 638 2375 fundamentum
668 2308 850 2392 ignoratur,
882 2308 987 2373 omnis
1014 2312 1152 2374 conatus
1175 2306 1344 2373 statuendi
1366 2304 1526 2371 eiusmodi
1549 2304 1641 2388 prin·
1770 2315 1772 2374 ἶ

389 2412 507 2498 cipium
531 2414 740 2480 deductivam
764 2434 843 2480 vere
862 2434 1024 2479 summum
1039 2418 1138 2480 extra
1153 2413 1242 2479 viam
1256 2417 1410 2479 versetur
1424 2430 1564 2476 necesse
1578 2415 1641 2477 est.
1770 2401 1772 2407 ⁸

389 2520 500 2602 Atque
528 2519 578 2585 ita
600 2540 718 2586 revera
740 2541 854 2586 omnes
877 2540 1017 2597 errores,
1048 2519 1103 2602 qui
1127 2519 1214 2585 circa
1236 2519 1317 2584 illud
1342 2538 1496 2599 umquam
1517 2516 1642 2601 prolati
1770 2533 1772 2543 ·

390 2629 476 2705 sunt,
493 2646 536 2691 ex
550 2630 691 2709 utroque
705 2626 761 2691 ille
778 2631 837 2693 aut
852 2626 1013 2693 alterutro
1029 2625 1147 2692 vitiato
1164 2623 1334 2691 doctrinae
1346 2624 1439 2690 fonte
1450 2628 1641 2688 manarunt.

478 2732 581 2797 Porro
597 2752 711 2798 verum
726 2735 885 2799 rationale
900 2734 985 2798 iuria
998 2732 1244 2815 fondamentum
1256 2731 1371 2797 nativo
1382 2730 1454 2795 eiua
1466 2727 1642 2812 conceptui

390 2840 424 2902 et
440 2834 496 2900 lini
512 2840 778 2915 consentaneum,
798 2838 948 2919 quodque
963 2840 1133 2918 tamquam
1149 2836 1329 2901 communis
1347 2839 1382 2901 et
1397 2834 1643 2900 universalissi-

390 2964 462 3009 mus
477 2943 595 3009 titulus
611 2944 714 3009 omnis
729 2943 810 3009 iuris
826 2944 987 3009 naturalis
999 2942 1200 3009 considerari
1219 2942 1334 3026 possit,
1353 2942 1386 3007 in
1409 2952 1494 3009 recto
1512 2945 1643 3008 sodalis

392 3052 472 3115 citae
484 3050 597 3116 ordine
609 3050 765 3116 divinitus
777 3050 880 3116 volito
893 3054 928 3117 et
939 3050 1136 3116 naturaliter
1145 3053 1323 3133 praecepto
1332 3048 1433 3115 eitum
1442 3069 1528 3127 esee,
1542 3068 1644 3133 supra

391 3154 437 3237 (n.
453 3154 644 3237 441-445)
665 3156 925 3223 demonstratum
942 3161 1003 3223 est.
1035 3156 1158 3221 Rectus
1177 3158 1289 3220 autem
1304 3153 1358 3219 hie
1374 3154 1454 3220 ordo
1469 3154 1644 3240 importat,

392 3266 428 3327 ut
451 3261 594 3328 humana
612 3262 755 3329 societas
772 3264 947 3329 secondum
962 3283 1109 3327 normam
1124 3264 1251 3327 socialis
1267 3268 1415 3345 naturae,
1438 3260 1460 3327 i.
1477 3282 1507 3328 e.
1524 3283 1645 3327 secun·

391 3367 467 3433 dum
484 3388 596 3433 omnes
611 3368 804 3434 essentiales
820 3370 991 3451 respectus
1006 3366 1147 3431 sociales
1161 3366 1196 3431 in
1212 3386 1252 3431 ea
1267 3365 1423 3432 fundatos
1435 3370 1471 3432 et
1486 3366 1645 3435 institua·

391 3480 446 3541 tur
462 3480 497 3541 et
514 3476 635 3558 iugiter
651 3477 872 3541 conservetur.
891 3472 981 3551 Quae
996 3494 1112 3538 norma
1127 3472 1258 3538 socialis
1273 3473 1374 3551 vitae,
1392 3494 1466 3538 cum
1481 3472 1646 3541 divinitus

390 3582 545 3667 imposita
561 3586 595 3648 et
610 3582 737 3647 sancita
753 3602 826 3647 esse
842 3585 1069 3664 cognoscatur,
1086 3580 1297 3645 manifestum
1314 3584 1376 3658 est,
1392 3584 1522 3645 rectum
1538 3581 1646 3645 socie-

392 3688 474 3755 tatis
495 3688 640 3753 ordinem
661 3688 785 3753 nullum
807 3706 880 3753 esse
900 3708 1007 3771 posse,
1031 3686 1085 3769 qui
1102 3707 1167 3752 uon
1182 3687 1288 3752 Deum
1303 3690 1474 3769 tamquam
1490 3687 1646 3754 ultimum

393 3798 430 3888 et¹
448 3794 633 3860 absolutum
654 3794 758 3858 omnis
779 3792 901 3859 ordinis
920 3794 1018 3858 finem
1039 3796 1074 3858 et
1094 3792 1317 3876 legislatorem
1340 3792 1486 3875 respicit,
1513 3798 1577 3861 aut
1592 3794 1647 3876 qui

393 3921 541 3967 normam
564 3900 654 3966 illam
671 3900 827 3966 divinitus
843 3900 1090 3984 praesignatam
1107 3920 1172 3966 non
1187 3899 1363 3981 integram,
1386 3900 1444 3965 sed
1466 3898 1646 3965 arbitraria

393 4008 589 4085 mutilatam,
603 4028 667 4074 non
679 4008 855 4073 secundum
868 4007 975 4073 ideam
988 4008 1115 4073 rodolio
1127 4009 1314 4093 erponiemi,
1328 4006 1387 4071 sed
1398 4006 1583 4071 secundum
1595 4026 1646 4072 re·

393 4113 534 4179 lationes
551 4136 633 4180 mere
648 4116 866 4180 individualea
882 4112 1011 4197 accipit.
1042 4111 1139 4179 Unde
1150 4112 1212 4178 hcc
1225 4112 1346 4196 duplici
1362 4112 1495 4178 criteric
1512 4112 1645 4196 praelu-

394 4226 489 4286 cente
505 4220 642 4302 quisque
656 4220 754 4286 facile
770 4219 950 4303 dignoscet,
967 4222 1038 4285 tum
1054 4238 1216 4300 quaenam
1232 4218 1320 4285 inter
1336 4217 1440 4295 varia,
1464 4238 1553 4300 quae
1571 4239 1646 4303 per·

394 4325 556 4404 hibentur,
580 4348 707 4392 summa
725 4326 805 4392 iuris
824 4326 984 4411 principia
999 4326 1032 4391 in
1051 4331 1259 4393 antecessum
1274 4329 1445 4408 tamquam
1461 4326 1580 4409 spuria
1596 4344 1646 4390 rs·

395 4431 563 4516 probanda
586 4432 661 4509 sint,
685 4432 755 4497 tum
780 4432 942 4515 quodnam
968 4431 1107 4513 denique
1130 4434 1167 4497 ut
1189 4452 1305 4496 verum
1328 4431 1519 4497 tenendum.

396 4596 461 4680 §a
498 4597 663 4681 Spuria,
689 4618 786 4680 quae
809 4600 1104 4683 perhibentur,
1129 4620 1284 4665 summa
1306 4599 1405 4664 iuris
1427 4600 1647 4684 principia

870 4706 1165 4772 excluduntur.

397 4823 466 4895 579.
556 4826 706 4909 Longum*
739 4834 828 4895 esset
862 4833 998 4895 cunetas
1030 4826 1187 4893 eiusmodi
1219 4827 1454 4911 principiorum
1484 4828 1647 4895 formulas

398 4930 450 4995 vel
480 4934 595 5014 aperte
624 4932 728 4999 falsae
758 4934 813 4999 vel
842 4954 901 5018 per
924 4956 959 5001 se
981 4932 1218 4999 insufficientes
1241 4934 1436 5016 singillatim
1459 4956 1646 5011 recensere,
