3909 5842
429 681 469 736 Da
487 681 642 752 praecipuis
659 681 731 750 legis
748 682 883 737 naturalis
900 683 1121 754 proprietatibus.
1140 711 1175 722 -
1194 683 1405 739 Universalitas.
1473 690 1536 754 239

291 866 354 940 est,
385 861 461 944 quin
491 862 582 926 Deus
610 861 695 943 legis
724 860 979 945 promulgationi
1009 861 1042 926 in
1073 861 1186 926 eodem
1218 861 1330 927 ordine
1360 863 1537 929 secundum

292 967 494 1051 exigentiam
516 967 696 1052 practicam
721 970 756 1032 et
778 970 966 1033 concretam
987 967 1189 1034 sufficienter
1203 967 1395 1053 provisurus
1410 969 1537 1048 fuisset,

291 1074 504 1160 superaddito
527 1095 643 1158 nempe
667 1073 801 1158 speciali
822 1079 857 1140 et
871 1073 1104 1159 providentiali
1120 1094 1278 1140 concursu
1294 1078 1451 1160 naturali,
1475 1098 1538 1159 quo

292 1180 513 1247 accidentales
542 1182 577 1246 ct
598 1179 816 1264 particulares
839 1185 978 1247 naturae
1001 1179 1150 1246 defectus
1173 1181 1312 1248 sarciret
1322 1184 1343 1247 ¹.
1390 1184 1437 1250 At
1459 1204 1538 1249 vero

291 1286 495 1353 revelatione
526 1288 694 1363 remmus,
729 1287 891 1352 homiuem
927 1288 969 1352 ad
1005 1285 1156 1354 altiorem
1191 1287 1338 1353 ordinem
1373 1289 1537 1356 elevatum

279 1395 595 1480 *supernaturalibus
623 1393 723 1458 etiam
754 1392 931 1458 luminibus
953 1397 988 1459 et
1011 1392 1183 1477 praesidiis
1206 1394 1400 1462 instructum
1426 1396 1538 1474 fuisse,

292 1520 376 1582 quae
400 1499 528 1566 abunde
551 1499 702 1566 naturale
725 1499 809 1566 illud
829 1499 1026 1566 adiutorium
1043 1501 1233 1586 supplerent,
1259 1501 1312 1566 vel
1328 1503 1438 1587 potius
1452 1508 1539 1571 tarn·

292 1626 389 1687 quam
420 1607 518 1689 longe
548 1605 785 1672 excellentiora
812 1605 1050 1688 quodammodo
1074 1606 1255 1673 eminenter
1277 1607 1309 1672 in
1333 1629 1369 1673 se
1393 1609 1539 1676 coutine-

291 1715 376 1778 rent.
409 1713 472 1779 Sed
496 1712 616 1778 Adami
639 1713 733 1796 lapsu
756 1712 808 1776 his
830 1712 961 1795 gratiae
980 1711 1074 1777 donis
1089 1711 1145 1777 ille
1161 1714 1305 1792 orbatus,
1331 1718 1365 1782 et
1380 1715 1428 1783 ita
1443 1717 1539 1782 simul

291 1819 325 1883 in
346 1819 427 1904 ipsis
442 1820 648 1886 naturatibus
663 1819 888 1897 facultatibus,
912 1818 1063 1901 quamvis
1080 1839 1143 1884 non
1160 1819 1279 1899 laesus,
1304 1824 1416 1888 tamen
1432 1823 1538 1906 quoad

292 1924 472 1991 efficaciam
498 1927 681 1992 debilitatus
697 1946 735 1991 ac
751 1925 784 1990 in
801 1924 945 1990 deterius
960 1944 1139 1989 conversus
1156 1930 1216 1991 est.
1249 1925 1335 1991 Hinc
1351 1927 1540 1994 innumerae

292 2035 387 2097 ortae
414 2036 492 2099 sunt
519 2032 672 2115 deinceps
701 2032 852 2097 internae
882 2035 1105 2114 externasque
1136 2031 1341 2116 difficultates
1364 2033 1447 2116 legis
1470 2039 1538 2100 tam

293 2138 540 2220 cognoscendae
570 2158 665 2221 quam
698 2139 891 2216 servandae,
922 2147 957 2203 ut
985 2159 1049 2222 par
1079 2145 1156 2203 crat.
1204 2137 1248 2204 Et
1277 2159 1357 2204 vero
1388 2139 1428 2203 de
1451 2139 1539 2205 lacto

291 2242 440 2309 homines
476 2243 633 2310 eiusmodi
668 2244 840 2310 obstacula
874 2265 938 2308 uon
974 2247 1069 2309 erant
1101 2245 1297 2328 superaturi,
1333 2243 1395 2308 nisi
1427 2248 1539 2312 extra·

293 2349 458 2416 ordinario
481 2350 669 2417 interventu
693 2349 878 2416 misericors
894 2349 984 2414 Deus
1005 2349 1046 2414 iis
1062 2350 1286 2417 succurrisset.
1319 2351 1414 2415 Hanc
1430 2357 1540 2418 autem

292 2461 442 2523 moralem
467 2457 731 2540 insufficientiam
753 2457 932 2522 humanum
955 2477 1059 2539 genus
1083 2459 1198 2522 contra
1214 2457 1462 2523 antecedentem
1480 2458 1540 2524 Dei

293 2564 499 2629 voluntatem
523 2585 583 2648 per
605 2566 775 2648 peccatum
799 2561 861 2628 sibi
884 2562 1035 2629 adscivit.
1068 2563 1148 2628 Dico
1172 2567 1323 2629 moralem
1342 2565 1541 2649 insufficien-

293 2672 382 2752 tiam,
413 2674 529 2754 utpote
560 2691 644 2752 quae
674 2674 803 2736 tanturn
836 2691 878 2735 ex
906 2690 1029 2753 magna
1059 2669 1253 2738 difficultate
1283 2671 1387 2736 oritur
1411 2676 1445 2737 et
1468 2693 1540 2738 cum

291 2777 424 2860 physica
447 2779 632 2860 impotentia
655 2775 883 2841 confundenda
906 2797 971 2840 non
994 2777 1055 2842 est.
1087 2775 1203 2858 Neque
1219 2776 1306 2854 licet,
1330 2776 1420 2842 illam
1436 2777 1540 2861 ipsam

294 2881 451 2947 moralem
476 2882 703 2949 difficultatem
727 2883 775 2948 ita
799 2902 1014 2965 exaggerare.
1047 2886 1083 2947 ut
1107 2903 1179 2948 cum
1203 2883 1469 2950 traditionalistis
1493 2884 1541 2949 di·

295 2991 398 3064 catur,
429 2989 553 3054 nnllam
581 2989 702 3054 homini
726 2989 860 3054 moralis
884 2987 1007 3053 ordinis
1030 2987 1181 3054 notitiam
1204 2989 1237 3054 in
1261 2989 1427 3072 praesenti
1450 2993 1540 3056 statu

294 3099 480 3177 suppetere,
505 3095 566 3160 nisi
587 3117 629 3160 ex
645 3095 706 3160 Dei
729 3094 973 3178 supernaturali
988 3095 1191 3160 revelatione
1206 3095 1375 3172 haustam;
1399 3095 1433 3161 id
1456 3096 1540 3178 quod

295 3219 337 3264 ex
362 3199 448 3265 infra
471 3200 615 3267 dicendis
638 3200 774 3284 patebit.

384 3305 503 3383 Quodsi
528 3329 644 3391 nempe
660 3308 693 3372 in
708 3309 904 3393 particulari
919 3310 1108 3387 quaeratur,
1133 3311 1291 3388 quantum
1308 3307 1409 3389 igitur
1424 3307 1540 3373 etiam-

295 3434 372 3477 num
395 3413 547 3478 naturale
569 3415 679 3478 lumen
702 3412 840 3478 rationis
863 3412 896 3476 in
921 3412 1148 3495 cognoscenda
1170 3413 1244 3495 lege
1259 3413 1402 3480 naturali
1420 3414 1540 3490 valeat,

294 3519 344 3583 ita
367 3519 451 3585 citra
474 3519 607 3586 dubium
630 3519 810 3585 christiana
833 3518 1038 3602 philosophia
1061 3519 1254 3602 respondet:

295 3665 364 3737 27⁰.
454 3656 610 3741 Thetis
636 3655 780 3740 XXX·
821 3680 893 3744 Lex
913 3683 1101 3762 naturalis,
1129 3681 1315 3744 secundum
1335 3699 1372 3744 sc
1393 3683 1416 3744 i.
1438 3699 1467 3744 e.
1489 3699 1541 3744 se·

296 3777 441 3840 cundum
463 3779 638 3860 generalia
662 3778 832 3856 principia
853 3780 976 3857 quibus
999 3785 1134 3842 constat
1156 3780 1388 3859 considerata,
1414 3781 1542 3843 homini

295 3877 407 3937 utenti
434 3877 569 3937 ratione
596 3893 658 3952 pro
685 3881 831 3939 naturae
852 3876 1050 3940 condicione
1072 3878 1316 3942 convenienter
1338 3879 1473 3943 evoluta
1492 3878 1542 3939 ita

485 3997 606 4005 ———

388 4049 396 4079 ¹
417 4046 484 4112 ,Est
502 4044 654 4114 probabile,
680 4045 767 4100 Deum
785 4046 911 4099 daturum
931 4047 1017 4100 tuisse
1036 4046 1138 4100 bomini
1156 4047 1183 4100 in
1203 4065 1235 4100 eo
1259 4051 1334 4101 statu
1353 4047 1462 4115 aliquod
1481 4064 1540 4116 pro·

296 4136 433 4188 videntiae
452 4151 554 4204 genus,
580 4151 633 4202 quo
657 4137 686 4186 et
709 4133 850 4186 moraliter
875 4136 969 4203 posset
994 4135 1151 4188 conservari
1176 4136 1235 4189 sine
1261 4137 1354 4205 lapsu,
1380 4135 1540 4206 pracsertim

295 4225 418 4286 mortali,
444 4228 472 4276 et
497 4240 549 4291 quo
568 4223 651 4276 etiam
670 4222 805 4276 obtineret
822 4223 1009 4276 remissionem
1035 4223 1155 4293 peccati,
1181 4222 1219 4288 si,
1246 4227 1377 4291 quantum
1397 4225 1423 4277 in
1442 4241 1472 4278 se
1492 4227 1541 4286 est,

296 4313 415 4376 iaceret,
440 4311 485 4364 vel
503 4329 534 4366 se
560 4313 735 4366 converteret
759 4311 787 4364 in
806 4309 892 4364 Deum
912 4327 1004 4365 amore
1023 4312 1142 4365 naturali
1160 4329 1243 4382 super
1262 4314 1366 4378 omnia,
1393 4313 1458 4382 quia
1482 4313 1541 4366 sine

296 4403 348 4456 lroc
366 4417 466 4468 genere
491 4401 678 4471 providentiae
697 4401 745 4454 vix
765 4405 858 4470 posset
882 4400 960 4454 homo
986 4418 1039 4454 neu
1065 4418 1125 4455 csse
1150 4401 1241 4455 miser.
1279 4401 1354 4454 Haec
1373 4405 1463 4455 autern
1482 4419 1541 4470 pro·

296 4489 418 4543 videntia
430 4507 483 4543 non
497 4493 572 4544 essct
584 4490 675 4543 debita
687 4489 797 4556 homini,
817 4491 925 4559 proprie
938 4489 1080 4558 loquendo,
1099 4490 1148 4544 sed
1161 4494 1235 4544 esset
1248 4507 1283 4544 ex
1296 4491 1411 4559 quadam
1426 4488 1541 4544 liberali·

295 4582 354 4632 tate
372 4577 438 4642 Dei,
457 4593 552 4647 qnam,
572 4585 604 4632 ut
621 4580 662 4633 ita
680 4579 783 4640 dicam.
802 4578 876 4631 Deus
894 4578 1019 4648 sibiipsi
1038 4579 1163 4642 deberet,
1190 4579 1206 4633 i.
1227 4597 1250 4633 e.
1269 4597 1335 4633 suae
1355 4578 1542 4649 providentias

296 4671 325 4721 et
350 4667 501 4737 sapientiae
527 4685 559 4722 ac
582 4669 712 4732 bonitati,
737 4668 859 4721 differret
876 4671 967 4720 autem
987 4685 1003 4720 a
1022 4667 1192 4737 providentia
1211 4669 1316 4736 gratiae
1335 4670 1362 4721 in
1381 4668 1443 4730 hoc,
1470 4668 1541 4737 quod

296 4773 345 4825 per
364 4772 423 4810 eam
442 4775 496 4812 non
515 4757 671 4811 elevaretur
689 4757 768 4810 homo
788 4757 822 4810 ad
840 4757 921 4810 finem
940 4757 986 4810 vel
1004 4757 1093 4811 media
1111 4757 1344 4827 supernaturalia,
1367 4757 1415 4811 sed
1434 4761 1541 4810 tantum

296 4846 454 4898 tollerentur
472 4848 668 4914 impedimenta,
686 4855 717 4899 ut
731 4854 819 4915 posset
837 4849 899 4900 bene
917 4847 1083 4901 naturaliter
1102 4849 1220 4914 operari.
1246 4846 1345 4900 Melius
1363 4849 1454 4900 autem
1468 4844 1541 4898 Deus

297 4932 397 4986 homini
418 4935 546 5003 providit,
565 4939 593 4989 et
611 4952 706 4990 omnes
725 4935 903 4988 difficultates
922 4935 1044 5000 abstulit,
1063 4935 1181 5003 gratiam
1201 4937 1227 4988 et
1241 4934 1459 5003 supernaturalia
1472 4933 1542 4988 dona

297 5018 338 5073 illi
357 5021 545 5076 conferendo*
586 5026 699 5090 Sicurcz,
717 5023 758 5076 De
776 5023 830 5077 fine
848 5023 965 5078 hominis
985 5023 1053 5093 disp.
1077 5025 1116 5088 15,
1136 5027 1202 5076 sect.
1223 5022 1247 5087 2,
1267 5023 1283 5089 ἓ
1305 5023 1345 5076 11.
