3909 5842
405 684 447 749 96
626 680 715 736 Sectio
734 680 754 735 l.
792 680 873 735 Liber
890 681 911 735 1.
949 681 1039 751 caput
1056 681 1105 738 llI.
1141 680 1282 736 Articulus
1301 680 1326 735 3.
1363 682 1424 749 52.

403 879 483 943 spes,
513 859 616 923 timor.
663 855 761 922 Cuius
789 855 840 922 rei
869 855 954 921 hanc
985 856 1147 923 rationem
1179 855 1287 923 reddit
1319 856 1351 923 S.
1382 856 1525 924 Ductor:
1564 856 1667 935 „Hae

405 967 561 1047 quattuor
576 962 745 1048 passiones
765 962 981 1029 communiter
1003 962 1201 1047 principales
1225 984 1298 1029 esse
1314 963 1474 1030 dicuntur.
1508 964 1668 1041 Quarum

405 1070 500 1148 duae,
523 1069 651 1135 scilicet
663 1071 822 1154 paediam
842 1072 878 1135 et
900 1071 1043 1153 casilia,
1067 1068 1265 1154 principales
1288 1068 1449 1148 dicuntur,
1473 1070 1556 1151 quia
1583 1074 1669 1135 sunt

406 1175 624 1260 completivae
656 1178 691 1241 et
721 1176 839 1241 finales
870 1174 1063 1259 simpliciter
1092 1180 1244 1260 respectu
1276 1175 1419 1241 omnium
1446 1177 1669 1260 passionum:

405 1284 491 1349 unde
514 1282 557 1349 ad
579 1302 693 1348 omnes
715 1280 886 1366 passiones
909 1285 1170 1366 consequuntur;
1194 1285 1289 1349 timor
1312 1286 1422 1349 autem
1438 1286 1566 1368 stapes
1585 1288 1670 1349 sunt

404 1389 613 1475 principales,
643 1409 708 1454 non
737 1388 868 1471 quidem
892 1387 987 1471 quasi
1011 1388 1229 1473 completivae
1252 1388 1455 1472 simpliciter,
1486 1390 1548 1456 sed
1586 1388 1672 1473 quia

405 1500 484 1563 sunt
513 1494 732 1581 completivae
761 1494 795 1560 in
829 1516 952 1577 genere
986 1504 1088 1561 motus
1118 1497 1283 1581 appetitioni
1312 1495 1354 1561 ad
1386 1496 1521 1577 aliquid
1573 1496 1672 1562 Nam

405 1608 559 1687 respectu
589 1604 664 1668 boni
691 1600 807 1685 incipit
829 1605 939 1668 motus
960 1601 995 1665 in
1018 1621 1130 1667 amore
1160 1604 1195 1667 et
1224 1600 1373 1685 procedit
1400 1600 1433 1665 in
1457 1601 1673 1668 desiderium

406 1712 441 1775 et
463 1709 660 1776 terminatur
682 1708 716 1773 in
739 1729 814 1793 spe:
844 1712 999 1792 respectu
1022 1726 1102 1773 vero
1125 1710 1205 1773 muli
1227 1707 1342 1792 incipit
1364 1708 1398 1773 in
1422 1708 1497 1774 odio
1522 1713 1561 1775 et
1590 1730 1675 1793 pro-

407 1814 496 1882 cedit
525 1815 568 1880 ad
597 1814 710 1897 fugam
740 1816 777 1879 et
805 1814 1005 1880 terminatur
1033 1813 1067 1879 in
1089 1812 1218 1880 timore.
1265 1813 1310 1879 Et
1331 1812 1405 1879 ideo
1427 1814 1515 1880 solet
1539 1814 1674 1880 harum

407 1924 565 2004 quattuor
587 1920 774 2005 passionum
798 1940 954 1985 numerus
985 1919 1090 2003 accipi
1119 1917 1296 1984 secundum
1320 1919 1541 1986 differentiam
1563 1944 1676 2007 prue-

407 2031 505 2095 senlis
528 2031 562 2094 et
583 2028 711 2110 futura
740 2036 842 2093 motus
872 2027 958 2093 enim
988 2025 1123 2110 respicit
1145 2024 1302 2103 futurum,
1334 2026 1392 2091 sed
1422 2030 1511 2112 quies
1542 2032 1607 2093 est
1641 2028 1676 2093 in

407 2135 517 2218 aliquo
539 2134 716 2219 praesenti.
749 2134 799 2199 De
822 2133 906 2199 bono
929 2132 1033 2216 igitur
1055 2131 1222 2215 praesenti
1246 2134 1297 2197 est
1318 2134 1484 2219 paediam,
1511 2132 1555 2198 de
1576 2134 1676 2200 malo

408 2241 573 2327 praesenti
603 2245 657 2307 est
684 2243 841 2322 tristitiu;
870 2240 910 2305 de
939 2240 1025 2305 bono
1048 2240 1160 2305 futuro
1183 2241 1235 2304 est
1258 2260 1338 2324 spes,
1370 2238 1410 2303 de
1433 2238 1523 2304 malo
1547 2239 1678 2307 inituro

408 2352 461 2415 est
482 2351 587 2414 timor.
627 2347 749 2413 Omnes
772 2350 883 2412 autem
907 2345 993 2411 aliae
1015 2344 1197 2429 passiones,
1221 2364 1306 2429 quae
1330 2350 1408 2412 sunt
1430 2344 1470 2410 de
1493 2346 1590 2411 bono
1618 2348 1677 2414 vel

408 2456 448 2520 de
478 2454 565 2521 malo
594 2452 762 2537 praesenti
792 2452 847 2517 vel
877 2450 1000 2529 futuro,
1032 2451 1074 2516 ad
1097 2449 1157 2517 has
1180 2450 1377 2535 completive
1399 2451 1678 2520 reducuntur.‘¹

408 2592 473 2665 120.
563 2592 616 2658 Ad
639 2597 787 2659 nostrum
810 2592 940 2659 interim
964 2590 1169 2675 propositum
1192 2591 1225 2656 id
1248 2590 1352 2657 solum
1368 2591 1525 2675 pertinet,
1551 2598 1597 2660 ut
1616 2616 1678 2661 co-

408 2720 605 2782 gnoscamus
626 2699 797 2777 influxum,
822 2718 918 2780 quem
940 2697 975 2763 in
998 2696 1138 2763 hominis
1154 2696 1359 2763 nativitatem
1376 2697 1436 2763 sub
1452 2698 1591 2765 ratione
1611 2722 1678 2766 vo-

409 2806 543 2873 luntarii
567 2810 602 2872 et
624 2806 719 2871 liberi
742 2805 911 2888 passiones
932 2808 1120 2870 exerceant.
1153 2804 1223 2881 Qua
1239 2804 1278 2870 de
1295 2826 1330 2870 re
1345 2806 1550 2888 generaliter
1564 2828 1680 2891 prae-

409 2913 588 2979 notandum
620 2918 672 2979 est
702 2916 752 2979 nil
780 2934 840 2997 per
872 2934 905 2979 se
935 2912 1157 2979 inordinatum
1187 2914 1245 2977 aut
1275 2933 1295 2978 a
1323 2912 1480 2979 rationali
1516 2912 1679 2981 hominis

408 3022 529 3085 natura
552 3019 717 3085 dissonum
741 3019 947 3105 passionibus
969 3020 1088 3097 inesse,
1113 3040 1187 3083 cnm
1210 3038 1252 3083 ex
1275 3018 1415 3084 hominis
1438 3022 1562 3085 natura
1588 3043 1678 3087 sen-

410 3126 681 3193 sitivo-retionali
697 3126 882 3193 necessario
898 3126 1003 3193 fluant
1019 3131 1053 3194 et
1069 3126 1205 3210 proinde
1221 3126 1262 3191 ab
1278 3124 1348 3210 ipso
1365 3128 1500 3191 auctore
1517 3132 1679 3195 naturae

409 3234 557 3299 intentae
589 3234 665 3299 sint.
713 3232 906 3297 Fundantur
938 3232 1023 3297 enim
1057 3231 1280 3316 physiologice
1311 3234 1382 3296 tum
1411 3232 1445 3295 in
1474 3232 1677 3303 vivacitate

411 3339 678 3423 apprehensionis
691 3339 892 3405 obiectorum
904 3338 981 3403 etin
995 3338 1251 3423 promptitudine
1263 3337 1424 3403 naturalis
1435 3338 1679 3407 inclinationis

409 3446 606 3511 facultatum
629 3445 662 3509 in
686 3444 849 3509 obiectum
873 3464 1063 3527 congruum,
1087 3447 1156 3508 tum
1172 3444 1205 3508 in
1222 3442 1359 3527 physica
1374 3444 1474 3525 atque
1489 3444 1679 3515 individua

411 3552 529 3617 unione
553 3551 699 3635 corporis
722 3550 869 3634 organici
892 3570 966 3615 cum
990 3550 1100 3615 anima
1122 3549 1287 3629 rationali,
1312 3569 1376 3631 qua
1399 3550 1447 3628 fit,
1472 3554 1510 3615 ut
1525 3552 1677 3621 affectio

410 3658 635 3723 vehementior
658 3657 807 3734 subiecti,
839 3656 1065 3739 undecumque
1089 3660 1162 3723 orta
1185 3656 1238 3727 sit.
1262 3660 1368 3722 totum
1392 3656 1559 3723 hominem
1588 3682 1677 3727 cor-

411 3765 519 3849 ripiat,
542 3786 602 3830 nec
617 3764 761 3828 animum
777 3763 893 3841 solnm,
910 3763 967 3828 sed
985 3766 1018 3828 et
1034 3762 1256 3845 organismum
1272 3764 1489 3843 commoveat,
1506 3784 1617 3847 quare
1636 3774 1678 3835 et

410 3871 520 3955 passio
543 3871 671 3937 dicitnr.
696 3906 740 3915 -
763 3870 808 3936 Et
835 3890 914 3935 vero
937 3870 1090 3935 naturale
1113 3870 1300 3954 passionum
1324 3891 1441 3936 munus
1465 3892 1485 3936 a
1508 3876 1677 3941 creatore

410 3977 572 4044 intentum
594 3977 628 4042 in
651 3997 690 4042 eo
714 3976 813 4041 situm
837 3977 898 4053 est,
928 3979 966 4042 ut
995 3975 1073 4053 vim,
1103 3976 1212 4051 robur,
1244 3974 1424 4041 efficaciam
1456 3980 1557 4060 atque
1579 4000 1676 4047 con-

411 4084 568 4150 stantiam
591 4083 754 4148 humanae
778 4081 943 4148 activitati
966 4080 1106 4155 addant;
1132 4081 1218 4163 quod
1240 4085 1380 4149 naturae
1403 4082 1596 4149 beneficium
1628 4109 1675 4157 ao

411 4190 544 4255 maioris
560 4188 799 4254 aestimandum
815 4191 876 4267 est,
901 4208 965 4269 quo
981 4188 1087 4253 maius
1103 4185 1256 4253 damnum
1272 4190 1372 4271 atque
1390 4188 1674 4273 impedimentum

411 4296 481 4361 eius
505 4294 654 4361 carentis
676 4316 735 4361 seu
757 4294 857 4379 plena
880 4294 1016 4378 apathia
1039 4294 1161 4359 homini
1184 4297 1219 4360 et
1242 4294 1405 4362 humanae
1432 4296 1583 4363 societati
1613 4300 1674 4366 al-

411 4402 521 4467 latura
544 4404 642 4467 esset.

500 4508 617 4590 Itaque
638 4530 698 4593 per
719 4530 753 4573 sc
774 4507 945 4591 passiones
968 4527 1028 4571 uec
1053 4506 1158 4572 bonae
1182 4526 1241 4571 nec
1264 4506 1372 4571 malae
1395 4510 1482 4585 sunt,
1506 4506 1564 4572 sed
1585 4528 1671 4577 esse

412 4620 550 4699 possunt
578 4617 753 4697 utrumque
781 4636 840 4699 pro
870 4636 982 4679 earum
1011 4635 1073 4679 usu
1097 4621 1178 4679 recto
1203 4620 1258 4678 cot
1281 4635 1344 4679 nora
1368 4621 1459 4680 recto.
1506 4612 1670 4697 Namque

413 4720 591 4787 secundum
614 4724 753 4787 naturae
776 4719 923 4786 ordinem
945 4740 1010 4785 non
1035 4740 1131 4785 secus
1154 4740 1193 4785 ec
1216 4719 1342 4802 reliqua
1357 4719 1475 4795 omnia,
1500 4740 1585 4801 quae
1600 4720 1668 4788 ho·

412 4828 492 4893 mini
514 4832 682 4911 tamquam
707 4828 864 4913 operandi
887 4826 1085 4893 adminicula
1101 4847 1121 4892 a
1137 4829 1256 4893 natura
1273 4846 1429 4893 concessa
1444 4830 1532 4901 sunt,
1556 4836 1668 4895 rectae

412 4952 731 4961 ...ἡ-ψ...-

504 5012 514 5043 ¹
533 5014 561 5064 S.
586 5013 686 5077 iliona,
705 5010 732 5064 S.
753 5009 837 5064 theol.
858 5011 881 5075 1,
900 5011 926 5075 2,
944 5026 970 5078 q.
991 5009 1034 5075 25,
1054 5026 1077 5062 a.
1097 5012 1122 5063 4.
