3909 5842
752 701 793 756 De
814 702 961 773 ‚principio
978 702 1169 759 moralitatis‘.
1485 710 1547 774 139

289 874 384 941 Mina
407 896 488 943 sane
511 876 693 955 moralitas,
723 877 880 943 moderno
910 878 1073 945 atheiemo
1096 880 1193 964 plane
1218 881 1481 947 accommodata!
1505 918 1549 927 -

290 982 467 1059 Quomodo
490 986 603 1049 autem
625 983 718 1061 haec,
743 988 782 1051 ut
804 989 917 1051 cetera
940 985 1011 1051 eius
1034 986 1177 1053 absurde
1200 990 1339 1067 taceam,
1371 990 1544 1065 ,vacuum'

292 1089 512 1172 obligationis
534 1089 669 1155 moralis
693 1090 893 1174 complebit?

392 1198 526 1265 Odcrlcs
548 1198 685 1263 Dorsoin
709 1194 962 1280 (1809—1882)
998 1198 1176 1275 „theoriam
1208 1198 1423 1265 evolutionis“
1450 1199 1550 1266 latius

290 1324 356 1387 per
385 1308 536 1387 systema
575 1304 864 1379 ,descendentiae‘
898 1304 984 1387 qnod
1017 1308 1139 1371 vocant
1173 1306 1328 1371 excolens
1367 1306 1549 1373 doctrinam

292 1418 428 1492 qnoque
456 1411 615 1477 moralem
638 1410 744 1476 eidem
767 1410 942 1494 systemati
964 1412 1238 1479 accommodavit.
1270 1412 1387 1495 Itaque
1404 1412 1550 1478 Darwini

292 1515 408 1581 ethica
437 1516 495 1581 vix
524 1517 613 1583 aliud
643 1538 718 1583 esse
746 1517 884 1583 dicenda
911 1520 964 1583 est
995 1537 1092 1600 quam
1124 1517 1256 1601 aliquod
1284 1518 1427 1603 speciale
1451 1524 1550 1603 caput

291 1618 458 1687 historiae
489 1623 662 1690 naturalis,
709 1621 987 1699 Quemadmodum
1020 1623 1105 1688 eninr
1134 1622 1169 1688 in
1200 1644 1307 1689 rerum
1331 1628 1452 1691 natura
1474 1646 1550 1710 per-

292 1725 454 1793 fectiores
477 1728 602 1794 formas
624 1727 799 1809 organicas
822 1747 884 1811 ope
911 1726 1133 1805 ,aelectionis“
1154 1726 1189 1792 in
1204 1728 1385 1812 propagine
1400 1733 1435 1795 et
1454 1750 1550 1808 ,con-

294 1833 482 1899 certatione
504 1838 620 1899 mutua
643 1834 684 1899 de
700 1834 881 1901 exsistendi
896 1833 1157 1901 condicionibus“
1178 1856 1238 1919 per
1253 1834 1441 1901 innumeras
1456 1837 1551 1902 here·

294 1939 439 2005 ditandae
470 1939 738 2024 reproductiones
768 1940 811 2005 ab
839 1939 1051 2005 inferioribus
1080 1962 1120 2005 ao
1143 1940 1271 2007 demum
1296 1941 1408 2025 paucis
1431 1943 1550 2009 infimis

293 2045 414 2111 formis
435 2046 504 2129 iugi
533 2046 720 2113 evolutione
750 2046 960 2112 descendisse
991 2046 1095 2126 docet,
1127 2046 1175 2113 ita
1198 2052 1232 2114 ot
1257 2047 1415 2129 originem
1439 2070 1550 2116 scasas

294 2155 432 2217 moralis
460 2152 652 2218 successiva
682 2152 869 2218 evolutione
899 2173 941 2217 ex
970 2153 1130 2219 instinctu
1153 2153 1342 2219 animalium
1365 2155 1548 2237 gregalium

295 2258 455 2339 (hominis
468 2260 716 2343 progenitorum
726 2262 749 2343 !)
764 2259 931 2343 explicare
945 2264 1084 2325 conatur
1095 2264 1115 2326 ¹.
1147 2260 1243 2326 Unde
1259 2260 1480 2327 nobilissimae
1496 2284 1549 2329 so·

294 2364 399 2431 ciales
411 2366 554 2431 virtutes
569 2369 739 2447 tamquam
755 2364 949 2448 productum
965 2364 1062 2431 istius
1077 2365 1239 2432 naturalis
1254 2386 1426 2449 processus
1442 2368 1546 2451 gradu

293 2474 428 2537 tanturn
442 2471 643 2555 aprimitiva
654 2472 849 2538 brutalitate
860 2471 1016 2538 differunt
1027 2492 1066 2537 ao
1078 2471 1230 2556 primitus
1241 2472 1275 2536 in
1286 2472 1341 2538 illo
1352 2494 1450 2539 sensu
1461 2474 1545 2539 indi·

293 2577 430 2656 gentiae
438 2576 641 2654 radicantur,
649 2598 712 2659 quo
722 2576 837 2643 simiae
846 2576 1084 2643 inducebantur
1094 2577 1135 2642 ad
1145 2577 1327 2660 gregaliter
1335 2578 1546 2644 vivenduml2

386 2684 498 2763 Atque
527 2682 611 2747 haec
641 2682 771 2765 quidem
803 2682 845 2747 de
878 2682 1056 2749 novissimo
1091 2682 1348 2767 „utilitorismo“,
1381 2704 1476 2767 quern
1513 2690 1547 2751 et

299 2789 504 2871 ,anglicum
540 2794 671 2855 vocant.
718 2790 790 2855 Hoc
819 2809 900 2873 prae
929 2789 1049 2857 ceteris
1079 2790 1204 2855 morale
1227 2794 1374 2874 systema
1397 2790 1452 2855 vel
1474 2791 1547 2856 ideo

295 2895 497 2962 luculentius
521 2896 749 2980 exponendum
772 2896 956 2973 videbatur,
985 2896 1070 2978 quod
1094 2896 1341 2985 infestissimum
1364 2899 1548 2980 praesentis

294 3001 459 3085 temporis
490 3022 634 3068 errorem
665 3004 786 3086 signat,
817 3008 852 3069 et
881 3003 968 3085 quod
995 3002 1138 3086 penitius
1160 3002 1239 3068 illud
1265 3002 1458 3086 cognovisse
1481 3005 1545 3069 iam

294 3128 401 3191 prope
423 3107 588 3175 refutasse
611 3115 672 3177 est.

388 3217 419 3280 3.
444 3215 560 3281 maon
579 3219 799 3301 progressivae
821 3216 1025 3302 perfectionis
1048 3216 1217 3281 damonae.

296 3352 364 3423 167.
458 3354 531 3420 Hoc
560 3356 691 3421 nomine
715 3376 756 3422 ea
778 3359 963 3440 systemata
987 3356 1096 3423 ethica
1119 3354 1431 3439 comprehendimus,
1464 3376 1547 3439 quae

296 3460 499 3528 moralitatis
527 3462 723 3547 principium
753 3466 789 3527 in
819 3464 979 3528 actionum
1007 3466 1159 3529 relatione
1190 3462 1236 3527 od
1263 3465 1497 3547 propressiuam
1522 3470 1549 3528 et

296 3568 520 3633 harmonicam
540 3569 765 3655 perfectionem
781 3570 918 3634 hominis
934 3576 1000 3633 tom
1021 3571 1187 3653 propriam
1205 3588 1300 3653 quom
1318 3570 1455 3633 oliorum
1472 3588 1548 3633 oon-

296 3675 452 3743 stitnunt.
499 3676 590 3753 Quod
615 3676 746 3758 quidem
770 3676 972 3760 principium,
998 3697 1196 3759 quamquam
1219 3696 1278 3759 pro
1303 3696 1363 3740 sua
1387 3674 1549 3741 obiectiva

297 3782 553 3849 universalitate
576 3782 785 3865 aliquatenus
809 3784 850 3848 ad
874 3783 1034 3867 principia
1058 3780 1479 3865 deontologioo-rationalia
1495 3802 1549 3847 ac-

299 3888 389 3954 cedit
418 3888 523 3971 iisque
556 3908 621 3953 non
650 3892 726 3953 raro
754 3889 1000 3966 adnumeratur,
1031 3910 1090 3972 pro
1122 3910 1181 3953 sua
1204 3892 1316 3954 tamen
1339 3888 1473 3969 formali
1496 3908 1549 3953 ra·

297 3994 400 4071 tione,
432 4014 516 4076 qnae
547 3998 599 4060 est
621 4000 792 4078 respectus
822 3996 863 4060 ad
891 3995 1137 4079 perlectionem,
1169 3994 1190 4061 i.
1215 4014 1243 4061 e.
1267 3994 1387 4059 bonum
1411 3991 1550 4058 hominis

298 4103 335 4166 et
357 4100 585 4178 humanitatis,
616 4102 727 4185 potius
751 4102 1063 4168 eudaemonistioum
1088 4102 1258 4167 dicendum
1283 4101 1344 4165 est.
1392 4100 1465 4164 Huc
1488 4098 1549 4163 im-

299 4206 415 4290 primis
438 4206 556 4272 referri
579 4208 692 4273 debet:

300 4410 364 4461 ante
383 4407 474 4460 omnia
491 4407 621 4461 traditam
647 4406 754 4461 ethicae
771 4407 927 4461 methodum
948 4424 1062 4476 eamque
1081 4426 1098 4461 a
1117 4406 1222 4460 cunctis
1241 4404 1437 4473 metaphysicis
1455 4404 1551 4458 funda·

300 4495 403 4550 mentis
427 4494 559 4549 solvendi.
598 4495 659 4549 Huc
676 4496 749 4551 refer
768 4498 917 4565 δι’ἀριοίιΙε,
943 4496 1001 4550 The
1020 4494 1149 4551 lde-thoda
1175 4495 1206 4549 of
1222 4494 1331 4557 Ethics;
1357 4492 1551 4563 Viartely'ahrs-

300 4585 401 4640 schrift
426 4584 472 4638 fiir
496 4584 708 4639 wissenschaltl.
727 4584 917 4655 Philosophia,
943 4584 1056 4654 Leipzig
1075 4584 1160 4648 1882,
1186 4584 1245 4635 Art.
1268 4581 1333 4647 ,Die
1351 4580 1479 4635 Methode
1505 4581 1552 4636 der

301 4672 401 4727 athik·
424 4672 604 4743 (Heymans);
633 4673 715 4737 1883,
734 4674 794 4727 Art
817 4673 882 4739 ,Dis
901 4671 986 4726 Ethik
1005 4672 1053 4726 der
1072 4671 1238 4740 Gegenwart
1255 4670 1284 4723 in
1303 4669 1376 4723 ihrer
1394 4670 1550 4737 Beziehung

300 4779 349 4815 zur
366 4760 664 4815 Naturwissenschaft⁸
687 4759 833 4828 (Acholla).

394 4850 402 4882 ¹
422 4848 480 4903 The
499 4849 611 4903 deceant
629 4848 659 4903 oi
675 4866 739 4903 man
757 4849 811 4903 and
829 4848 961 4904 selection
981 4850 1008 4902 in
1028 4847 1143 4903 relation
1162 4852 1190 4902 to
1210 4865 1260 4903 sex
1278 4864 1301 4901 c.
1322 4850 1338 4901 3
1360 4846 1465 4915 (1871).

391 4936 461 4991 ’De
479 4938 585 4991 influxu
604 4936 770 4991 darwiniami
788 4938 815 4990 in
835 4938 991 4993 modernam
1010 4938 1127 4993 ethicam
1146 4937 1181 4993 cl.
1201 4954 1309 5007 quoqne
1332 4938 1361 4991 T.
1382 4938 1471 5005 Pcach,
1498 4937 1548 4992 Die

301 5044 417 5097 grossen
436 5024 597 5081 Weltrtlsel
616 5026 642 5079 ll
660 5043 687 5080 n.
707 5027 759 5081 652
771 5043 832 5095 sqq.
