3909 5842
780 679 820 734 De
838 678 1018 751 pmienbus.
1456 684 1520 749 103

277 855 554 933 ,involuntarium
562 857 740 923 seeundum
750 856 1057 942 quid‘,neoessa1io
1066 857 1209 941 aliquem
1221 857 1478 923 deliberationem
1487 861 1521 925 et

273 962 418 1045 eligendi
432 962 614 1029 discursum
631 962 842 1045 quantumvis
857 962 1085 1029 abbreviatum
1101 962 1265 1047 supponit,
1281 982 1346 1046 quo
1357 964 1520 1043 voluntas,

274 1069 416 1135 medium
446 1068 491 1134 ad
518 1070 615 1135 finem
646 1069 858 1153 disponendo,
887 1069 941 1135 hie
967 1072 1003 1135 et
1024 1090 1110 1134 nune
1133 1090 1170 1134 se
1193 1068 1389 1135 determinet
1412 1071 1453 1137 ad
1476 1071 1520 1147 id,

273 1175 359 1257 quod
381 1174 467 1240 alias
489 1175 602 1252 nollet,
626 1178 743 1261 1119111
764 1174 916 1241 nimirum
940 1174 1026 1257 quod
1049 1178 1190 1260 apparet
1211 1178 1249 1241 ut
1271 1174 1377 1240 minus
1399 1174 1521 1241 malum

273 1302 353 1366 prae
367 1282 504 1348 maiore.
537 1282 607 1348 Iam
630 1302 710 1348 vero
733 1282 819 1349 ratio
843 1282 936 1347 liberi
958 1280 1088 1347 nonnisi
1110 1281 1241 1348 sublata
1263 1280 1465 1347 deliberandi
1488 1284 1522 1349 et

233 1413 236 1416 ·
273 1386 417 1470 eligendi
439 1387 535 1471 eopia
557 1388 749 1472 simpliciter
770 1388 910 1455 tollitur.

360 1502 542 1569 Assertio
558 1506 589 1568 2.
621 1504 720 1567 Varie
741 1511 846 1569 tamen
868 1524 928 1587 pro
951 1504 1116 1569 adiunctis
1140 1505 1233 1570 etiem
1257 1492 1522 1569 1111111111

272 1612 417 1676 enituere
437 1616 548 1695 petest.
594 1608 693 1675 Ratio
717 1609 812 1674 liberi
837 1608 1003 1689 minuitur,
1029 1612 1191 1691 quatenus
1215 1608 1373 1675 minuitur
1394 1608 1520 1675 indiffe-

271 1714 381 1781 rentia
403 1715 523 1795 iudicii,
548 1716 633 1799 quod
649 1716 831 1783 voluntatis
846 1716 1040 1782 electionem
1063 1715 1242 1800 praeeedit.
1286 1720 1386 1804 Atqui
1407 1716 1521 1800 311111

272 1824 378 1887 metus
388 1822 484 1889 veris
494 1844 554 1907 pro
561 1822 663 1888 variis
675 1823 836 1889 adiunctis
850 1822 941 1888 iilam
953 1821 1086 1887 afficere
1099 1824 1134 1887 et
1145 1822 1290 1888 minuere
1301 1826 1421 1907 potest.
1445 1822 1522 1889 Non

272 1948 348 1992 raro
371 1929 460 1994 enim
483 1928 604 2005 evenit,
627 1932 665 1995 ut
688 1930 821 2007 malum,
845 1928 933 2011 quod
948 1928 1095 2005 timetur,
1120 1928 1164 1994 sit
1179 1928 1262 1994 adeo
1277 1928 1459 2005 imminens,
1484 1930 1522 1994 11

273 2034 374 2100 otium
399 2034 611 2111 deliberandi,
634 2054 832 2117 quamquam
855 2055 921 2099 non
943 2032 1075 2117 penitus
1097 2034 1245 2113 tollatur,
1276 2034 1350 2119 plus
1372 2034 1521 2099 minusve

271 2143 385 2207 tomen
409 2162 469 2226 per
489 2142 596 2226 ipsam
618 2140 719 2207 animi
741 2138 1027 2225 praecipitantium
1051 2143 1086 2205 et
1109 2138 1250 2223 eligendi
1266 2140 1453 2223 angustiam
1468 2160 1520 2204 re·-

272 2248 458 2331 stringatur
473 2251 509 2313 et
522 2246 730 2331 impediatur.
757 2246 827 2312 lam
839 2266 920 2312 vero
935 2245 970 2311 in
985 2244 1186 2311 deliberandi
1199 2244 1293 2330 eopia
1305 2244 1456 2311 consistit
1470 2245 1520 2310 in·

273 2353 459 2420 differentia
480 2354 599 2422 iuditii.
632 2356 720 2441 Erqo
740 2358 848 2421 metus
871 2353 1032 2420 rationem
1049 2351 1153 2431 liberi,
1178 2352 1311 2419 tametsi
1326 2373 1386 2437 per
1409 2372 1445 2418 se
1460 2372 1520 2418 nee

272 2460 370 2526 tollat
393 2480 455 2525 neo
479 2481 609 2545 semper
632 2464 666 2527 et
682 2460 867 2526 necessario
883 2460 1021 2537 minuat,
1047 2460 1139 2525 varie
1154 2462 1266 2525 tamen
1282 2480 1342 2543 pro
1358 2458 1520 2525 adiunctis

272 2566 421 2631 minnere
442 2570 563 2653 potest.

272 2712 337 2785 128.
432 2714 623 2790 comnena:
652 2718 678 2785 L
707 2716 798 2795 Quod
829 2738 896 2783 non
924 2738 1001 2783 raro
1034 2716 1074 2781 de
1096 2718 1186 2781 metu
1218 2736 1333 2799 pamm
1365 2717 1520 2781 11111111

272 2822 395 2889 dietum
412 2823 548 2906 legitur:
572 2845 664 2902 ,eum
679 2823 834 2891 videlieet
849 2843 910 2889 neo
926 2822 1147 2889 voluntarium
1163 2842 1223 2887 neo
1239 2820 1376 2886 liberum
1392 2820 1518 2899 tollere,

271 2933 447 3013 utrumque
471 2933 582 2995 sutem
605 2930 813 3013 aliquatenus
836 2930 1014 3009 minuere“,
1046 2948 1087 2993 ne
1110 2926 1246 2993 veritati
1268 2926 1521 3011 psychologiose

273 3036 458 3113 dissentiat,
483 3038 732 3103 accommodata
755 3036 795 3102 ad
820 3036 988 3100 minimum
1012 3032 1285 3118 interpretatione
1308 3032 1443 3117 indiget.

359 3150 403 3217 11.
435 3150 638 3235 Quamquam
660 3152 694 3217 in
719 3173 767 3229 eo,
798 3150 885 3234 quod
915 3172 975 3235 per
998 3153 1121 3216 metum
1146 3148 1266 3233 agitur,
1298 3150 1519 3215 voluntarium

272 3278 335 3323 non
365 3258 439 3324 sine
468 3258 616 3324 admixto
646 3258 868 3325 involuntario
897 3258 1071 3346 reperitur,
1103 3277 1232 3345 semper
1261 3260 1373 3323 tamen
1403 3256 1519 3321 volun-

270 3365 393 3430 tarium
423 3365 618 3451 praevalere
648 3364 844 3430 censendum
868 3367 929 3431 est.
976 3361 1153 3427 Praevalet
1176 3361 1262 3427 enim
1285 3360 1328 3439 id,
1359 3360 1445 3444 quod
1469 3364 1521 3427 est

259 3468 348 3537 'actu
373 3476 408 3538 et
431 3472 625 3557 simpliciter
647 3492 728 3555 prae
750 3471 817 3549 illo,
843 3470 929 3555 qued
952 3473 1004 3535 est
1020 3472 1150 3535 tantum
1166 3467 1343 3534 seeundum
1358 3465 1519 3533 rationem

271 3576 433 3663 suppositi
455 3600 515 3665 pro
539 3599 616 3645 casu
639 3598 704 3642 non
729 3576 851 3645 actuali
863 3580 884 3644 ¹.

566 3776 714 3850 11111111
736 3776 778 3849 11
800 3775 974 3849 solvendas
998 3772 1222 3850 difflooltstes.

272 3914 338 3988 129.
432 3921 461 3987 1.
485 3919 606 4005 Dispar
628 3918 759 3985 omnino
781 3918 867 3985 ratio
892 3922 945 3985 est
967 3922 1075 3985 metus
1098 3920 1133 3983 et
1156 3914 1341 3983 violentiae.
1373 3914 1520 3981 Tametsi

272 4025 358 4091 enim
386 4024 552 4109 utrimque
584 4024 696 4111 aliqua
717 4024 900 4094 voluntatis
929 4022 1150 4109 repugnantia
1179 4026 1314 4099 notatur
1337 4024 1453 4087 eontra
1476 4020 1518 4097 id,

272 4132 357 4215 quod
388 4130 509 4215 agitur,
539 4133 638 4215 longe
666 4136 780 4199 tamen
809 4130 876 4200 alia
903 4131 938 4195 in
967 4133 1058 4196 metu
1088 4149 1127 4195 ae
1154 4127 1188 4195 in
1212 4126 1379 4195 violentis.
1425 4126 1463 4191 In
1486 4124 1520 4191 id

273 4237 367 4316 enim,
392 4238 477 4320 quod
501 4258 560 4321 per
582 4237 650 4303 vim
673 4237 794 4321 egitur,
818 4237 974 4303 voluntas
990 4234 1178 4301 nullatenus
1194 4231 1367 4311 consentit,
1392 4235 1427 4299 et
1445 4230 1519 4297 ideo
1590 4296 1592 4301 .

272 4347 323 4409 eet
340 4345 439 4427 plane
454 4342 728 4422 involuntarium
753 4343 839 4427 quod
855 4346 965 4409 autem
982 4361 1025 4407 ex
1040 4344 1131 4407 metu
1146 4341 1194 4417 fit,
1218 4344 1271 4405 est
1286 4337 1518 4416 voluntarium,

273 4450 350 4532 quia
372 4470 491 4517 revera
514 4456 623 4519 motus
646 4450 827 4517 voluntatis
849 4449 883 4515 iu
906 4448 987 4515 illud
1010 4448 1127 4525 fertur,
1152 4444 1301 4528 quamvis
1321 4448 1451 4511 tantum
1467 4465 1519 4511 ra·

272 4557 361 4622 tione
384 4557 529 4623 alterius.

361 4666 392 4730 2.
416 4663 533 4747 Neque
555 4663 632 4729 hine
654 4663 778 4747 aliquid
800 4662 906 4729 veluti
928 4682 949 4728 a
972 4660 1045 4746 pari
1068 4662 1185 4726 contro
1208 4657 1251 4737 id,
1276 4658 1361 4741 quod
1385 4656 1425 4723 de
1441 4677 1519 4722 oon·

274 4768 474 4852 cupiscentia
496 4790 597 4853 supra
619 4769 805 4846 statuimus,
828 4768 952 4834 inferre
974 4766 1063 4845 lieet,
1088 4764 1181 4848 quasi
1205 4784 1244 4829 eo
1268 4762 1410 4847 admisso
1426 4762 1519 4844 sequi

364 5013 373 5045 ¹
392 5011 434 5067 cf.
453 5012 481 5065 S.
505 5012 594 5065 ’111111
614 5009 633 5066 1.
651 5028 676 5065 1.
