3909 5842
429 652 492 716 118
654 647 744 704 Seatio
763 649 784 703 Ι.
821 648 902 704 Liber
919 649 954 704 ΙΙ.
993 648 1081 721 Caput
1099 650 1119 705 1.
1157 650 1298 706 Atticulae
1319 652 1342 707 1.
1380 652 1441 719 52.

426 832 524 893 extra
538 827 780 911 impositionem
791 827 936 893 divinam
948 828 1148 895 moralitatis
1161 828 1326 895 actionum
1338 828 1553 895 humanarum
1567 832 1663 895 aeter

425 952 502 997 nam
533 932 675 1015 aliquam
699 936 854 1001 statuunt
875 933 1036 1016 regulam,
1069 934 1148 1000 nihil
1173 934 1261 1001 aliud
1284 934 1363 1001 mihi
1387 935 1542 1001 videntur
1565 955 1665 1017 egere.

425 1058 524 1119 quam
553 1043 591 1104 ut
615 1038 684 1104 Deo
715 1039 898 1123 adiungunt
927 1039 1122 1124 principium
1153 1040 1286 1123 aliquod
1313 1045 1525 1107 coaeternum
1549 1042 1666 1107 extrin-

426 1164 536 1209 secum
551 1142 600 1225 (l),
625 1145 711 1227 quod
734 1145 863 1229 ipsein
886 1146 1095 1229 assignandis
1118 1168 1228 1213 rerum
1251 1147 1366 1213 formis
1389 1147 1483 1230 sequi
1506 1166 1666 1212 necessum

425 1249 586 1317 habuerit.
633 1250 796 1319 Fateatur
824 1257 999 1338 praeterea
1029 1274 1143 1319 omues
1173 1254 1294 1332 Deum,
1327 1253 1376 1321 uti
1406 1253 1533 1331 omnia,
1564 1254 1667 1319 itaet

426 1357 588 1423 homiuem
611 1356 779 1423 liberrima
802 1358 975 1426 voluntate
998 1378 1145 1437 creasse3
1170 1360 1223 1425 cui
1246 1380 1448 1443 consequens
1464 1364 1517 1425 est
1540 1360 1573 1424 in
1589 1359 1668 1425 bene

424 1465 541 1548 placito
572 1462 716 1529 eiusdem
745 1463 859 1543 tuisse,
890 1464 1021 1546 qualem
1043 1464 1166 1531 homiui
1189 1469 1343 1531 naturam
1367 1465 1470 1531 vellet
1493 1466 1667 1548 assignare.

426 1567 497 1645 Qua
520 1569 649 1635 ratione
672 1569 774 1653 igitur
791 1570 912 1636 actioni
928 1569 1069 1636 hominis
1084 1572 1190 1656 possit
1206 1576 1392 1655 competere
1409 1572 1520 1655 aliqua
1535 1572 1668 1649 affectio,

427 1695 511 1757 quae
535 1696 577 1741 ex
600 1676 799 1743 necessitate
821 1676 1001 1743 intrinseca
1024 1681 1059 1743 et
1080 1677 1231 1747 absoluta
1247 1681 1345 1744 extra
1360 1678 1421 1743 Dei
1436 1678 1669 1761 impositionem

428 1783 463 1846 et
485 1780 724 1865 beneplacitum
750 1786 987 1866 promauet?“1

516 1885 604 1953 Ante
633 1888 740 1971 ipsum
762 1888 902 1955 eandem
925 1888 1134 1967 seutentiam,
1166 1910 1364 1972 quamquam
1388 1890 1669 1965 alterationibus,

427 1991 621 2061 defenderat
645 1995 808 2061 Certemus
832 1994 1083 2079 (leet-1650)
1108 1996 1228 2062 doeens
1261 1996 1384 2061 nullam
1414 1994 1578 2061 rationem
1605 1997 1669 2060 seri

427 2100 462 2163 et
484 2098 560 2164 boui
583 2120 656 2166 esse
678 2122 775 2185 posse
798 2102 1042 2182 antecedenter,
1067 2102 1124 2168 sed
1147 2105 1277 2169 tantum
1302 2105 1541 2184 consequenter
1563 2102 1606 2167 ad
1628 2101 1670 2166 di·

428 2203 524 2270 vinae
547 2205 728 2273 voluntatis
752 2206 1059 2273 determinationem
1068 2208 1090 2275 2.

516 2310 588 2377 Nos
618 2334 696 2379 vero
727 2334 800 2379 oum
831 2334 914 2380 sana
942 2314 1149 2399 philosophia
1179 2314 1321 2381 omnium
1351 2318 1539 2397 temporum
1561 2318 1671 2379 eontra

427 2421 611 2485 universum
632 2420 874 2504 positivismum
896 2421 1055 2487 moralem
1078 2422 1270 2489 statuimus:

426 2582 492 2653 148.
582 2574 738 2658 'llllefllfl
752 2574 847 2659 XV·
869 2597 1669 2676 Praeterhonestatemoutinhonestatemposi·

426 2693 577 2772 tirum,
592 2712 678 2773 quae
692 2696 808 2757 multis
823 2698 1017 2760 sationibus
1032 2700 1166 2759 tantum
1180 2698 1407 2776 extrinsecus,
1421 2696 1582 2758 nimirum
1597 2710 1669 2756 oon·

426 2798 609 2869 sequenter
622 2794 666 2855 ad
679 2794 767 2874 legis
781 2812 934 2858 normam
949 2796 1055 2858 libere
1070 2795 1255 2874 iuduotam,
1271 2796 1453 2861 eonvenite
1468 2796 1587 2873 possit,
1608 2794 1670 2854 alis

428 2892 544 2950 exstat
571 2891 818 2971 naturalis,
846 2908 933 2969 quae
962 2891 1136 2953 nonnullis
1165 2891 1357 2953 notionibus
1387 2892 1437 2953 ita
1466 2891 1670 2953 intrinsecus

429 2986 596 3065 inhaeret,
611 2992 649 3049 ut
664 3004 684 3049 a
697 2988 826 3051 nuliius
839 2988 1041 3069 uoluntatis,
1056 3006 1099 3051 ne
1114 2988 1250 3054 divinae
1266 2988 1412 3068 quidem,
1433 2988 1577 3051 arbitrio
1591 2989 1670 3049 ulla·

429 3087 529 3147 tenus
551 3084 748 3162 dependeat.

516 3202 832 3270 Praeuotanda:
861 3205 912 3271 De
942 3226 1031 3271 mere
1057 3208 1196 3291 positivo
1225 3205 1391 3271 actionum
1422 3204 1594 3271 honestate
1617 3204 1671 3269 aut

427 3307 645 3388 inhonestate,
677 3310 769 3375 euius
798 3310 832 3375 iu
854 3309 941 3377 thesi
964 3311 1089 3377 mentio
1112 3313 1160 3389 fit,
1192 3310 1341 3393 quaestio
1364 3310 1398 3375 in
1421 3310 1587 3395 praesenti
1609 3328 1670 3373 non

427 3417 488 3493 est,
519 3435 626 3497 neque
654 3415 713 3481 illa
743 3416 795 3481 hio
817 3417 987 3500 probanda
1010 3417 1196 3501 suscipitur.
1243 3416 1395 3499 Namque
1418 3436 1491 3481 eum
1515 3414 1592 3499 ipsis
1615 3414 1671 3480 ad·

427 3521 583 3587 versariis
612 3544 678 3588 non
705 3522 885 3589 diffitemur
913 3524 1036 3589 multas
1060 3544 1132 3589 esse
1156 3522 1312 3601 actiones,
1343 3544 1427 3605 quae
1449 3522 1524 3588 ideo
1547 3525 1670 3587 tantum

428 3629 596 3694 moraliter
625 3628 730 3694 bonae
761 3628 912 3696 dieantur
941 3633 976 3695 et
1005 3629 1083 3709 siut,
1114 3634 1192 3716 quio
1223 3629 1333 3711 aliqua
1363 3629 1437 3711 lege
1468 3630 1668 3713 praeceptae,
1765 3628 1766 3703 ἶ

519 3846 587 3900 ²De
605 3847 663 3901 iura
681 3851 797 3902 naturae
815 3851 844 3901 st
861 3848 986 3915 gentium
1005 3846 1023 3901 l.
1046 3848 1068 3911 1,
1088 3864 1111 3901 o.
1131 3848 1155 3913 2,
1174 3846 1191 3915 fi
1211 3846 1235 3901 6.

517 3936 528 3968 ²
550 3936 711 4006 ,Repugnat
729 3934 781 3989 Dei
798 3934 967 3989 voluntatem
992 3952 1046 3989 nou
1064 3936 1151 3989 finisse
1177 3935 1210 3989 ab
1236 3938 1348 3989 aeterno
1366 3933 1563 3989 indifferentem
1581 3932 1614 3987 ad
1632 3948 1668 3995 es,

427 4040 498 4092 quae
516 4022 590 4076 tacta
608 4026 673 4077 sunt
691 4026 740 4076 aut
764 4039 892 4091 umquam
911 4023 996 4087 fiunt,
1023 4022 1210 4092 quianullum
1230 4022 1329 4077 bonum
1348 4022 1393 4075 vel
1414 4040 1511 4075 verum
1536 4020 1669 4075 nullumve

428 4111 591 4166 eredendum
610 4111 655 4165 vel
674 4112 829 4165 laetandum
848 4111 893 4165 vel
912 4110 1092 4165 omittendum
1111 4111 1177 4179 fingi
1195 4114 1295 4181 potest,
1314 4110 1392 4165 ouius
1410 4110 1472 4165 ides
1491 4108 1668 4163 inintellecta

427 4198 520 4253 divino
545 4198 621 4269 prius
642 4200 741 4265 tuerit,
768 4217 848 4268 qaam
868 4199 927 4253 eius
945 4200 1114 4253 salustasse
1131 4200 1318 4253 dormitavit
1336 4200 1372 4252 ad
1390 4200 1574 4265 efficimsdam,
1598 4202 1626 4249 ut
1641 4196 1669 4247 id

428 4290 481 4341 talc
498 4294 570 4341 esset.
584 4329 590 4342 .
606 4328 633 4342 ..
658 4288 784 4359 Exempli
803 4304 887 4341 eausa
907 4288 1007 4356 (Deus)
1026 4304 1080 4341 non
1098 4286 1159 4341 ideo
1177 4286 1286 4341 voluit.
1301 4328 1307 4342 .
1322 4328 1328 4341 .
1349 4290 1405 4340 tres
1418 4286 1535 4355 angulos
1547 4282 1668 4353 trianguli

428 4376 558 4444 aequalm
581 4394 642 4431 esse
660 4376 767 4431 duobus
784 4378 876 4442 rectis,
895 4376 960 4446 quia
978 4376 1109 4444 cognovit
1126 4374 1208 4429 aliter
1225 4374 1284 4429 fieri
1304 4393 1358 4429 non
1376 4390 1465 4445 possa.
1504 4374 1557 4429 Sed
1575 4378 1668 4435 eontra,

428 4464 492 4534 quia
511 4464 599 4520 voluit
622 4468 679 4519 tres
705 4465 822 4533 angulos
840 4465 971 4533 trianguli
991 4464 1145 4519 necessario
1165 4464 1295 4533 aequales
1314 4480 1375 4518 esea
1394 4463 1500 4517 duobus
1519 4464 1611 4527 raetis,
1634 4459 1667 4513 id·

429 4553 501 4609 airoo
519 4553 573 4607 iam
592 4554 643 4608 hoo
662 4571 757 4607 verum
778 4558 821 4608 ast
839 4558 867 4608 et
885 4554 945 4608 fieri
963 4554 1045 4607 aliter
1063 4570 1116 4607 non
1135 4556 1233 4623 potest,
1254 4556 1337 4622 atque
1355 4553 1395 4606 ita
1414 4552 1447 4606 de
1466 4552 1601 4622 reliquis*
1636 4546 1667 4601 ut

427 4642 582 4709 subiungit:
612 4641 802 4709 ,Manifestum
827 4648 870 4696 est
889 4640 1084 4695 nihilomnino
1104 4658 1165 4695 esse
1184 4658 1279 4711 posse,
1305 4642 1377 4711 quod
1396 4641 1430 4695 ab
1449 4642 1510 4711 ipso
1527 4641 1664 4709 (tamquam

428 4747 512 4785 eausa
530 4730 695 4798 ,attolerent
716 4748 770 4784 uon
789 4730 956 4800 dependeat,
982 4746 1036 4783 non
1055 4729 1134 4783 modo
1153 4728 1191 4783 nil
1210 4729 1378 4793 subsistens,
1404 4730 1453 4783 sed
1473 4724 1665 4783 etiamnullum

427 4818 556 4883 ordinem,
575 4818 679 4872 nullam
697 4819 786 4887 legam
804 4820 938 4872 nsdlomoe
955 4820 1090 4871 rationem
1108 4820 1165 4871 vrri
1177 4825 1199 4871 et
1213 4815 1301 4873 honi‘ss
1327 4816 1422 4871 Medii.
1448 4816 1481 4870 da
1494 4811 1665 4886 primaphilo·

428 4906 532 4978 sophia.
571 4908 652 4977 Resp.
672 4908 702 4970 6,
720 4924 746 4960 n.
767 4908 783 4960 6
803 4911 832 4959 et
849 4906 874 4959 8.
901 4934 937 4943 -
963 4904 1005 4961 Gi.
1024 4906 1107 4958 etiam
1127 4906 1185 4959 aius
1206 4904 1476 4975 ,Correspondauoe‘
1498 4922 1524 4957 u.
1544 4904 1578 4959 20
1595 4906 1620 4957 et
1636 4897 1664 4954 78

432 4996 561 5064 (OEuvres
580 4996 613 5049 de
631 4995 786 5059 Deseartes,
805 4994 870 5048 edit.
890 4994 1092 5058 time-martin,
1111 4994 1190 5048 Paris
1211 4996 1287 5059 1852,
1306 4994 1359 5047 552
1379 4998 1406 5047 et
1425 4992 1518 5061 638).-
