3909 5842
444 669 509 733 286
664 662 755 718 Sectio
773 663 794 717 Ι.
832 661 913 718 Liber
930 663 978 718 lV.
1017 662 1106 734 Caput
1125 664 1145 718 l.
1183 661 1323 719 Articulns
1345 663 1370 718 2.
1408 663 1471 732 53.

443 840 507 912 317.
597 839 718 918 Quodsi
752 845 947 907 enumerata
978 844 1164 924 systemata
1194 839 1337 922 (secluso
1367 840 1433 907 iam
1463 841 1656 924 rigorismo
1679 849 1710 908 et

443 946 599 1030 laxismo)
628 947 806 1013 secuudum
836 945 1062 1031 philosophica
1091 945 1269 1031 principia,
1307 947 1423 1029 quibus
1453 947 1636 1024 nituntur,
1671 949 1709 1012 ad

444 1054 587 1119 invicem
617 1056 868 1137 comparantur,
899 1073 996 1119 nemo
1027 1073 1092 1118 non
1122 1053 1214 1118 videt
1243 1053 1307 1118 duo
1337 1057 1466 1120 tantum
1496 1075 1542 1118 ex
1568 1054 1710 1120 definita

445 1158 596 1245 principii
611 1158 815 1243 proprietate
830 1158 894 1224 sibi
909 1158 1040 1242 opponi,
1057 1157 1209 1224 nimirum
1226 1161 1439 1224 tutioriamnm
1454 1163 1490 1225 et
1501 1163 1712 1227 moderatum

443 1267 716 1353 probabitismam.
763 1265 827 1330 Per
849 1265 941 1330 illum
965 1265 1052 1330 enim
1075 1285 1140 1330 non
1164 1265 1235 1330 sine
1258 1265 1441 1332 theoretica
1462 1268 1711 1350 consequentia

445 1374 508 1438 hoc
530 1371 724 1458 principium
748 1374 903 1453 urgetur:
926 1371 960 1436 in
984 1369 1081 1437 dubio
1106 1371 1206 1438 etiam
1229 1370 1433 1456 speculativo
1457 1371 1498 1438 de
1514 1373 1639 1456 aliqua
1656 1375 1711 1440 ob-

445 1479 605 1562 ligatione
634 1498 764 1562 semper
793 1476 898 1544 tutius
922 1497 996 1542 esse
1020 1477 1215 1561 eligendum,
1248 1481 1294 1556 ut,
1320 1483 1479 1560 quantum
1503 1479 1548 1544 ab
1573 1480 1711 1546 homine

446 1586 642 1670 dependeat,
672 1583 797 1649 vitetur
820 1583 1001 1666 periculum
1025 1583 1109 1665 legis
1132 1583 1316 1663 violandae,
1342 1588 1458 1668 utpote
1481 1585 1574 1668 quod
1600 1607 1711 1669 neque

446 1690 680 1778 probabilitate
692 1708 799 1773 neque
810 1689 935 1755 maiore
946 1689 1191 1772 probabilitate,
1208 1690 1265 1754 sed
1282 1689 1354 1755 sola
1368 1691 1485 1756 morab
1501 1693 1710 1760 certitudine

448 1797 633 1864 sententiae
656 1796 805 1865 libertati
827 1796 974 1863 faventis
998 1795 1178 1862 auferatur.
1195 1833 1240 1844 -
1255 1797 1320 1862 Per
1342 1800 1477 1864 aterum
1501 1803 1631 1866 contra
1657 1823 1712 1885 op-

447 1905 596 1989 ponitur:
627 1902 772 1987 practice
801 1925 861 1987 per
890 1923 927 1969 se
957 1905 1065 1968 tutum
1094 1923 1167 1968 esse
1191 1907 1225 1970 et
1248 1923 1268 1968 a
1291 1905 1446 1988 peccandi
1470 1905 1626 1988 periculo
1653 1909 1712 1973 im·

448 2031 545 2078 mune
574 2011 668 2092 sequi
690 2010 890 2078 sententiam
913 2009 1083 2076 faventem
1106 2009 1268 2088 libertati,
1300 2012 1454 2092 quamdiu
1477 2014 1630 2080 assertio
1657 2017 1712 2080 ob·

449 2121 617 2205 ligationis
632 2142 692 2204 per
707 2120 891 2206 oppositam
907 2119 1047 2186 aolidem
1063 2117 1328 2203 probabilitatem
1345 2123 1478 2185 maneat
1494 2142 1570 2186 vera
1594 2123 1710 2188 dubio.

448 2228 753 2295 Probabilioriamaa
777 2232 899 2304 autem,
924 2226 1014 2292 omni
1036 2225 1169 2311 proprio
1192 2225 1310 2291 altiore
1334 2225 1491 2310 principio
1511 2227 1712 2306 destitutus,

447 2337 534 2403 iuter
545 2340 721 2417 utrumque
733 2335 815 2400 illud
827 2333 1012 2418 oppositum
1030 2333 1171 2399 mediam
1184 2332 1348 2415 quandam
1364 2333 1710 2400 accommodationem

448 2443 603 2508 inducere
633 2446 781 2517 conatur,
814 2444 915 2523 atque
944 2441 994 2507 ita
1024 2439 1195 2521 utriusque
1226 2438 1492 2522 consequentiam
1526 2439 1712 2506 arbitraris

449 2547 630 2614 mutilando
654 2547 868 2631 semetipsum
891 2547 998 2628 logice
1022 2545 1170 2612 destruit.

538 2662 746 2746 Quapropter
778 2661 1003 2745 philosophice
1035 2661 1165 2744 quidem
1196 2661 1283 2727 inter
1313 2661 1386 2726 sola
1414 2659 1486 2726 fere
1516 2665 1712 2744 systemata

449 2771 622 2835 tutiorismc'
645 2772 681 2834 et
697 2769 925 2853 probabilismi
941 2766 1158 2850 disceptanda
1173 2765 1323 2848 quaestio
1339 2765 1544 2849 relinquitur.
1580 2769 1712 2836 Eadem

451 2879 564 2941 tamon
595 2895 801 2957 nequaquam
834 2895 877 2941 ex
906 2879 980 2941 tota
1009 2874 1059 2940 sui
1090 2873 1220 2940 ratione
1246 2874 1295 2940 ita
1317 2873 1378 2939 sibi
1402 2880 1629 2959 opponuntur,
1663 2884 1710 2954 ut,

450 2981 537 3046 iuste
556 2979 645 3047 inter
667 2985 843 3064 utrumqne
866 2980 1044 3048 distributa
1066 3001 1174 3046 rerum
1199 2980 1379 3064 provincia,
1404 2981 1510 3047 amice
1534 2983 1710 3050 conciliari

450 3107 516 3152 non
546 3087 683 3170 possint.
730 3088 826 3153 Unde
855 3093 1004 3172 systema
1033 3085 1257 3170 probabilismi
1287 3091 1457 3168 tamquam
1489 3088 1600 3172 logice
1631 3111 1710 3156 con·

450 3214 592 3276 sequens
615 3198 650 3260 et
671 3193 896 3279 philosophice
918 3195 1048 3258 firmum
1071 3193 1120 3260 ita
1144 3213 1337 3272 asseremus,
1362 3197 1400 3260 ut
1415 3197 1530 3260 tamen
1546 3197 1710 3282 principio

451 3321 580 3383 quoqne
613 3300 792 3366 tutiorismi
826 3298 970 3382 mitigati
1003 3301 1091 3364 intro
1125 3303 1296 3386 lopitimum
1330 3321 1423 3366 auum
1456 3302 1615 3368 ambitum
1651 3325 1709 3369 sua

451 3411 608 3473 maneant
630 3408 712 3474 iura.

775 3537 807 3592 B.
825 3535 966 3608 bgitinnr
984 3533 1155 3606 probabilismi
1174 3551 1235 3590 usna
1253 3533 1379 3591 definitur.

541 3635 565 3701 I.
590 3638 761 3723 Nepatioe:

454 3783 521 3856 318.
612 3773 770 3856 'l'hcsis
797 3773 1004 3859 xxxvl.
1053 3799 1257 3861 rosulenta
1286 3797 1379 3860 omn
1409 3797 1572 3874 opinione
1603 3801 1707 3863 oum

451 3915 533 3963 rore
561 3896 729 3974 probabili
757 3897 907 3974 practico
929 3913 1009 3973 pars
1032 3897 1140 3958 tutior
1162 3896 1243 3976 allgl
1264 3895 1381 3975 debet,
1410 3897 1544 3973 quotics
1567 3897 1706 3960 dubium
1787 3897 1788 3928 ¹

453 3994 699 4072 speculativum
719 3996 879 4058 versatur
907 3993 1000 4054 circa
1027 3991 1175 4056 medium
1200 3993 1433 4057 necessarium
1460 3991 1629 4057 adfinem
1651 3995 1706 4060 vel

453 4092 611 4155 allectum
632 4109 675 4154 ex
696 4093 791 4153 certa
811 4089 1021 4170 obligations
1042 4090 1204 4153 debitum.

542 4225 849 4294 Praenotanda.
889 4225 1027 4290 Praeter
1043 4224 1271 4308 obligationes,
1296 4246 1381 4307 quae
1396 4225 1587 4291 immediate
1603 4231 1638 4292 et
1655 4227 1704 4293 di·

453 4340 543 4402 recte
555 4335 589 4400 vi
602 4333 739 4400 alicuius
750 4332 919 4417 praecepti
928 4330 1136 4408 inducuntur,
1147 4330 1233 4396 aliae
1243 4332 1368 4396 multae
1380 4329 1543 4398 exsistere
1555 4339 1703 4415 possunt,

454 4463 538 4524 quae
561 4443 774 4525 praeceptum
797 4438 942 4504 mediate
965 4441 1210 4520 consequuntur
1233 4441 1268 4503 et
1291 4459 1373 4520 quas
1391 4438 1580 4504 immediate
1595 4439 1704 4521 gignit

454 4567 567 4613 earnm
597 4545 804 4610 necessarius
831 4549 866 4610 et
888 4543 1096 4608 indivisibilis
1119 4564 1223 4608 nexus
1240 4565 1312 4609 cum
1329 4543 1530 4626 obligatione
1546 4548 1638 4610 certa
1654 4547 1702 4610 lo·

454 4654 528 4738 gice
551 4652 727 4719 anteriora.
774 4651 827 4717 Sic
850 4651 905 4733 qui
928 4649 1095 4732 obligatur
1122 4650 1164 4715 ad
1188 4651 1330 4733 aliquem
1354 4653 1462 4728 finem,
1487 4671 1527 4716 eo
1549 4651 1621 4735 ipso
1644 4653 1703 4717 ob-

454 4761 578 4842 ligatur
612 4759 654 4824 ad
687 4757 794 4824 media
828 4755 1014 4822 necessaria
1048 4757 1089 4821 ad
1122 4757 1260 4822 eundem
1294 4759 1402 4823 finem.
1456 4753 1613 4823 Similiter
1646 4759 1703 4840 qui

454 4872 587 4934 tenetur
616 4865 724 4930 vitare
755 4863 896 4946 aliquem
927 4865 1091 4940 effectum,
1123 4884 1161 4928 eo
1191 4863 1262 4948 ipso
1291 4869 1326 4930 ct
1349 4865 1478 4948 aequali
1502 4863 1704 4947 obligatione

454 4978 588 5041 tenetur
618 4971 772 5038 omittere
802 4991 933 5036 causam
964 4969 1061 5035 huius
1085 4971 1229 5038 effectus.
1277 4973 1351 5038 Huc
1373 4971 1527 5051 refertur,
1559 4971 1646 5054 quod
1669 4971 1702 5037 in
