3909 5842
547 691 627 746 Notio
646 693 713 746 iuris
733 693 766 747 ab
786 693 844 746 eiua
862 692 915 746 fine
934 691 1016 746 ideali
1035 691 1197 746 illustratur.
1431 694 1495 758 373

725 867 965 934 Articulus
990 865 1022 936 2.

486 1004 579 1070 Nouo
603 1007 687 1070 rura
711 1005 751 1069 ac
775 1006 844 1069 erus
864 1004 928 1088 fine
951 977 1051 1068 rurali
1073 1004 1267 1068 illustratur.

244 1134 320 1205 440.
411 1135 463 1200 Ad
494 1137 670 1218 genuinum
700 1136 779 1202 iuris
810 1139 1002 1219 conceptum
1033 1135 1248 1200 hauriendum
1279 1157 1344 1201 non
1373 1135 1497 1202 medio-

246 1245 350 1310 criter
379 1246 518 1312 intereat
547 1246 580 1311 in
611 1249 817 1312 antecessum
842 1245 984 1322 novisse,
1013 1265 1167 1326 quorsum
1190 1243 1320 1309 demum
1343 1241 1498 1308 universa

246 1351 332 1416 haec
365 1355 493 1434 spectet
524 1351 698 1428 instituti0‚
732 1373 830 1433 quam
859 1350 940 1416 iuris
972 1349 1103 1415 nomine
1133 1350 1435 1433 comprehendimus
1463 1354 1498 1415 et

247 1455 341 1522 cuius
365 1458 595 1524 necessitatem
618 1458 650 1522 in
674 1458 794 1523 mundo
818 1456 934 1524 morali
957 1477 1052 1523 nemo
1069 1478 1222 1540 umquam
1245 1456 1330 1522 serio
1351 1456 1495 1538 negavit.

247 1560 527 1639 Quemadmodum
558 1564 643 1628 enim
673 1583 717 1628 ex
745 1568 865 1630 natura
895 1563 1033 1629 alicuius
1055 1564 1103 1630 rei
1126 1564 1196 1629 eius
1220 1563 1402 1629 obiectivus
1424 1561 1497 1626 finis

248 1668 468 1750 cognoscitur,
501 1669 550 1735 ita
581 1669 653 1734 vice
685 1689 784 1735 versa
817 1669 891 1734 finis
923 1668 1055 1735 aliunde
1087 1669 1238 1753 cognitus
1267 1669 1315 1734 rei
1345 1671 1497 1733 naturam

247 1773 443 1840 manifestat
466 1775 618 1856 viamque
646 1773 762 1858 aperit,
794 1795 859 1856 qua
880 1774 913 1839 in
938 1774 1009 1840 eius
1031 1775 1252 1859 proprietates
1275 1774 1375 1840 altius
1398 1795 1497 1858 pene·

249 1884 384 1947 tremus.

341 1989 438 2054 Iuvat
467 1990 577 2054 autem
609 1987 766 2054 eiusmodi
796 1989 893 2053 finem
923 1989 977 2052 vel
1006 1988 1080 2053 ideo
1102 1988 1164 2053 hoc
1188 1987 1259 2053 loco
1281 1987 1405 2053 thetica
1428 1990 1497 2052 sta·

251 2094 355 2171 bilire,
387 2095 471 2178 quod
503 2093 588 2160 falsa
612 2097 646 2160 et
668 2093 851 2177 peruiciosa
876 2095 916 2159 de
939 2095 1010 2159 iure
1033 2093 1326 2178 philosophema,
1357 2092 1498 2176 quaein

252 2199 391 2267 decursu
414 2201 527 2268 critice
551 2201 765 2285 expendenda
788 2201 881 2266 nobis
905 2201 1036 2266 obviam
1059 2203 1151 2279 fiunt,
1175 2201 1245 2266 fere
1261 2200 1294 2266 in
1309 2201 1397 2266 falsa
1412 2199 1497 2264 eius·

252 2307 325 2372 dem
347 2307 421 2373 finis
445 2308 684 2392 appretiatione
710 2311 768 2374 aut
791 2307 997 2374 mutilatione
1020 2307 1151 2374 fundari
1173 2307 1322 2373 videmus
1333 2309 1356 2375 ².

345 2463 411 2518 ¹De
434 2464 539 2518 ratione
564 2463 725 2532 teleologica
750 2464 832 2529 iuris,
858 2465 936 2518 cuius
960 2463 1106 2518 verissima
1130 2464 1204 2517 notio
1229 2462 1364 2516 neminem
1388 2459 1499 2515 scholae

254 2553 416 2607 christianae
441 2553 629 2623 philosophum
656 2553 751 2616 latuit,
777 2570 876 2606 novam
901 2551 1077 2607 nihilominus
1102 2570 1119 2606 a
1144 2551 1327 2606 fundamentis
1346 2549 1499 2618 inquisitio-

253 2659 315 2694 nem
334 2641 476 2696 instituere
494 2641 615 2710 suscepit
634 2643 759 2710 Rudolplz
778 2659 801 2694 v.
821 2643 947 2711 lhering,
974 2640 1100 2695 methodo
1125 2644 1207 2695 utens
1228 2639 1499 2708 historico-empirica

253 2733 385 2798 genioque
415 2729 545 2800 temporis
577 2731 788 2785 accommodata.
834 2729 902 2783 Bina
926 2730 1068 2784 volumina
1099 2731 1126 2784 in
1154 2730 1225 2784 hauc
1255 2747 1314 2783 rem
1341 2728 1500 2798 prodierunt

255 2817 338 2884 („l)er
356 2817 452 2872 Zweck
470 2820 507 2872 im
527 2818 628 2872 acuar
650 2819 690 2884 Il,
714 2819 798 2885 18833
825 2819 897 2872 led.
917 2819 948 2884 2,
977 2818 1068 2887 1884).
1105 2819 1176 2884 Quia
1193 2819 1235 2872 ed.
1256 2818 1273 2872 3
1294 2814 1496 2888 (laea-1898)

253 2923 318 2960 casu
335 2907 413 2960 nobis
431 2907 525 2975 ignota
544 2910 651 2974 mansit,
671 2908 715 2962 hic
735 2910 847 2964 dicenda
867 2910 973 2964 nonnisi
992 2910 1155 2963 anteriorem
1175 2907 1321 2961 editionem
1339 2905 1497 2974 respiciunt.

254 2995 297 3048 Ex
315 2994 448 3050 laboriosa
467 2995 679 3063 investigatione
698 2997 749 3050 hoc
768 2997 877 3051 interim
895 2999 991 3051 auctor
1009 3000 1041 3051 ut
1059 3001 1163 3051 certum
1182 2995 1316 3049 resultare
1343 2993 1498 3047 existimat:

252 3100 352 3136 omnem
378 3085 449 3136 iuris
474 3085 668 3138 institcdioncm
698 3085 732 3137 oh
757 3088 870 3152 epoismo
892 3093 916 3139 et
937 3088 1034 3140 sociali
1055 3087 1229 3137 utilitcrtsmc
1255 3086 1384 3150 originem
1403 3083 1499 3134 ducere

253 3201 289 3210 -
316 3189 384 3240 quae
416 3171 552 3226 conclusio
584 3174 624 3226 rei
651 3173 798 3228 veritatem
830 3177 908 3244 quasi
937 3193 951 3228 e
977 3175 1124 3242 longinquo
1157 3175 1186 3226 et
1212 3188 1248 3225 ex
1277 3174 1355 3241 parte
1386 3167 1499 3238 respicit

252 3261 340 3329 magis
366 3278 446 3329 quam
473 3261 600 3317 continet.
638 3261 742 3333 Quippe
767 3264 829 3332 quis
854 3266 937 3331 neget
962 3279 1069 3317 omnem
1094 3261 1162 3315 iaris
1180 3260 1301 3313 ordinem
1326 3257 1445 3312 finaliter
1463 3258 1498 3310 ad

253 3350 351 3404 bonum
370 3350 444 3402 vitae
468 3351 577 3405 socialis
602 3369 683 3420 quam
708 3353 826 3406 maxime
850 3351 1036 3406 necessarium
1060 3354 1089 3405 et
1110 3349 1256 3404 mentale
1277 3348 1435 3418 pertinere?
1459 3345 1498 3398 id·

254 3455 306 3506 que
330 3455 382 3491 non
409 3455 475 3492 sane
494 3439 621 3504 fortuito,
649 3440 697 3494 sed
716 3441 803 3511 primo
822 3459 854 3495 aa
873 3441 1002 3511 primario
1020 3440 1128 3510 quidem
1148 3456 1182 3493 ex
1201 3437 1349 3491 intentione
1368 3435 1499 3490 creatoris

253 3531 282 3579 et
307 3527 423 3596 supremi
449 3527 616 3594 legislatoris
641 3529 776 3584 humanae
802 3530 958 3594 societatis,
983 3529 1144 3584 secundario
1170 3530 1262 3581 autem
1288 3544 1323 3580 ex
1348 3525 1498 3578 intentione

254 3613 383 3679 hominis,
402 3619 536 3684 quatenus
555 3635 603 3686 per
621 3621 748 3672 naturam
767 3619 926 3673 rationalem
947 3623 975 3673 et
992 3617 1121 3673 socialem
1141 3617 1224 3686 (quae
1242 3615 1432 3686 participatam
1452 3631 1497 3666 ex-

253 3704 328 3758 hibet
346 3707 486 3758 aeternam
504 3705 554 3758 Dei
573 3707 678 3775 legem)
705 3707 733 3760 in
753 3709 969 3778 cooperationem
988 3710 1103 3761 vocatur
1121 3723 1183 3760 curn
1202 3705 1262 3775 ipso
1280 3703 1374 3757 divino
1392 3701 1497 3755 ordina·

252 3797 312 3847 tore
330 3795 498 3848 mauditum
518 3795 552 3849 ad
571 3795 706 3850 beandum
723 3796 858 3851 hominem
876 3801 904 3852 et
922 3797 1069 3851 humanum
1083 3813 1170 3864 genus
1190 3799 1247 3849 turn
1267 3794 1302 3847 ad
1314 3791 1400 3846 Deum
1418 3791 1498 3859 glori·

253 3882 395 3936 licendum.
434 3881 520 3936 Probe
547 3899 664 3952 namque
683 3885 822 3938 sciendum
841 3888 883 3938 est
903 3885 1061 3938 universum
1080 3884 1200 3937 ordinem
1219 3879 1497 3949 deontologico-ratio·

254 3970 340 4024 nalem
360 3970 388 4023 in
407 3970 514 4034 mundo,
533 3973 643 4024 tametsi
662 3971 696 4024 ab
715 3972 807 4026 ordina
827 3971 1081 4038 eudaemonologico
1100 3971 1251 4024 formaliter
1269 3968 1497 4037 distinguendum,

253 4057 385 4112 obiective
411 4061 502 4112 tamen
521 4063 548 4112 et
567 4059 747 4112 materialiter
771 4076 833 4114 cum
852 4061 944 4114 eodem
964 4061 1045 4130 plane
1070 4076 1227 4126 congruere.
1265 4059 1335 4112 Hinc
1353 4057 1424 4126 quod
1442 4056 1498 4124 legi

253 4145 378 4200 rationali
403 4164 452 4201 seu
479 4147 565 4201 ordini
591 4147 722 4202 divinitus
741 4151 885 4218 praecepto
904 4149 1025 4218 perfecte
1044 4147 1227 4216 adaequatnr,
1252 4147 1323 4201 idem
1349 4150 1378 4200 et
1395 4145 1498 4198 homini

254 4239 282 4288 et
301 4237 424 4290 societati
443 4236 524 4290 simul
543 4255 608 4290 vere
626 4237 725 4290 bonum
745 4241 773 4292 et
791 4237 859 4291 utile
878 4238 915 4291 sit
934 4254 1047 4292 necesse
1072 4241 1130 4302 eat,
1154 4253 1243 4306 neque
1261 4254 1326 4290 vare
1352 4233 1418 4288 utile
1436 4249 1498 4287 esse

254 4323 346 4394 possit,
366 4325 437 4392 quod
456 4324 496 4378 illi
516 4324 668 4380 dissentiat.
706 4325 747 4379 En
765 4343 843 4380 cerere
861 4329 1062 4395 otilitora'smus,
1080 4343 1132 4378 non
1152 4329 1209 4379 tam
1227 4325 1397 4378 subiectivua
1415 4337 1497 4391 quam

253 4414 406 4482 abiectiores,
424 4413 451 4466 iu
471 4429 524 4482 quo
543 4413 703 4480 teleologiee
722 4414 811 4468 omnia
830 4413 890 4468 iura
908 4415 1072 4480 fundantur,
1091 4432 1161 4484 quae
1179 4414 1321 4468 cerrima
1338 4416 1418 4476 sunt,
1437 4411 1455 4464 i.
1473 4427 1497 4464 e.

253 4499 327 4564 talia,
346 4517 415 4568 quae
433 4517 487 4554 nou
505 4501 592 4555 solum
612 4503 759 4566 coactione,
778 4503 826 4556 sed
845 4507 874 4556 et
892 4503 1058 4571 obligatione
1075 4503 1172 4558 morali
1189 4501 1351 4557 subsistunt.
1383 4501 1418 4555 m
1436 4515 1496 4552 cum

254 4605 286 4642 eo
304 4588 411 4656 quidem
430 4589 520 4643 omnia
539 4607 645 4659 quoque
663 4595 800 4646 momenta
819 4592 955 4662 empirica,
974 4609 1044 4661 quae
1057 4611 1074 4646 a
1086 4591 1119 4646 R.
1132 4610 1158 4646 v.
1172 4591 1283 4659 lhering
1299 4590 1328 4643 in
1347 4587 1497 4641 considera·

254 4675 353 4729 tionem
371 4679 519 4742 vocantur,
546 4681 670 4748 spectata
695 4683 793 4734 natura
817 4679 937 4734 humane
957 4679 1067 4734 stimulo
1087 4679 1262 4734 beatitudinis
1280 4678 1381 4746 iugiter
1399 4673 1497 4729 sollici·

254 4767 320 4828 tata,
340 4767 459 4835 perfecte
478 4768 650 4823 concordant.
671 4799 704 4806 —
724 4769 799 4834 Quod
818 4773 910 4824 autem
922 4770 1039 4839 scriptor
1051 4769 1208 4840 ceteroquin
1221 4766 1409 4834 intellegentia
1421 4781 1496 4835 prae·

254 4857 344 4917 stans,
369 4855 503 4923 neglectis
523 4856 633 4925 (saltem
659 4858 823 4926 methodica)
851 4858 926 4914 hisce
944 4859 1126 4929 profundioris
1144 4857 1331 4929 philosophiae
1349 4854 1497 4917 obtutibus,

254 4941 282 4994 in
300 4943 356 4996 auia
376 4943 581 5000 deductionibus
598 4947 656 5000 fere
674 4946 732 5000 solo
745 4946 915 5016 positivismo
928 4947 1151 5018 anthropologiae
1164 4947 1226 5002 duci
1239 4946 1365 5011 voluerit,
1384 4947 1497 4999 eatenus

255 5030 420 5097 mirandum,
440 5033 509 5102 quod
529 5033 599 5088 idem
619 5035 646 5088 in
665 5035 834 5105 praefatione
853 5037 942 5106 operia
963 5037 1002 5107 (p.
1021 5036 1085 5105 XIl)
1107 5039 1200 5091 contra
1218 5037 1377 5092 modernum
1396 5034 1496 5090 atheia·
