3909 5842
668 684 773 739 Recens
796 682 876 751 ,iuris
894 681 1032 737 historiciu
1054 680 1167 735 theoria.
1474 682 1538 747 457

294 866 439 932 activum
463 868 497 931 et
519 863 650 929 interna
673 860 872 929 necessitate
895 880 968 926 sese
990 859 1114 943 ingitur
1135 859 1356 936 revelantem
1381 879 1483 942 quare
1499 879 1541 924 ex

293 970 375 1038 reali
405 971 466 1037 hac
497 974 531 1036 et
552 968 711 1036 historica
733 967 937 1033 revelatione
960 965 1214 1051 depromendum
1237 984 1320 1043 esse,
1351 964 1429 1048 quid
1450 966 1540 1045 iuris,

294 1076 371 1161 quid
393 1080 519 1143 rectum
543 1079 578 1142 et
599 1073 795 1141 rationabile
818 1073 1015 1139 censendum
1037 1072 1113 1139 sit1.

383 1184 420 1249 Id
454 1183 560 1268 ipsum
592 1186 703 1248 autem
733 1180 858 1266 pariter
887 1180 1048 1247 adversus
1079 1178 1159 1244 iuris
1185 1180 1484 1245 individnatinnnm
1513 1188 1542 1246 et

294 1292 552 1357 rationalismnm
579 1268 840 1355 efficacissimum
864 1286 1044 1353 remedium
1067 1285 1139 1351 fore
1161 1284 1348 1369 reputabat.
1394 1286 1440 1351 Et
1462 1306 1542 1351 vero

296 1396 438 1462 admisso
472 1396 545 1461 illo¹
563 1394 651 1465 iuris¹
678 1392 837 1479 principio
871 1414 956 1459 mere
991 1394 1138 1458 historico
1169 1391 1315 1467 radicale
1345 1412 1426 1457 sano
1458 1392 1543 1460 anti·

294 1502 407 1569 dotum
438 1507 554 1569 contra
587 1501 656 1581 ,ius
686 1504 857 1576 neturae“,
889 1520 952 1581 quo
983 1498 1127 1564 maxime
1149 1497 1310 1564 hactenus
1331 1497 1485 1582 politicus
1508 1504 1543 1567 et

294 1608 427 1675 socialis
448 1608 693 1675 rationalismus
717 1608 759 1674 ed
782 1610 864 1673 fines
888 1628 965 1673 euos
989 1604 1209 1673 destructivos
1231 1626 1310 1671 usus
1327 1604 1448 1683 fuerat,
1472 1605 1543 1671 ieli-

294 1714 377 1780 citer
406 1715 536 1781 demum
561 1714 732 1781 inventum
755 1734 829 1779 esse
852 1712 1037 1791 videbatur,
1069 1714 1186 1797 utpote
1209 1711 1294 1793 quod
1317 1710 1365 1776 illi
1389 1712 1542 1796 deinceps

293 1841 422 1887 omnem
445 1821 618 1888 materiam
641 1826 676 1888 et
698 1820 805 1885 locum
828 1820 1050 1886 subtraheret.
1089 1817 1235 1895 Accedit,
1261 1817 1347 1900 quod
1369 1817 1431 1884 hoc
1447 1820 1542 1885 modo

293 1926 373 1993 iuris
405 1949 533 2011 qnoque
564 1926 702 1995 scientia
734 1926 897 1993 communi
928 1925 1103 1991 universae
1139 1924 1351 2003 ,modernae‘
1385 1925 1543 1992 scientiae

293 2033 390 2115 genio
413 2056 486 2101 sese
510 2034 786 2102 accommodabat.
831 2032 911 2099 (lum
935 2031 1022 2098 enim
1051 2035 1208 2108 ,exactae
1231 2031 1405 2098 scientiaa“
1434 2034 1541 2112 titulo,

293 2138 449 2222 quidquid
479 2139 739 2225 metaphysicam
770 2139 930 2224 sapiebat,
961 2139 1028 2205 iem
1058 2137 1181 2223 passim
1211 2138 1355 2222 sceptice
1378 2140 1543 2206 contemni

294 2249 394 2329 atquo
417 2247 452 2312 in
475 2248 545 2313 eius
567 2248 674 2313 locum
696 2249 850 2333 positione
874 2249 1076 2332 empirismns
1097 2244 1219 2329 partim
1241 2244 1403 2311 naturalis
1422 2247 1544 2331 partim

292 2351 469 2419 historicus
497 2354 670 2436 subrogari
700 2352 872 2438 coepisset,
903 2372 1108 2434 consequens
1130 2352 1314 2430 videbatur,
1346 2356 1383 2420 ut
1405 2358 1440 2419 et
1462 2352 1544 2417 iuris

292 2458 432 2525 scientia
454 2458 593 2525 similem
616 2458 838 2525 condicionem
862 2458 1086 2542 participaret.

383 2556 505 2657 Itaque*
536 2576 577 2641 de
608 2574 756 2659 Savigny
786 2572 921 2655 antiquo
957 2572 1037 2650 ,iuri
1059 2578 1236 2649 naturae“,
1267 2575 1354 2655 quod
1382 2596 1448 2640 non
1474 2580 1545 2643 tam

294 2680 464 2747 obiectivis
497 2702 595 2764 quam
627 2680 817 2748 subiectivis
839 2680 1063 2746 fundamentis
1086 2680 1147 2745 niti
1170 2679 1413 2758 existimabam,
1446 2681 1543 2759 ,iuris

293 2786 551 2873 philosophiam“
585 2786 785 2854 substituere
817 2785 996 2864 contendit,
1029 2786 1121 2853 cuius
1150 2790 1239 2852 esset
1269 2790 1346 2853 ante
1378 2788 1487 2855 omnia
1509 2788 1543 2853 in

294 2893 468 2960 historicos
491 2893 571 2959 iuris
589 2893 699 2959 fontes
714 2892 874 2975 indagare
890 2897 991 2975 atque
1005 2892 1080 2957 inde
1097 2892 1291 2977 deprompta
1305 2893 1450 2975 positiva
1463 2895 1543 2961 iuris

293 3002 457 3067 elementa
480 3000 523 3066 ad
545 3000 709 3067 internam
732 3000 890 3066 scientiae
906 3000 1066 3065 unitatem
1083 2999 1243 3082 redigere.
1278 2998 1374 3065 Unde
1390 3000 1542 3085 deinceps

292 3106 419 3174 reiecta
440 3110 590 3173 veterum
614 3105 693 3171 iuris
717 3105 886 3184 divisione,
911 3126 976 3188 qna
999 3104 1033 3169 in
1056 3105 1209 3171 naturale
1223 3109 1259 3171 et
1273 3105 1450 3188 positivum
1466 3128 1542 3190 par·

292 3215 448 3291 tiebatur,
471 3213 505 3278 in
528 3212 615 3279 illius
638 3212 751 3279 schola
774 3212 836 3278 hoo
860 3231 1041 3287 commune,
1065 3214 1103 3275 ut
1125 3210 1277 3287 diximus,
1300 3211 1432 3277 axioma
1447 3212 1542 3278 inva-

292 3320 371 3387 luit:
404 3322 462 3385 Ine
490 3322 620 3406 proprie
651 3321 771 3385 dictum
794 3321 918 3385 nullum
943 3339 1008 3383 esse
1030 3319 1096 3381 nisi
1115 3318 1304 3401 poeitinnnr;
1335 3337 1440 3399 neque
1463 3318 1543 3384 iuris

292 3428 509 3512 cognoscendi
543 3428 663 3512 fontem
698 3426 798 3493 alium
834 3446 907 3491 esse
941 3424 1005 3490 nisi
1039 3425 1244 3508 historicum,
1280 3444 1376 3506 quem
1411 3424 1541 3507 quidem

292 3535 455 3619 duplicem
479 3534 703 3617 distinguunt,
738 3534 923 3599 historicam
946 3532 1205 3597 consuetudinem
1228 3534 1264 3595 et
1285 3534 1388 3631 lepnm
1411 3539 1539 3598 statuto.

292 3682 363 3755 553.
454 3682 544 3761 Quae
568 3683 727 3761 doctrine,
753 3682 816 3749 etsi
840 3679 989 3766 proxime
1012 3680 1083 3745 fere
1107 3700 1145 3745 eo
1168 3683 1298 3746 tantum
1315 3680 1450 3745 consilio
1464 3702 1541 3764 pro·

291 3790 402 3876 posita
431 3790 551 3869 fuerat,
582 3794 620 3857 ut
645 3794 815 3873 tamquam
839 3789 955 3872 regula
977 3786 1126 3871 practica
1148 3787 1423 3871 iurispmdentiae
1446 3809 1542 3872 prae·

290 3899 427 3975 luceret,
459 3918 537 3961 mox
564 3900 675 3962 tamen
696 3895 807 3985 ¹etiem
830 3894 1011 3960 theoretica
1033 3893 1134 3959 latins
1158 3892 1290 3959 exculta
1313 3896 1348 3959 et
1371 3894 1412 3959 ad
1436 3916 1542 3960 novae

386 4141 392 4172 ¹
413 4138 453 4193 cf.
474 4138 583 4209 System
603 4138 650 4191 dee
668 4137 799 4205 heutigen
818 4135 971 4190 rbmischcn
990 4134 1094 4189 Rechts
1112 4135 1133 4199 Ι,
1153 4133 1244 4187 Berlin
1267 4134 1343 4198 1840,
1364 4136 1397 4189 14
1409 4152 1470 4205 sqq.

383 4228 394 4261 ¹
412 4228 454 4281 Ab
474 4226 524 4280 boc
543 4244 654 4280 erroneo
673 4226 741 4280 iuris
759 4224 894 4279 naturalis
913 4227 1054 4294 conceptu,
1073 4240 1127 4293 quo
1146 4240 1191 4277 res
1209 4222 1270 4292 ipsu
1288 4222 1395 4277 nonnisi
1408 4242 1443 4278 ex
1458 4243 1541 4295 pravo

290 4319 352 4371 eins
370 4333 422 4370 usu
441 4318 470 4368 et
488 4314 633 4369 arbitraria
652 4312 804 4383 corruptela
823 4316 1070 4375 commensuretur,
1089 4312 1117 4365 in
1137 4329 1168 4365 eo
1187 4310 1347 4365 debellando
1366 4312 1399 4365 de
1418 4312 1542 4383 Savigny

290 4404 438 4459 manifeste
457 4403 646 4473 proficiscitur.
671 4402 756 4455 Immo
769 4418 920 4471 supponere
933 4400 1043 4453 videtur
1060 4399 1114 4453 iuri
1132 4402 1247 4468 positivo
1261 4400 1334 4467 (dem
1350 4402 1538 4469 ,gegebenen‘

290 4490 392 4558 Recbt)
413 4492 455 4545 ius
473 4493 588 4545 naturae
601 4492 699 4560 opponi
710 4494 852 4558 tamquam
865 4488 968 4557 aliquid
981 4492 1133 4556 nepotinnm
1150 4488 1237 4557 (nicht
1249 4488 1429 4558 gegebsnes);
1444 4492 1478 4544 cf.
1493 4490 1541 4561 Sy·
1601 4510 1605 4517 ·

289 4585 362 4637 stem
380 4582 394 4635 Ι
415 4583 456 4636 14.
484 4580 585 4649 (Aliter
601 4584 718 4645 veteres,
738 4579 784 4648 qui
803 4582 948 4647 utrumque
961 4596 1027 4632 vere
1045 4580 1139 4631 dotum
1157 4595 1218 4639 esse
1236 4578 1331 4631 dicunt
1349 4581 1378 4631 et
1396 4578 1541 4646 exsistens,

289 4670 409 4725 alterum
428 4670 535 4724 scilicet
553 4687 601 4739 per
620 4671 707 4739 ipsam
727 4672 867 4733 naturam,
895 4668 1014 4721 alterum
1032 4671 1143 4738 praeter
1160 4672 1301 4729 naturam,
1320 4668 1338 4721 i.
1357 4685 1381 4720 e.
1400 4668 1539 4737 positive.)

289 4790 325 4797 -
346 4760 417 4813 Hinc
438 4758 521 4825 ,iuris
539 4758 687 4811 naturalis¹
710 4756 858 4811 eliminatio
878 4755 918 4809 illi
937 4756 1094 4811 necessaria
1113 4759 1242 4825 apparet,
1267 4758 1299 4809 nt
1317 4772 1397 4809 omne
1414 4756 1541 4811 subiecti·

289 4866 356 4903 vum
376 4847 518 4902 arbitrium
538 4864 554 4900 a
572 4847 631 4900 iure
650 4846 819 4900 excludatur.
846 4844 887 4899 cf.
905 4844 1016 4915 System
1036 4846 1096 4898 123
1114 4844 1150 4898 52
1168 4844 1223 4898 290
1241 4844 1294 4897 335
1308 4861 1374 4913 sqq;
1393 4844 1453 4910 vn,
1473 4846 1541 4899 Vor-

289 4938 363 5003 rede,
383 4936 428 4990 ubi
448 4952 546 4990 cavere
566 4934 642 4989 iubet
663 4934 727 5001 ,Die
746 4933 847 4987 hohlen
866 4934 1081 4989 Abstraktionen
1101 4934 1176 4987 eines
1195 4932 1423 4987 vermsintlicben
1441 4934 1540 4988 Natur-

290 5026 407 5081 reohts.‘
448 5024 552 5080 Similia
570 5024 597 5077 in
617 5040 711 5093 opere:
734 5022 819 5076 Beros
834 5040 948 5077 unserer
965 5023 1023 5077 Zeit
1041 5040 1090 5077 zur
1108 5021 1327 5090 Genetzgebung.
