3909 5842
419 708 484 771 448
638 702 727 757 Sectio
746 702 780 757 ll.
816 703 897 757 Liber
916 704 950 758 ll.
988 704 1078 775 Caput
1096 704 1130 758 IL
1167 704 1307 759 Articulus
1326 704 1352 759 3.
1389 704 1451 772 52.

418 901 482 963 quo
506 881 648 947 Kantius
672 882 876 947 indic-ideam
899 880 1040 949 hominis
1063 880 1344 965 personalitatem,
1376 879 1440 945 etsi
1463 885 1628 956 creatam,
1657 903 1678 947 9

418 987 529 1054 divine
551 988 626 1070 lege
649 987 926 1071 mancipaverat,
951 1008 1016 1054 non
1039 987 1146 1052 solum
1169 986 1274 1069 logice
1297 987 1497 1071 completum
1522 987 1567 1052 ad
1583 988 1677 1070 prin·

418 1092 536 1178 cipium
561 1093 769 1159 autonomiae
793 1096 887 1159 totius
909 1095 1131 1171 humanitatis,
1155 1092 1176 1160 i.
1201 1114 1229 1159 e.
1253 1092 1404 1177 publicae
1425 1092 1595 1159 humanae
1616 1115 1677 1178 po-

417 1198 562 1277 testatis,
586 1220 700 1265 verum
725 1203 759 1265 et
782 1198 900 1287 altiore
923 1200 1147 1277 fundamento,
1178 1198 1306 1265 seilicet
1327 1201 1418 1265 titulo
1437 1204 1600 1286 propriae
1623 1202 1676 1264 cli·

417 1307 570 1389 vinitatis,
595 1308 740 1371 erectum
764 1290 922 1371 videmus.

508 1419 590 1497 Quid
613 1441 692 1486 vero
716 1420 874 1486 eiusmodi
899 1421 1088 1506 apotheosis
1110 1420 1232 1506 publici
1254 1425 1365 1488 status
1386 1420 1420 1485 in
1443 1420 1594 1487 humana
1620 1441 1675 1487 so·

419 1524 540 1592 eistete
564 1530 633 1592 turn
657 1526 745 1593 civili
769 1531 838 1593 turn
863 1528 1019 1611 religiosa
1041 1527 1208 1612 importet,
1233 1547 1382 1610 quaeque
1402 1526 1583 1593 corollaria
1597 1527 1674 1591 inde

417 1629 600 1698 theoretice
616 1638 651 1701 et
673 1634 822 1717 practica
844 1654 903 1717 pro
927 1638 998 1701 inre
1021 1637 1182 1721 imprimis
1199 1636 1326 1721 publico
1349 1632 1421 1699 sive
1441 1632 1578 1698 interno
1603 1633 1673 1699 sive

418 1740 557 1803 externo
587 1760 645 1805 seu
675 1739 922 1806 internetionali
946 1739 1062 1805 deduci
1092 1746 1224 1822 queant,
1257 1740 1332 1805 luce
1363 1738 1484 1805 clarius
1517 1744 1671 1823 apparet.

417 1840 495 1919 Quis
526 1844 610 1909 enim
642 1866 707 1911 non
734 1844 847 1913 videat
877 1844 1130 1929 pentheisticam
1154 1846 1253 1911 istam
1275 1843 1355 1909 iuris
1378 1844 1670 1928 appretiationem,

417 1952 454 2014 ut
484 1948 549 2014 iarn
581 1950 621 2015 de
652 1950 854 2034 Spinozismo
887 1952 1098 2018 observatum
1129 1955 1191 2029 est,
1225 1951 1333 2033 quoad
1362 1970 1432 2015 rem
1462 1955 1499 2017 et
1521 1951 1671 2035 practice

417 2074 490 2119 cum
513 2056 763 2125 materialistiea
785 2058 865 2123 iuris
888 2057 1095 2142 philosophia
1116 2056 1264 2142 perfecte
1292 2062 1497 2139 congruere?
1546 2058 1671 2124 Secun-

417 2159 492 2225 dum
526 2166 700 2246 utramque
732 2186 822 2230 omne
851 2164 973 2247 factem
1004 2165 1180 2229 humanum
1209 2164 1332 2248 publice
1361 2170 1391 2228 et
1415 2164 1568 2230 historice
1592 2186 1670 2229 cone·

1777 1717 1779 1796 l

1777 1885 1778 1970 l

415 2269 532 2351 pletum
557 2292 589 2335 ec
613 2274 680 2355 ipso
704 2274 766 2335 cim
789 2273 874 2336 iuris
897 2270 1012 2337 habere
1037 2280 1064 2335 et
1082 2293 1144 2356 per
1158 2272 1357 2354 senetipsum
1373 2271 1571 2353 iustificat-5¹
1596 2292 1670 2336 cen·
1777 2261 1778 2280 ¹

416 2373 551 2439 sendum
576 2381 644 2453 est;
673 2396 775 2458 quare
798 2396 859 2459 par
883 2376 1046 2458 utrimque
1069 2374 1246 2459 potestatis
1268 2374 1406 2440 iuridioa
1428 2376 1669 2460 omnipotentie

418 2477 565 2561 erigitur,
597 2500 681 2563 quae
704 2481 737 2546 in
761 2481 969 2564 legislatione
993 2481 1080 2547 civili
1104 2483 1235 2567 lepnlem
1259 2482 1492 2566 despoticmum,
1523 2482 1558 2547 in
1583 2482 1668 2547 rele-
1777 2547 1778 2560 ,

416 2584 558 2651 tionibus
581 2586 890 2654 internetionalibus
912 2592 964 2654 ius
985 2589 1133 2672 fortioris
1155 2596 1184 2654 ei
1204 2590 1367 2672 fonteneti
1387 2610 1551 2654 successus
1566 2588 1667 2671 signi·

416 2692 528 2758 ficat2.
576 2692 721 2759 Formali
751 2698 861 2759 sutem
891 2714 951 2760 sua
979 2694 1107 2759 ratione
1128 2693 1323 2777 principium
1346 2694 1607 2778 pantheisticum
1631 2715 1666 2759 eo

419 2852 728 2861 ----.--—--—-

473 2974 478 2983 .
509 2936 942 3006 11118111911.111995991611
965 2937 1666 3003 Ἡ111911111191911911199199911919111...9191111119

418 3022 536 3078 humens
555 3024 629 3079 19919
647 3025 715 3079 iuris
733 3026 789 3079 vim
808 3025 933 3079 habent.“
964 3025 1129 3092 ,Fortunata
1141 3026 1208 3081 facti
1220 3026 1356 3081 iniustitia
1367 3028 1474 3081 nullum
1485 3028 1558 3082 iuris
1570 3030 1666 3082 emeti-

416 3110 468 3166 1911
496 3112 688 3168 detrimentum
716 3113 818 3169 effert.l
863 3114 964 3167 Eadem
993 3114 1116 3168 doctrina
1143 3114 1325 3185 pantheistice
1352 3116 1446 3169 velata
1472 3116 1502 3169 in
1531 3116 1665 3170 axiomata

417 3200 526 3271 Hegelii
544 3204 711 3257 continetur:
732 3205 812 3274 „Wos
830 3206 985 3272 ecrnttnfte'p
1001 3206 1045 3273 tn,
1064 3206 1114 3257 das
1132 3208 1168 3257 iet
1185 3206 1327 3272 wr'rkle'ch;
1343 3207 1402 3258 und
1421 3222 1477 3258 eone
1489 3206 1617 3259 9911111111
1626 3208 1664 3269 ist,

418 3292 467 3343 das
485 3296 519 3344 ist
537 3291 717 3361 cerntnftiq.“
756 3291 932 3347 Grundlinien
952 3292 1001 3345 der
1020 3291 1194 3361 Philosophia
1212 3292 1260 3346 des
1278 3292 1390 3358 Rechts,
1407 3292 1542 3347 Vorrede.

507 3380 518 3412 ²
538 3380 568 3434 ln
581 3380 672 3435 Gallie
686 3384 713 3435 V.
730 3384 829 3435 Ccusin
844 3380 1056 3449 (rusa—1867),
1076 3382 1104 3434 in
1122 3380 1292 3451 philosophia
1304 3379 1520 3451 pentheisticum
1532 3384 1661 3452 quendam

417 3466 628 3523 colesticisnrurn
648 3470 796 3539 professus,
816 3471 887 3523 inter
906 3469 960 3523 elia
978 3469 1061 3523 etiarn
1079 3469 1132 3523 hoo
1149 3470 1290 3539 politicum
1308 3469 1483 3538 evangelium
1503 3472 1540 3524 ab
1553 3472 1661 3538 Hegelio
1777 3487 1778 3490 ¹

416 3556 512 3611 didicit
536 3559 648 3627 suisque
672 3557 848 3628 popularibus
873 3561 1015 3627 nmquam
1040 3558 1180 3626 regulam,
1208 3559 1284 3612 faeta
1308 3557 1440 3612 historica
1465 3561 1494 3613 91
1519 3561 1550 3613 111
1576 3561 1660 3631 speeie

418 3644 508 3699 varios
526 3645 590 3699 belli
610 3650 725 3699 eventus
743 3644 929 3715 philosophice
948 3644 1120 3709 diiudicandi,
1140 3646 1294 3716 proposuit:
1316 3644 1369 3712 ‚Sl
1388 3663 1493 3700 comme
1509 3646 1539 3717 je
1559 3646 1660 3701 191119ἰ

416 3738 535 3801 mentre,
561 3734 692 3789 l’histoire
718 3752 787 3789 eveo
811 3752 856 3789 ses
876 3734 977 3803 grands
996 3737 1171 3789 &venements
1196 3734 1267 3789 n'est
1289 3750 1339 3805 pas
1365 3738 1443 3789 autre
1466 3734 1551 3789 chose
1569 3754 1622 3805 que
1638 3736 1659 3788 le

414 3822 557 3892 jugement
574 3822 607 3877 de
626 3822 695 3877 Dieu
715 3841 763 3877 sur
781 3822 954 3889 l'humanite,
981 3841 1015 3876 on
1033 3826 1100 3893 peut
1118 3824 1175 3877 dire
1193 3840 1247 3891 que
1265 3822 1292 3877 19
1310 3840 1410 3890 guerre
1428 3824 1501 3877 n'est
1519 3841 1571 3893 pas
1589 3829 1658 3877 99119

418 3913 499 3968 chose
518 3914 614 3983 quale
633 3917 767 3984 prononee
786 3914 819 3967 de
839 3930 869 3967 oe
885 3913 1029 3983 jugement
1046 3916 1075 3967 et
1093 3929 1145 3981 que
1163 3912 1204 3967 les
1223 3912 1349 3967 boteilles
1368 3930 1402 3967 en
1420 3916 1485 3967 sont
1502 3913 1531 3967 19
1550 3913 1658 3984 promul·

416 4004 509 4071 gntion
529 4002 679 4067 6919191119;
704 4002 745 4057 les
764 4002 880 4057 defaites
899 4005 928 4055 et
945 4002 987 4057 les
1005 4001 1135 4055 victoires
1153 4005 1216 4055 sont
1234 4002 1275 4079 les
1293 4005 1382 4055 arrtts
1400 4002 1434 4055 de
1452 4002 1481 4055 la
1499 4002 1657 4057 civilisation

417 4098 445 4147 et
463 4094 496 4146 de
509 4092 578 4147 Dieu
596 4098 684 4145 meme
702 4108 749 4145 sur
768 4108 805 4144 un
824 4089 931 4161 penple.
945 4131 952 4143 .
967 4132 994 4145 ..
1020 4090 1073 4144 J’ei
1092 4090 1191 4145 abacus
1209 4089 1237 4144 19
1257 4090 1370 4144 victoira
1388 4108 1493 4145 comme
1512 4092 1657 4146 nc'cesmire

416 4185 444 4235 et
456 4180 537 4244 utile;
555 4180 754 4252 J'entreprends
766 4180 938 4233 maintenant
950 4178 983 4233 de
996 4178 1150 4233 l’absondre
1163 4195 1267 4233 comme
1273 4182 1347 4247 jssete
1360 4220 1366 4232 .
1381 4220 1387 4232 .
1402 4221 1408 4232 .
1422 4179 1456 4232 de
1468 4178 1624 4234 demontrat
1633 4181 1657 4230 lo

416 4272 540 4325 moralitt
557 4273 594 4323 du
612 4270 708 4323 succes.
722 4310 728 4322 .
743 4310 770 4322 ..
809 4267 941 4337 Puisqu’il
967 4268 1028 4322 faut
1052 4268 1115 4322 bien
1133 4267 1200 4337 qn’il
1217 4286 1236 4337 y
1255 4268 1295 4322 ait
1319 4267 1443 4339 tonjours
1461 4286 1499 4322 un
1518 4272 1657 4324 vaincnet

417 4377 469 4429 qne
488 4360 513 4413 le
526 4359 624 4412 vaincu
642 4358 697 4411 soit
713 4356 836 4427 tnujours
849 4356 919 4410 celui
937 4357 982 4424 qui
997 4356 1053 4409 doit
1065 4356 1149 4421 l'etre,
1168 4372 1281 4409 accuser
1299 4356 1324 4409 le
1337 4357 1491 4425 vainqneur
1509 4361 1540 4412 et
1551 4358 1658 4427 prendre

417 4449 487 4520 perti
507 4450 599 4515 contre
618 4446 645 4499 19
664 4446 792 4509 victoira,
819 4444 887 4499 c'est
912 4446 1028 4514 prendre
1053 4445 1125 4515 parti
1149 4448 1242 4499 contre
1260 4443 1420 4499 l'humanite
1445 4448 1524 4499 etse
1542 4446 1658 4517 plaindre

416 4539 451 4591 dn
470 4538 583 4607 prognes
603 4534 635 4589 de
654 4534 681 4587 19
699 4532 872 4587 civilisation.
910 4533 933 4586 ll
951 4533 1012 4586 faut
1030 4532 1099 4586 aller
1125 4532 1187 4602 plus
1211 4532 1281 4598 loin,
1307 4532 1406 4586 ilfant
1423 4550 1544 4603 pronver
1568 4553 1620 4604 qne
1636 4533 1658 4587 lc

416 4628 567 4694 vsinqueur
592 4640 645 4677 non
671 4622 822 4677 seulement
847 4625 905 4675 sert
930 4620 957 4674 19
982 4621 1163 4686 civilisation,
1188 4622 1259 4675 mais
1284 4620 1350 4690 qu'il
1375 4624 1419 4675 est
1437 4620 1578 4684 meilleur,
1602 4621 1658 4692 plns

416 4712 510 4777 morel,
531 4714 558 4765 91
577 4728 629 4781 qne
648 4710 716 4765 c'est
735 4728 802 4780 pour
821 4708 880 4763 cele
899 4709 966 4779 qn'il
985 4713 1029 4764 est
1047 4710 1208 4779 vainqueur.
1245 4709 1293 4764 S’il
1310 4709 1373 4763 n’en
1391 4711 1462 4763 61911
1479 4727 1531 4779 pas
1548 4709 1658 4772 ainstil

416 4800 536 4871 youreit
549 4799 744 4854 contradiction
758 4802 833 4853 entre
853 4797 880 4852 ln
898 4797 1024 4853 moralite
1042 4798 1116 4852 atla
1134 4798 1307 4862 civilisation,
1327 4816 1358 4852 ce
1378 4797 1425 4865 qui
1442 4801 1487 4851 est
1498 4797 1657 4868 impossible.

416 4888 487 4942 l’une
507 4891 534 4941 et
552 4887 649 4941 l'sutre
668 4888 772 4941 n’etant
791 4904 844 4956 que
863 4888 935 4941 deux
953 4889 1037 4949 netes,
1057 4885 1129 4940 deux
1147 4885 1280 4938 elementa
1299 4884 1427 4938 distincta
1445 4884 1516 4938 mais
1528 4883 1658 4938 harmoni·

417 4994 485 5047 ques
504 4976 536 5029 de
555 4975 583 5028 19
601 4981 687 5029 meme
707 4975 788 5028 idee.“
825 4976 1011 5029 lutroduction
1029 4978 1046 5027 t
1064 4973 1196 5028 l'hietoirs
1215 4973 1248 5027 de
1266 4971 1293 5026 19
1311 4972 1489 5042 philosophie,
1511 4972 1599 5041 Lepon
1617 4970 1657 5026 [Χ.

416 5084 442 5136 p.
463 5066 497 5119 36
516 5068 544 5117 et
563 5064 605 5126 37,
624 5063 702 5117 Paris
723 5063 799 5117 1828.
