3909 5842
407 673 472 738 476
616 666 705 721 Sectio
724 666 758 721 ΙΙ.
795 666 875 720 Liber
893 667 926 720 ll.
965 668 1052 738 Onput
1072 668 1120 721 lll.
1157 666 1298 721 Articulus
1318 667 1342 721 l.
1379 666 1440 734 5¹2.

407 846 651 931 agnoscendum
684 843 906 927 uuusquisque
941 849 1035 911 recta
1068 844 1197 911 ratione
1231 850 1266 910 et
1299 844 1430 909 interna
1464 863 1548 909 voce
1583 864 1661 909 con·

407 952 564 1018 scientiae
597 950 752 1033 adigitur,
786 948 863 1016 licet
895 950 1042 1016 nonnulli
1075 949 1294 1035 reperiantur,
1326 948 1381 1032 qui
1411 952 1552 1016 externe
1582 948 1660 1015 illud

408 1062 621 1124 contemnent
636 1061 695 1123 aut
711 1056 926 1123 dissimulent.
959 1057 1012 1122 Ex
1035 1056 1097 1122 bac
1120 1056 1193 1141 ipsa
1216 1055 1302 1122 enim
1325 1056 1480 1123 tacitast
1495 1054 1660 1121 communi

408 1162 576 1247 agnitione
606 1162 685 1228 iuris
717 1162 877 1228 naturalis
900 1166 1070 1245 tamquam
1094 1183 1154 1247 per
1176 1183 1213 1228 se
1236 1162 1337 1229 velidi
1361 1163 1454 1245 origo
1477 1162 1561 1228 iuris
1583 1183 1660 1227 con·

408 1268 633 1348 suetudinarii,
658 1273 695 1335 ut
713 1288 814 1353 supra
830 1268 982 1347 diximus,
1006 1269 1213 1353 potissimum
1237 1269 1434 1353 explicanda
1448 1274 1511 1337 est.
1544 1269 1661 1350 Itaque

409 1376 470 1441 hoo
493 1379 623 1442 tantum
645 1377 799 1440 latissimo
822 1396 930 1454 sensu,
955 1376 1011 1458 qui
1034 1376 1135 1441 etiam
1159 1376 1200 1441 de
1222 1376 1293 1441 iure
1316 1381 1455 1442 naturae
1471 1376 1576 1446 valet.
1600 1373 1660 1439 ali-

410 1488 572 1567 quatenus
596 1480 726 1548 admitti
749 1486 872 1565 potest,
897 1482 983 1565 quod
1006 1504 1127 1566 magno
1151 1487 1290 1549 accentu
1313 1483 1409 1548 effert
1432 1484 1469 1548 F.
1494 1482 1529 1548 J.
1554 1482 1662 1548 Stultl:

416 1589 639 1668 ,Eminentem
663 1586 796 1670 (omnis)
819 1587 899 1653 iuris
922 1588 1147 1655 characterem
1170 1589 1258 1654 hunc
1281 1609 1364 1667 esse,
1396 1594 1434 1655 ut
1461 1588 1589 1654 babeat
1611 1610 1660 1653 ac

410 1699 586 1762 dualitatem
609 1696 726 1781 iupiter
747 1696 864 1761 realem
888 1692 1001 1775 (stete
1024 1692 1391 1777 Verwirklichung‘).“¹

411 1836 480 1908 566.
572 1838 601 1904 5.
626 1834 889 1919 Philosopbicam
920 1836 1152 1903 necessitatem
1178 1835 1259 1901 iuris
1282 1836 1444 1901 naturalis
1467 1834 1582 1916 (Prob.
1606 1832 1661 1910 Π.)

411 1943 598 2009 nullatenus
629 1942 790 2024 effugiunt
820 1942 1011 2021 adversarii,
1045 1943 1104 2009 sed
1134 1942 1244 2027 potius
1274 1944 1479 2019 confirmant,
1511 1940 1590 2007 dum
1620 1940 1660 2007 ad

412 2058 565 2115 remotam
589 2048 753 2131 quandam
777 2050 921 2116 divinam
938 2050 1097 2133 originem
1113 2048 1193 2115 iuris
1210 2049 1310 2116 etiam
1327 2048 1458 2113 humani
1474 2050 1660 2114 recurrunt.

411 2156 512 2221 talem
544 2154 681 2235 scilicet,
713 2176 777 2237 qua
807 2156 954 2237 generali
982 2156 1043 2220 Dei
1073 2154 1285 2240 dispositione
1315 2154 1477 2220 humanae
1509 2152 1661 2218 maletuti

412 2262 514 2329 seurel
539 2282 598 2346 pro
622 2280 754 2345 semper
776 2261 983 2327 commissum
1007 2282 1079 2326 esse
1103 2261 1242 2339 dicatur,
1274 2264 1310 2327 ut
1334 2282 1373 2325 ec
1394 2281 1427 2325 ae
1450 2268 1479 2325 at
1502 2280 1566 2324 aaa
1589 2278 1661 2321 auc·

411 2370 537 2433 toritcte
569 2367 756 2433 universum
789 2367 869 2433 iuris
899 2367 1045 2433 ordinem
1076 2366 1185 2451 erigat
1215 2372 1249 2434 et
1278 2366 1479 2432 sustentst²‚
1504 2362 1661 2429 —Talis

413 2473 532 2558 quippe
562 2494 713 2539 recursus
743 2474 785 2539 ad
816 2472 960 2539 divinam
985 2474 1217 2540 auctoritatem
1241 2472 1287 2538 nil
1310 2471 1455 2557 impedit,
1487 2470 1661 2555 quominus

412 2578 475 2643 iuri
505 2578 645 2645 humano
676 2578 862 2645 omnimoda
891 2579 1028 2646 iuridica
1057 2580 1311 2665 independentia
1334 2584 1368 2645 et
1389 2578 1508 2663 plenus
1531 2576 1662 2642 absolu·

413 2684 530 2750 tismus
560 2706 624 2749 non
655 2685 761 2750 solum
791 2706 872 2769 erga
895 2686 1052 2763 homines,
1083 2686 1151 2765 sed,
1183 2686 1269 2769 quod
1292 2686 1464 2753 absurdius
1487 2688 1553 2761 est,
1585 2704 1663 2765 erga

414 2789 520 2873 ipsum
545 2790 647 2855 Deum
673 2790 847 2857 tribuatur.
880 2790 976 2857 Cuius
1000 2792 1088 2858 aliud
1111 2792 1259 2876 profecto
1276 2791 1455 2858 remedium
1471 2810 1539 2856 non
1556 2789 1662 2865 datur,

414 2894 477 2961 nisi
510 2898 560 2962 ius
591 2906 728 2963 naturae
751 2903 829 2966 ante
852 2904 886 2966 et
909 2920 1010 2983 supra
1033 2900 1083 2965 ius
1107 2900 1284 2967 humanum
1307 2900 1464 2967 divinitus
1488 2896 1663 2966 sancitum.

415 3006 584 3069 aeternam
608 3024 755 3069 normam
779 3010 813 3071 et
836 3005 1018 3072 immobiles
1040 3006 1163 3073 limites
1184 3010 1379 3093 praefigens,
1404 3028 1486 3090 quos
1502 3004 1587 3071 illud
1604 3024 1664 3069 non

414 3112 542 3175 tantum
574 3110 717 3175 revereri
749 3116 912 3191 teneatur,
944 3113 1002 3177 sed
1030 3134 1112 3195 quos
1142 3114 1242 3181 etiam
1272 3112 1460 3195 transgredi
1483 3134 1558 3179 cam
1583 3114 1665 3175 iaris

416 3215 525 3298 effectu
548 3236 613 3281 non
635 3216 741 3300 possit
752 3218 774 3283 ³.

418 3348 533 3355 ..α-ιι*
548 3348 709 3355 --——-——-..

509 3406 516 3438 ¹
536 3404 649 3461 aecon-
669 3406 724 3461 und
744 3406 921 3473 Staatslabre,
941 3408 962 3471 1,
982 3408 1007 3461 2.
1027 3406 1111 3472 Bucb,
1131 3408 1148 3474 θ
1166 3408 1192 3461 2.

506 3494 516 3527 ²
535 3494 576 3549 cl.
596 3495 674 3548 state
693 3494 710 3549 l.
730 3514 753 3549 e.
774 3494 790 3563 5
812 3498 840 3551 l:
868 3495 921 3563 ,Es
942 3496 1003 3565 (das
1021 3494 1121 3565 Recbt)
1142 3496 1179 3550 ist
1197 3497 1258 3549 eina
1275 3496 1449 3549 menacble'clee
1467 3494 1606 3563 Ordnung
1618 3536 1625 3547 .
1638 3534 1665 3547 ..

415 3582 567 3649 gegrtlndst
586 3585 640 3649 auf
658 3586 747 3637 Gottea
765 3585 1003 3655 Ermdchlipunp.‘
1025 3614 1059 3623 -
1078 3584 1208 3639 Similiter
1227 3586 1331 3638 Puclrtu
1344 3584 1586 3652 (Vorlesungenfi
1609 3583 1664 3648 llll:

420 3668 494 3735 ,Wir
513 3670 611 3725 stellen
630 3671 706 3725 nicht
725 3673 752 3726 in
772 3672 867 3741 Frage,
887 3672 950 3727 dass
970 3672 1020 3726 das
1038 3672 1127 3727 Recbt
1146 3690 1199 3727 von
1218 3672 1286 3727 Gott
1304 3674 1348 3737 ist,
1367 3673 1427 3726 diss
1444 3678 1519 3725 ware
1538 3672 1601 3725 eine
1620 3670 1663 3723 Er·

415 3758 578 3827 niedrigung
596 3760 644 3813 des
663 3758 773 3815 Rechts.
811 3762 861 3815 Die
880 3762 968 3829 Frage
987 3762 1025 3816 ist
1042 3778 1108 3827 nur,
1134 3762 1185 3816 nie
1205 3760 1272 3815 Gott
1289 3762 1338 3815 das
1355 3760 1445 3815 Reabt
1461 3760 1664 3829 bervorbringt.

417 3844 478 3900 Wir
496 3845 666 3917 behaupteu:
686 3851 818 3917 donaret,
837 3852 901 3903 does
918 3868 948 3903 er
966 3852 1009 3903 dic
1027 3851 1110 3904 Reclat
1128 3853 1289 3919 erzneqmde
1300 3852 1388 3917 Krnst
1405 3854 1437 3903 s'n
1454 3852 1499 3903 die
1510 3850 1665 3903 Natus-der

416 3936 512 3988 leleer·
535 3938 617 4006 pelept
641 3939 712 3990 bol.⁸
742 3968 774 3976 —-
801 3938 843 3992 lta
861 3956 941 4002 sane;
968 3939 1017 3993 sed
1042 3938 1158 3993 ulterius
1177 3942 1332 4008 quaeritur,
1358 3940 1385 3993 in
1411 3956 1465 4010 quo
1490 3939 1663 4009 potissimum
1770 3995 1771 4002 ,

416 4024 550 4079 consistat
575 4024 629 4080 ista
649 4028 748 4095 ,Recto
773 4028 932 4095 nzeupende
951 4025 1078 4094 Krnfffl?
1102 4030 1129 4082 et
1154 4045 1204 4082 nos
1229 4028 1438 4098 respondemus:
1464 4031 1508 4081 est
1525 4026 1664 4097 ipsissima
1770 4023 1771 4046 ¹

416 4112 461 4166 lex
480 4113 615 4167 naturalis
633 4132 682 4185 per
700 4115 808 4169 modum
827 4120 943 4169 naturae
962 4115 1104 4169 rationalis
1123 4116 1256 4170 divinitus
1274 4116 1332 4171 lata
1350 4120 1378 4169 st
1390 4116 1498 4171 cunctis
1510 4114 1664 4169 bominibus

417 4201 602 4270 promulgate,
628 4220 675 4257 ssu
698 4203 885 4274 ,participatio
911 4203 982 4271 legis
1000 4208 1128 4258 aeternae
1152 4205 1181 4257 in
1199 4208 1325 4259 creatura
1343 4204 1485 4259 rationali*
1508 4205 1551 4271 (S.
1573 4206 1662 4261 lanu.

419 4290 448 4353 l,
468 4290 498 4353 2,
518 4308 544 4360 q.
564 4292 613 4357 91,
639 4308 665 4346 a.
684 4292 729 4358 2),
753 4293 830 4346 cuius
850 4292 998 4346 dictamina
1016 4296 1080 4346 ante
1099 4309 1178 4346 omne
1195 4293 1239 4347 ius
1257 4293 1420 4364 positivum,
1445 4294 1506 4347 sive
1524 4293 1588 4361 lege
1606 4292 1663 4346 sire
1769 4315 1770 4322 ,

417 4380 611 4434 consuetudins
630 4398 803 4451 expressum,
823 4398 919 4435 verum
938 4385 967 4435 et
985 4381 1143 4435 inviolabile
1161 4382 1205 4436 ius
1222 4387 1338 4436 naturas
1356 4381 1488 4436 divinitus
1507 4381 1663 4451 impositum

418 4470 596 4523 constituunt.

508 4558 518 4590 ³
537 4558 671 4625 Effugium
691 4558 816 4627 suggerit
836 4560 863 4611 S.
878 4562 912 4613 A.
926 4560 1001 4627 chle
1015 4558 1306 4629 (Rechtspbilosophie,
1326 4558 1382 4613 Der
1399 4560 1483 4613 lstrte
1502 4558 1599 4613 Grund
1618 4559 1664 4613 des
1768 4611 1769 4644 ,

418 4646 520 4701 Rechts
532 4648 586 4701 und
599 4647 674 4701 seius
687 4646 863 4716 praktisohsn
874 4646 1095 4717 Konsequenzan,
1109 4648 1221 4718 Leipzig
1231 4647 1322 4714 1882),
1334 4649 1381 4716 qui
1394 4648 1423 4701 in
1433 4648 1554 4716 quadem
1566 4649 1665 4701 medin·
1768 4651 1769 4672 ¹

417 4738 487 4789 tione
505 4738 576 4789 inter
595 4740 637 4789 ius
656 4744 772 4789 naturas
791 4744 814 4789 el
833 4740 877 4790 ius
895 4737 1053 4789 historicum
1070 4736 1189 4790 salutem
1208 4737 1325 4805 quaerit,
1351 4736 1451 4791 docens
1469 4740 1600 4790 neutrum
1618 4754 1664 4807 per

417 4841 447 4877 se
466 4824 629 4894 completum
654 4826 697 4879 ius
722 4824 865 4889 exhibere,
890 4826 938 4879 sed
958 4828 1104 4894 utrumque
1129 4826 1220 4896 potius
1239 4826 1445 4881 constitutivam
1470 4829 1545 4880 iuris
1559 4834 1664 4895 partes

417 4910 559 4966 dicendum
579 4930 652 4977 esse;
673 4932 721 4984 per
738 4914 806 4969 illud
825 4915 877 4968 iuri
896 4914 1078 4968 necessariam
1097 4916 1228 4981 formam,
1246 4932 1300 4984 qne
1318 4914 1440 4970 iustitiae
1456 4918 1600 4983 congruet,
1618 4932 1665 4985 per
1767 4971 1768 4988 ,

417 5000 467 5054 boc
486 5006 575 5055 autern
602 5004 749 5055 renlltnlem
774 5004 905 5067 conferri,
932 5019 986 5072 qua
1005 5003 1063 5057 eius
1084 5007 1198 5057 externa
1217 5003 1385 5075 possibilitas
1409 5008 1551 5074 appareat.
1592 5002 1663 5069 ,Des
1767 4991 1768 5012 ¹
