3909 5842
601 634 642 689 Do
661 635 783 690 eiusdem
801 634 978 705 expansionis
996 634 1101 690 obiecto
1120 633 1236 689 formali.
1496 637 1539 701 23

265 816 394 889 actus,
417 812 529 894 quiin
552 811 682 877 homine
705 812 759 877 vel
783 832 842 894 par
865 810 1028 878 hominem
1051 812 1145 889 fiunt,
1170 810 1248 893 quin
1271 810 1458 894 dirigantur
1480 831 1540 897 per

265 917 424 983 liberam
447 917 630 984 voluntatis
653 917 864 995 electionem,
894 918 1003 984 solent
1031 917 1143 983 vocari
1173 922 1267 985 actus
1296 916 1450 996 hominis,
1481 917 1537 983 sed

269 1045 345 1089 non
374 1024 568 1090 humani.‘¹¹

375 1139 435 1205 III.
465 1140 571 1205 Actus
600 1159 716 1205 omnes.
743 1138 876 1203 humani
906 1143 965 1205 aut
992 1139 1180 1205 immediate
1204 1160 1224 1205 a
1247 1141 1420 1205 voluntate
1443 1158 1539 1203 exer·

268 1248 405 1309 centur
434 1248 493 1310 aut
522 1245 740 1311 mediantibus
763 1244 979 1311 facultatibus
1002 1244 1048 1310 illi
1073 1244 1294 1311 subordinatis
1317 1244 1360 1309 ab
1382 1244 1440 1309 illa
1463 1264 1540 1328 pro·

269 1350 418 1417 cedunt.
465 1352 542 1418 Ideo
566 1351 748 1419 voluntatis
777 1356 871 1417 actus
895 1350 950 1417 alii
974 1355 1138 1417 vocantur
1161 1354 1271 1435 eliciti,
1300 1350 1356 1417 alii
1379 1354 1538 1436 imperati.

365 1544 443 1627 52.
490 1546 547 1611 De
566 1526 755 1611 eiusdem
779 1544 1057 1629 expansionis
1080 1543 1250 1611 obiecto
1275 1544 1454 1610 formali.

271 1682 327 1753 39.
429 1685 706 1763 Quemadmodum
723 1691 834 1752 motus
851 1686 1000 1752 actuales
1011 1706 1070 1750 suo
1083 1684 1223 1750 termino
1236 1684 1438 1768 potissimum
1452 1684 1539 1749 inter

271 1812 313 1856 sa
336 1790 600 1873 distinguuntur,
624 1792 673 1858 ita
691 1796 726 1858 et
740 1790 931 1877 potentialis
954 1792 1065 1873 aliqua
1082 1791 1123 1857 ad
1148 1794 1271 1858 motum
1289 1783 1457 1859 inclinatio
1481 1790 1538 1856 de·
1601 1778 1605 1787 ’

270 1897 384 1963 scribi
415 1898 529 1980 nequit
557 1897 621 1963 nisi
651 1898 784 1981 cognita
807 1898 878 1963 eius
906 1896 1080 1982 potentiali
1104 1898 1292 1965 directione.
1339 1896 1435 1961 Hanc
1458 1916 1536 1961 vero

272 2004 501 2069 directionem
534 2004 690 2089 cuiusque
722 2005 890 2089 potentiae
922 2005 1087 2089 propriam
1120 2004 1189 2070 eius
1221 2006 1371 2071 obiectam
1401 2002 1539 2087 formate

272 2110 430 2176 exhibet.
477 2110 563 2175 Hinc
587 2110 791 2177 notissimum
814 2110 1048 2196 psychoiogiae
1070 2110 1281 2195 principium:
1313 2112 1457 2177 Potentia
1475 2131 1538 2195 per

274 2238 376 2281 annm
409 2218 561 2283 cinctum
591 2218 729 2299 fmmate
758 2218 969 2303 specificatur,
1001 2216 1021 2283 i.
1051 2238 1078 2283 e.
1111 2216 1288 2283 secundum
1321 2216 1463 2302 speciem
1496 2215 1537 2281 ab

275 2322 371 2387 omni
407 2322 474 2388 alia
503 2322 725 2405 distinguitur.
778 2324 894 2405 Itaque
923 2344 983 2407 per
1013 2323 1176 2388 obiectum
1209 2322 1347 2389 formale
1378 2322 1538 2389 terminus

275 2431 402 2495 idealia
433 2432 536 2513 ipsine
562 2434 720 2515 potentiae
750 2450 815 2512 qua
843 2430 932 2508 talis,
963 2450 1029 2495 non
1057 2414 1216 2496 terminus
1239 2428 1338 2494 realis
1361 2431 1494 2494 actuum
1517 2447 1538 2493 a

278 2536 438 2618 potentia
466 2535 714 2618 productorum,
744 2556 851 2619 neque
881 2535 1013 2617 aliquod
1044 2536 1114 2601 eiua
1145 2534 1306 2601 obiectum
1337 2533 1537 2618 particulare

276 2642 558 2721 determinatum,
593 2644 650 2707 sed
687 2642 772 2708 ratio
804 2642 985 2708 communis
1017 2641 1160 2709 omnium
1194 2642 1396 2725 possibilium
1428 2640 1536 2706 obiec-

277 2750 393 2813 torum
425 2748 671 2832 particularium
703 2753 738 2815 et
767 2748 809 2815 ab
839 2749 890 2813 his
919 2748 1039 2815 mentis
1070 2748 1259 2832 operatione
1287 2749 1457 2815 abstracta
1480 2748 1537 2813 de·

277 2853 448 2935 signatur.
481 2854 634 2937 Namque
657 2854 796 2937 singulis
819 2855 956 2921 obiectis
976 2855 1237 2935 „materialibus“
1259 2876 1297 2920 eo
1320 2855 1418 2938 plane
1441 2854 1536 2920 modo

279 2961 369 3026 ratio
395 2960 517 3027 obiecti
546 2961 695 3027 formalis
723 2965 893 3044 tamquam
918 2982 1088 3027 commune
1112 2962 1309 3027 elementum
1338 2960 1440 3039 inest,
1473 2981 1537 3043 quo

280 3068 380 3133 modo
397 3068 537 3151 singulis
557 3068 685 3133 actibus
705 3067 843 3134 alicuius
862 3069 1031 3153 potentiae
1048 3068 1263 3134 communiter
1278 3066 1440 3145 convenit,
1465 3086 1538 3133 esse

280 3195 321 3238 ac
351 3173 557 3240 denominari
587 3180 681 3241 actus
711 3174 790 3240 talis
819 3172 1371 3258 etuonalte1·iuspotentiae(cf.
1397 3172 1538 3237 Axioma

282 3280 346 3344 VII
370 3282 474 3364 XIX).

371 3395 496 3473 Quibus
519 3398 725 3481 praenotatis
748 3402 896 3482 apparet,
921 3418 1076 3479 quorsum
1099 3400 1228 3480 spectet
1251 3400 1397 3478 atquem
1422 3414 1535 3459 neces·

283 3502 372 3568 saria
395 3504 440 3569 ad
462 3525 532 3569 rem
556 3509 703 3570 nostram
726 3504 807 3570 haec
830 3502 968 3571 ulterior
991 3504 1140 3586 quaestio
1164 3503 1316 3569 accedat:
1344 3504 1443 3583 Quale
1466 3524 1535 3568 cen·

282 3610 422 3675 rendum
452 3614 493 3677 ait
521 3613 670 3677 obiectam
698 3610 836 3692 formate
865 3613 1044 3693 voluntatis,
1077 3632 1132 3675 een
1160 3612 1317 3695 potentiae
1347 3610 1535 3693 appetitione

285 3717 457 3783 reticeatis
480 3720 516 3783 in
538 3719 663 3784 bonine
677 3755 722 3765 -
740 3721 858 3784 scilicet
880 3720 992 3804 quote:
1014 3726 1079 3784 ium
1104 3721 1227 3783 ratione
1250 3716 1536 3801 comprehensionis

285 3828 314 3883 ct
336 3823 475 3888 ambitus
496 3832 564 3889 tam
587 3827 711 3891 ratione
731 3824 882 3906 formatio
904 3832 1063 3910 respectus
1086 3824 1130 3888 od
1148 3826 1331 3909 potentiam.

580 4014 613 4066 A.
633 4009 819 4083 domprebanoio
838 4008 864 4067 et
883 4008 993 4067 ambitur
1011 4010 1102 4067 obiecti
1120 4005 1240 4067 formalia.

286 4140 336 4213 40.
428 4132 585 4217 ThOSiS
612 4135 671 4217 Π.
713 4158 887 4223 obiectum
915 4160 1058 4222 tormule
1085 4158 1253 4219 humanae
1281 4156 1470 4222 voluntatis
1498 4155 1534 4217 in

290 4271 350 4317 sno
370 4260 536 4333 conceptu
557 4260 628 4319 tam
649 4258 717 4320 late
738 4262 833 4335 patet
860 4274 962 4335 quam
989 4256 1079 4319 ratio
1107 4256 1187 4317 boni
1208 4254 1375 4317 latissime
1396 4258 1536 4332 accepta

290 4366 347 4411 sau
368 4359 422 4415 est
442 4354 567 4415 bonurn
589 4352 788 4418 universim.

375 4485 684 4553 Praenotanda.
723 4488 906 4572 Conceptus
931 4487 1026 4566 ,boni
1050 4486 1243 4551 universim“
1265 4506 1323 4551 seu
1339 4484 1534 4551 communis-

291 4586 369 4656 sima
390 4592 522 4677 sumpti,
547 4598 645 4677 prout
667 4594 719 4659 hic
741 4594 955 4677 intellegitur,
979 4594 1013 4659 in
1036 4614 1096 4658 sua
1120 4592 1406 4676 comprehensione
1426 4598 1460 4659 et
1476 4612 1533 4657 ex·

293 4696 436 4765 tensione
459 4700 556 4783 plane
580 4701 758 4767 concordat
781 4722 854 4766 cum
877 4703 1037 4785 conceptu
1065 4698 1169 4775 „entia
1197 4698 1355 4765 latissime
1380 4696 1534 4781 sumpti“‚

298 4849 465 4864 K..-

380 4951 388 4983 ¹
406 4952 432 5007 S.
451 4952 534 5006 theol.
555 4955 578 5019 1,
598 4953 622 5018 2,
641 4971 667 5022 q.
690 4955 713 5017 1,
731 4970 755 5006 a.
777 4954 801 5006 1.
