3909 5842
799 679 968 750 conspectus
986 694 1086 734 rerum.

424 860 485 927 Μ.
516 858 618 927 Legem
637 862 777 913 aeternam
795 875 857 913 ease
876 856 1031 911 declaratur

461 949 599 1002 Schollrcm
618 952 644 1014 1,
662 952 697 1001 2:
713 946 755 1001 De
773 946 911 1001 nonnullis
928 945 1096 1000 adversariis
1114 944 1197 999 huius
1215 944 1355 999 doctrinae
1435 986 1439 995 .

462 1038 599 1090 scholium
617 1041 650 1089 3:
668 1035 728 1090 Hoc
746 1035 879 1107 imprimis
896 1038 1020 1105 tempore
1038 1034 1066 1088 in
1085 1052 1118 1089 ea
1136 1032 1316 1089 insistendum
1354 1074 1360 1087 .
1435 1073 1440 1084 .

389 1142 583 1197 Articulus
601 1143 627 1197 2.
663 1142 705 1195 De
728 1142 791 1210 lege
816 1145 929 1219 aeterna
951 1140 1116 1195 naturaliter
1141 1140 1315 1213 promulgata
1340 1156 1388 1195 seu
1408 1138 1441 1192 da

461 1232 522 1300 lege
540 1231 667 1295 naturali,
679 1231 830 1286 universim
871 1270 1440 1284 ........

425 1322 486 1388 51.
516 1321 598 1375 Notio
615 1320 687 1389 legis
704 1319 840 1375 naturalis
871 1360 1439 1373 ........

425 1409 443 1477 5
460 1410 487 1463 2.
518 1409 586 1464 lissa
603 1409 695 1477 legem
712 1406 866 1463 naturalem
884 1407 1076 1478 comprobatur
1114 1446 1441 1461 .....

346 1523 455 1581 rhesis
472 1524 599 1580 xxvll.
637 1523 755 1578 Exsistit
773 1523 801 1577 in
818 1522 927 1577 homino
945 1522 992 1577 lex
1011 1521 1147 1577 naturalis
1193 1565 1198 1575 .
1273 1562 1278 1575 .
1353 1564 1359 1577 .
1434 1564 1439 1575 .

460 1615 590 1667 Notandc
608 1616 646 1667 ad
662 1615 801 1667 solvendae
819 1615 991 1680 difficultates
1032 1652 1039 1665 .
1113 1652 1118 1663 .
1194 1654 1199 1663 .
1274 1653 1280 1693 3
1355 1654 1360 1665 .
1435 1654 1440 1664 .

462 1702 616 1755 Βσὴοῖίιιηιε
633 1700 801 1756 'l’estimonia
818 1700 944 1755 ethnicae
963 1700 1139 1770 antiquitatis
1194 1742 1199 1754 .
1274 1742 1280 1753 .
1355 1742 1359 1753 .
1435 1742 1440 1753 .

389 1807 587 1862 articulus
607 1808 632 1861 e.
668 1806 709 1861 ue
727 1806 861 1877 principio
879 1805 1055 1875 obligationis
1073 1804 1145 1873 regn
1163 1773 1308 1861 naiman.
1355 1847 1360 1859 .
1435 1848 1440 1858 .

425 1895 442 1962 ὅ
462 1898 487 1950 1.
517 1896 613 1950 Kantii
634 1896 805 1963 ,autonomiu
822 1895 952 1949 rationis*

425 1986 487 2053 §2-
518 1986 620 2041 Eadem
641 1985 764 2040 doctrina
782 1984 901 2039 examini
920 1983 1015 2037 erilico
1034 1982 1200 2037 subicitur.
1275 2024 1280 2035 .
1355 2024 1361 2036 .
1435 2026 1440 2036 .

349 2100 456 2155 Thasia
473 2100 618 2157 XXVIII.
655 2099 821 2154 Autonomia
838 2098 954 2154 rationis
972 2116 989 2152 a
1008 2097 1110 2152 Kantio
1128 2097 1238 2152 invecta
1256 2114 1340 2151 sanae
1358 2097 1442 2167 philo-

425 2189 537 2258 sophiae
555 2194 692 2260 repugnat
710 2227 1441 2243 ..........

462 2278 617 2331 Sclrolr'um:
635 2277 733 2347 Opinio
751 2276 940 2331 nonnullorum
953 2276 1179 2331 scholasticorum
1199 2275 1232 2329 de
1251 2274 1357 2329 formali
1371 2276 1442 2345 prin·

497 2366 568 2437 cipio
587 2366 761 2435 obligationis
790 2404 1441 2419 .........

463 2456 619 2508 Corollmr
630 2494 1441 2508 ...........

389 2567 582 2621 Articulua
599 2571 626 2628 ,4.
663 2567 704 2622 De
722 2568 863 2624 sanctione
881 2567 954 2637 legis
970 2567 1107 2622 naturalis
1194 2608 1199 2619 .
1274 2609 1279 2618 .
1355 2608 1360 2619 .
1435 2608 1440 2619 .

425 2656 486 2723 51.
516 2657 651 2711 Praeviae
669 2658 793 2713 notiones

425 2744 486 2811 Η.
518 2744 586 2798 Esse
605 2745 774 2800 sanctionem
793 2745 948 2799 naturalem
966 2744 1121 2799 ostenditur
1195 2786 1200 2798 .
1276 2786 1281 2797 .
1356 2788 1361 2798 .
1436 2788 1441 2799 .

350 2858 456 2914 'Illeals
472 2841 591 2917 XXIX.
628 2862 729 2916 Exstat
752 2862 824 2929 legis
842 2861 976 2915 naturalis
996 2861 1101 2915 sanctio
1120 2863 1223 2931 pariter·
1241 2862 1383 2926 naturalis,
1402 2878 1459 2939 ses

426 2950 544 3002 cundum
556 2949 644 3003 vitam
663 2955 836 3020 praesentem
854 2949 979 3021 partialis
999 2952 1107 3003 tantum
1120 2952 1149 3003 et
1161 2949 1329 3019 imperfecta,
1348 2967 1442 3004 secuu-

427 3039 489 3092 dum
509 3039 596 3093 vitam
622 3041 744 3094 futuram
761 3058 828 3094 vero
853 3045 882 3093 et
900 3040 1005 3093 ratione
1028 3039 1168 3093 efficaciae
1187 3057 1236 3109 per
1253 3057 1284 3095 se
1302 3040 1443 3093 sufficiens

427 3128 577 3205 citatione
597 3130 719 3183 iustitiae
737 3130 860 3200 perlecta
871 3170 1443 3183 ........

464 3218 619 3270 Corollaria
631 3257 1440 3272 ...........

462 3306 590 3358 Notum
609 3308 647 3358 ad
663 3308 802 3359 solvendas
820 3306 994 3372 difficultates
1034 3346 1361 3358 .....
1384 3292 1391 3315 ⁴
1437 3346 1441 3355 .

392 3409 586 3463 Articulus
605 3411 629 3463 5.
666 3408 708 3463 Ile
725 3409 880 3481 praecipuis
898 3409 969 3477 legis
988 3408 1122 3462 naturalia
1140 3408 1353 3479 proprietatibus
1434 3450 1439 3460 .

428 3498 488 3564 51.
523 3497 722 3551 Universalitas
1079 3514 1082 3523 ·

353 3613 459 3668 'Ilresis
475 3614 578 3668 XXX.
602 3613 661 3667 Lex
678 3613 820 3678 naturalis,
839 3614 987 3667 secundum
1007 3632 1046 3678 se,
1065 3614 1082 3667 i.
1101 3632 1124 3668 e.
1143 3614 1292 3668 secundum
1305 3613 1443 3681 generalia

381 3759 384 3763 Α
428 3702 569 3772 principia,
587 3702 687 3772 quibus
705 3688 822 3768 constat,
841 3702 1024 3767 considerata,
1044 3702 1146 3757 homini
1165 3702 1253 3757 utenti
1271 3704 1376 3759 rationo
1395 3720 1443 3773 pro

427 3796 542 3845 naturae
552 3792 709 3846 condicione
718 3793 911 3846 convenienter
920 3792 1039 3858 evoluta,
1050 3792 1089 3845 ita
1099 3794 1280 3847 essentialiter
1289 3794 1443 3861 innotescit,

429 3887 460 3933 ut
468 3864 705 3938 universalissima
716 3880 863 3951 („prima“)
875 3881 935 3934 eius
944 3883 1092 3951 praecepta
1102 3881 1265 3946 nullatenus,
1280 3882 1314 3935 ab
1328 3882 1371 3945 h'rs
1383 3899 1443 3951 pro·

428 3969 502 4023 xime
516 3969 641 4024 derivata
652 3969 873 4039 („secuudaria“)
884 3988 938 4023 non
952 3970 1006 4024 ulai
1020 3969 1187 4023 vincibiliter
1200 3970 1320 4037 ignorari
1331 3973 1444 4039 queaut;

429 4060 609 4129 particulares
631 4065 724 4115 tamen
748 4061 793 4115 vel
811 4061 970 4115 remotiores
994 4060 1056 4115 iudo
1075 4060 1173 4114 ductae
1196 4060 1383 4115 conclusiones
1402 4079 1444 4116 ac·

430 4148 593 4203 cidentalem
611 4168 729 4205 errorem
748 4153 830 4205 etiam
849 4150 1034 4205 invincibilem
1053 4168 1106 4203 non
1126 4150 1273 4204 excludant
1357 4192 1363 4205 .
1437 4194 1442 4203 .

465 4241 593 4293 Nolendo
612 4243 650 4294 ad
666 4244 804 4295 solvendae
822 4242 995 4308 difficultates
1037 4282 1442 4294 ......

430 4328 491 4396 ἕῖ.
520 4330 731 4383 lmmutabilitas
796 4370 1443 4383 .........

356 4444 461 4499 l'lreala
478 4444 596 4499 XXXI.
633 4444 690 4498 Lex
714 4444 848 4498 naturalis
873 4462 921 4514 per
945 4448 1119 4515 suspectata
1144 4448 1202 4498 tum
1221 4444 1367 4498 intrinseco
1385 4448 1444 4497 turn

432 4533 585 4587 extrinsece
603 4532 782 4586 immutabilis
801 4536 844 4585 eat
875 4572 1442 4587 ........

467 4623 595 4675 Nolendo
614 4624 651 4675 ad
668 4623 807 4676 solvendas
824 4623 997 4689 difficultates
1036 4664 1442 4676 ......

396 4727 589 4783 Articulus
607 4729 633 4781 6.
670 4728 710 4783 De
729 4746 835 4781 summo
853 4727 925 4797 legis
941 4728 1078 4783 naturalis
1097 4728 1228 4799 principio
1277 4768 1283 4781 .
1359 4770 1364 4781 .
1439 4771 1444 4781 .

359 4841 462 4898 'Iberia
480 4828 611 4899 XXXII.
649 4844 789 4898 Summum
808 4843 879 4913 legis
904 4844 1039 4898 naturalis
1058 4844 1220 4915 principium
1240 4848 1303 4915 apte
1322 4846 1356 4899 ad
1375 4845 1446 4899 hano

431 4932 576 4987 formulam
588 4934 737 5002 redigitur:
756 4934 871 4987 Rectum
890 4937 1004 4988 naturae
1017 4935 1158 4989 rationalis
1171 4936 1293 4989 ordinen'i
1304 4938 1445 5004 tamquam

433 5020 564 5076 divinitus
582 5026 708 5077 sanctum
727 5027 838 5077 servato
876 5065 1443 5077 ........

1518 5024 1570 5077 253
