3909 5842
411 687 474 752 160
639 681 729 736 Sectio
748 682 769 736 1.
806 682 886 738 Liber
903 683 938 738 11.
976 682 1065 754 Caput
1082 685 1103 739 1.
1140 683 1281 739 Atticulae
1301 685 1325 737 1.
1362 685 1424 752 §3-

497 861 613 928 Prob.
639 861 904 930 antecedens,
937 862 971 929 Si
987 862 1124 928 dicitur:
1147 863 1288 929 honesta
1305 866 1358 928 est
1372 862 1471 942 actio,
1495 869 1663 945 quatenus

408 973 548 1036 naturae
577 967 717 1034 hominis
747 967 900 1036 rationali
930 968 1109 1034 secundum
1141 988 1255 1034 omnes
1286 967 1356 1034 eius
1385 968 1582 1036 essentiales
1608 989 1662 1034 re-

408 1075 549 1142 lationes
580 1075 743 1159 complete
773 1079 925 1159 sumptae
956 1074 1192 1153 conformatur,
1223 1077 1269 1140 cel
1295 1074 1328 1139 in
1352 1075 1457 1140 Deum
1488 1080 1661 1157 tamquam

408 1183 505 1248 finem
528 1181 667 1247 hominis
690 1201 864 1264 rerumque
887 1181 1030 1247 omnium
1054 1179 1216 1264 dirigitur,
1239 1183 1287 1248 cel
1311 1185 1475 1263 qnatenus
1496 1181 1662 1248 obiective

409 1292 461 1354 est
491 1309 583 1355 amor
606 1287 677 1366 Dei,
708 1290 756 1353 cel
788 1291 934 1353 creatam
964 1287 1171 1352 voluntatem
1202 1286 1334 1352 divinae
1363 1287 1550 1354 conformat
1575 1294 1659 1360 etcz

408 1395 582 1460 inhonesta
605 1397 726 1472 autem,
751 1413 835 1476 quae
858 1393 910 1458 his
934 1393 1101 1460 contraria
1124 1397 1194 1459 est:
1218 1414 1335 1458 verum
1357 1415 1438 1460 sane
1460 1394 1495 1460 in
1517 1395 1570 1460 his
1589 1415 1661 1460 om·

409 1499 503 1565 nibus
527 1499 661 1578 dicitur;
686 1499 744 1566 sed
767 1505 878 1566 tamen
903 1501 1029 1565 nullum
1052 1504 1104 1566 est
1127 1520 1250 1580 eorum,
1275 1499 1367 1566 cuiue
1382 1521 1448 1566 uon
1462 1501 1550 1567 ratio
1565 1501 1659 1566 reddi

409 1607 514 1692 possit
543 1609 685 1690 ulterior,
716 1605 842 1672 scilicet
871 1628 931 1692 per
962 1606 1067 1692 ipsam
1100 1605 1170 1672 eius
1200 1606 1384 1673 absolutam
1408 1609 1660 1674 rationalitates

408 1711 463 1777 vel
488 1713 778 1796 irrationalitatem,
801 1712 822 1779 i.
840 1733 868 1778 e.
892 1733 952 1796 per
968 1711 1234 1780 conformitatem
1249 1713 1303 1778 vel
1321 1713 1566 1780 difformitatem
1584 1735 1659 1780 curn

410 1819 521 1884 divina
544 1818 681 1895 ratione,
705 1821 873 1902 tamquam
898 1819 1050 1886 absoluto
1074 1818 1188 1884 ordine
1211 1817 1434 1903 operabilium.
1481 1819 1603 1898 Quodsi
1627 1820 1660 1884 id

410 1925 463 1990 vel
494 1925 534 1990 de
562 1924 636 2008 ipsa
666 1923 897 1992 conformitate
927 1925 981 1990 vel
1011 1924 1225 1992 difformitate
1254 1947 1325 1991 cum
1357 1925 1467 1991 divino
1500 1927 1660 1992 voluntate

410 2033 607 2110 verificatur,
640 2051 838 2115 quamquam
861 2031 942 2097 haec
965 2053 1031 2096 non
1053 2030 1217 2097 immerito
1245 2052 1391 2109 „summa
1413 2033 1530 2114 regula
1553 2034 1661 2098 omnis

410 2141 542 2204 creatae
565 2138 767 2205 voluntatis“
795 2137 923 2216 dicitur,
956 2159 976 2203 a
1000 2137 1130 2203 fortiori
1160 2138 1200 2202 de
1230 2137 1365 2219 reliquis
1393 2138 1577 2204 rationibus
1599 2160 1661 2224 per

410 2267 455 2324 sc,
487 2252 524 2311 ut
555 2249 704 2329 apparet,
736 2245 965 2311 remotioribus
995 2244 1129 2311 valebit.
1175 2245 1247 2310 Iam
1275 2267 1346 2310 cero
1368 2243 1441 2328 ipsa
1464 2245 1576 2311 divina
1599 2269 1661 2312 vo·

409 2353 520 2418 luntas
543 2352 616 2417 ideo
640 2372 766 2417 summa
790 2352 906 2433 regula
929 2355 991 2429 est,
1016 2353 1091 2437 qnia
1115 2355 1167 2416 est
1184 2351 1333 2416 absolute
1348 2359 1470 2432 sonmo,
1493 2351 1515 2417 i.
1532 2373 1561 2418 e.
1578 2351 1661 2418 nihil

410 2457 473 2524 nisi
488 2457 665 2524 secundum
682 2457 867 2524 absolutam
884 2455 1046 2522 rationem
1062 2455 1148 2521 velle
1163 2459 1283 2539 potest.
1315 2455 1401 2521 Hinc
1416 2459 1451 2521 et
1466 2458 1500 2521 S.
1522 2457 1660 2524 ibonros

408 2563 456 2630 ita
480 2564 609 2646 quidem
631 2563 727 2631 docet
754 2563 952 2642 „bonitatem
970 2562 1152 2628 voluntatis
1168 2563 1352 2646 dependere
1368 2583 1410 2628 ex
1426 2563 1661 2632 conformitate

410 2671 452 2736 ad
476 2672 682 2737 voluntatem
706 2669 867 2736 divinam“
882 2672 903 2749 ¹,
928 2675 965 2735 ut
988 2669 1084 2734 simul
1107 2670 1206 2736 etiam
1227 2669 1316 2735 dicat
1338 2690 1526 2754 supremam
1542 2671 1659 2736 volun·

410 2776 490 2842 talis
514 2777 662 2859 regulam
687 2797 760 2842 esse
788 2775 912 2860 „legem
936 2780 1117 2854 aeternam,
1141 2795 1226 2858 quae
1249 2780 1300 2842 est
1323 2775 1409 2842 ratio
1433 2775 1600 2844 divina“².

409 2915 475 2988 183.
566 2917 688 2983 Verum
713 2917 858 2984 stabilito
881 2916 1079 2983 moralitatis
1100 2916 1259 3002 principio
1274 2937 1334 3002 per
1349 2937 1385 2982 se
1401 2916 1535 2984 formali
1550 2925 1584 2986 et
1599 2921 1658 2986 ab·

410 3024 517 3089 soluto
541 3024 654 3107 quaeri
678 3024 815 3092 ulterius
838 3027 958 3107 potest,
988 3024 1150 3106 quomodo
1173 3024 1252 3089 illud
1276 3023 1446 3089 inordina
1470 3029 1659 3110 copnittonis

409 3131 570 3197 humanae
599 3152 659 3215 pro
688 3131 849 3198 obiectivo
880 3133 1008 3197 criterio
1038 3129 1151 3196 haberi
1181 3131 1295 3214 possit,
1327 3150 1400 3194 cum
1423 3131 1577 3199 absoluta
1599 3133 1659 3199 illa

409 3237 614 3305 rectitudinis
638 3258 763 3316 norma,
795 3259 878 3320 quae
902 3237 992 3302 Deus
1015 3237 1086 3321 ipse
1109 3240 1170 3314 est,
1195 3237 1288 3302 nobis
1310 3237 1500 3302 immediate
1524 3237 1657 3318 cognita

408 3365 472 3409 non
496 3344 563 3411 sit?
588 3380 630 3388 -
655 3343 700 3410 ut
729 3365 809 3408 sane
831 3343 904 3428 ipsa
926 3343 1093 3410 evidentia
1115 3343 1318 3422 iudiciorum,
1342 3342 1459 3426 quibus
1481 3343 1657 3412 honestum

408 3455 442 3517 et
463 3451 671 3517 inhonestum
693 3451 915 3528 discernimus,
940 3450 1023 3516 satis
1040 3451 1244 3517 demonstrat
1268 3449 1434 3515 criterium
1449 3449 1568 3533 ipsum,
1592 3473 1656 3534 quo

408 3555 503 3621 iniis
533 3556 659 3622 iudiciis
689 3578 781 3622 mens
804 3561 918 3622 nostra
942 3557 1055 3634 utitur,
1086 3578 1150 3622 non
1173 3578 1271 3641 posse
1294 3577 1359 3621 non
1382 3577 1455 3621 esse
1478 3557 1513 3621 in
1543 3559 1656 3623 ordine

408 3664 631 3745 cognitionum
658 3665 830 3730 moralium
851 3685 910 3748 pm·
934 3685 966 3729 sc
990 3673 1017 3729 ct
1039 3665 1220 3730 immediate
1242 3672 1360 3730 notum.
1406 3663 1483 3729 ideo
1508 3665 1657 3732 doctrina

408 3769 448 3834 de
472 3770 659 3851 antelogioo
682 3769 880 3837 moralitatis
904 3768 1045 3847 anterio,
1070 3775 1108 3836 ut
1131 3769 1173 3834 ad
1189 3752 1346 3835 scientiae
1362 3790 1455 3834 usum
1472 3789 1656 3836 accommo-

408 3875 487 3941 data
511 3881 544 3944 et
567 3875 698 3960 integra
721 3877 774 3954 sit,
799 3877 861 3942 hac
884 3875 1022 3958 denique
1046 3875 1132 3942 thesi
1155 3877 1353 3960 completur:

407 4033 474 4106 184.
564 4023 719 4106 Thetis
746 4023 871 4109 XIX.
898 4047 1058 4110 Proxime
1078 4048 1116 4110 in
1137 4049 1213 4125 ipsa
1233 4049 1368 4110 ratione
1388 4049 1539 4112 bumana
1559 4069 1654 4128 prac-

407 4147 494 4223 tica,
523 4150 692 4223 quatenus
721 4146 804 4207 hacc
827 4147 1044 4208 essentialem
1065 4153 1211 4208 naturae
1231 4147 1412 4209 rationalis
1433 4147 1654 4213 directionem

407 4245 562 4324 exhibet,
591 4243 760 4308 obiectira
780 4244 985 4306 moralitatis
1006 4261 1127 4306 norma
1148 4249 1282 4324 exstat,
1309 4262 1428 4309 varum
1450 4247 1654 4312 secundaria

407 4347 541 4406 tantum
562 4345 595 4404 at
615 4341 772 4405 relativa.

496 4461 802 4528 Praenotnnda.
835 4464 863 4526 1.
881 4461 978 4526 Ratio
992 4461 1135 4527 humana
1147 4460 1266 4528 dicitur
1280 4461 1474 4547 „practico“‚
1491 4467 1653 4545 quatenus

406 4589 520 4634 verum
550 4588 615 4633 non
646 4567 873 4646 theoreticam,
904 4567 962 4632 sed
987 4570 1167 4654 practicam
1197 4589 1257 4651 pro
1288 4568 1415 4635 obiecto
1439 4567 1549 4646 babet,
1579 4571 1600 4638 i.
1624 4591 1651 4636 e.

407 4675 577 4751 veritates,
609 4695 693 4756 quae
723 4695 782 4757 per
811 4695 847 4740 se
877 4674 1056 4758 respiciunt
1080 4673 1291 4740 directionem
1314 4674 1496 4743 voluntatis
1519 4677 1553 4742 in
1577 4697 1652 4763 ope·

407 4781 519 4846 rando.
545 4817 586 4826 —
612 4783 641 4845 2.
674 4779 771 4846 Ratio
802 4780 949 4864 practica
978 4779 1118 4846 hominis
1149 4779 1310 4864 duplicem
1341 4783 1566 4866 acceptionem
1595 4785 1651 4849 ad·

410 4948 655 4956 m—w—
662 4949 691 4954 —
701 4949 719 4955 -

499 5033 506 5064 ¹
526 5031 552 5085 S.
571 5029 654 5084 theol.
676 5032 698 5092 1,
718 5031 742 5094 2,
762 5047 787 5098 q.
810 5031 849 5094 19,
869 5048 893 5083 a.
914 5031 937 5085 9.
1047 5031 1116 5085 ²1b.
1135 5047 1159 5083 a.
1178 5034 1203 5084 4.
