3909 5842
436 645 477 700 De
495 645 649 716 praecipuis
666 645 737 715 legis
756 647 890 702 naturalis
909 648 1128 719 proprietatibus.
1148 679 1182 688 -
1201 649 1433 706 Immntsbilitas.'
1486 657 1549 720 247

309 821 378 893 275.
471 811 627 894 Thetis
651 811 819 895 XXXI·
861 837 930 901 box
957 840 1125 902 naturalis
1153 857 1214 918 por
1241 858 1278 906 se
1306 847 1460 920 spectata
1480 847 1551 906 tum

308 933 494 996 intrinseca
514 936 588 994 turn
607 933 800 997 extrinsece
820 935 1040 999 immutabilis
1062 941 1126 1000 est.

397 1033 704 1102 Praenotanda.
753 1039 782 1102 1.
806 1036 1077 1114 immutabilitas,
1110 1059 1193 1121 quae
1224 1039 1288 1124 legi
1318 1043 1460 1109 naturali
1491 1043 1551 1111 tri·

308 1139 428 1219 buitur,
459 1145 596 1208 eatenus
618 1142 814 1228 hypothetico
838 1149 900 1220 est,
931 1144 1017 1227 quod
1048 1145 1275 1212 exsistentiam
1303 1152 1474 1214 creaturae
1496 1169 1551 1215 ra·

307 1244 441 1312 tionalis
469 1247 640 1324 subandit;
672 1253 871 1333 quapropter
899 1271 972 1316 cum
996 1251 1155 1318 attributo
1185 1251 1441 1332 „aeternitatis“‚
1467 1275 1551 1336 quae

259 1436 263 1440 Α
308 1351 369 1416 soli
390 1351 455 1435 legi
471 1354 542 1420 Dec
556 1353 747 1421 immanenti
764 1355 929 1440 competit,
953 1356 1108 1423 confundi
1124 1377 1189 1422 non
1205 1357 1312 1424 debet.
1345 1362 1374 1424 2.
1399 1359 1468 1424 Lex
1491 1381 1550 1426 na·

308 1459 427 1524 turalis
443 1482 504 1545 per
519 1468 704 1545 respectatur
718 1461 960 1528 universalibus
975 1461 1142 1546 principiis
1158 1466 1299 1542 constat,
1324 1463 1421 1530 etita
1436 1463 1551 1532 distin-

309 1564 422 1645 guitur
437 1587 457 1632 a
473 1566 733 1633 conclusionibus
746 1572 781 1634 et
792 1568 1065 1652 applicationibus
1077 1568 1306 1654 principiorum
1323 1569 1552 1637 remotioribus
1658 1579 1672 1605 '

308 1675 344 1738 et
365 1671 630 1756 particularibus.

396 1789 563 1865 Probatur.
607 1797 677 1862 Les
699 1799 861 1862 nataralia
881 1819 942 1882 per
963 1818 996 1863 ae
1019 1805 1157 1882 spectato
1180 1799 1388 1863 immutabilis
1410 1806 1472 1864 aet:

400 1903 429 1965 1.
453 1901 637 1967 Intrinsece.
669 1903 756 1967 Nom
778 1904 812 1984 a)
828 1901 1077 1969 fundamentum
1100 1903 1265 1987 proprium
1289 1903 1372 1986 legis
1391 1904 1550 1972 naturalis

308 2011 362 2072 est
389 2007 462 2091 ipsa
491 2011 611 2074 natura
640 2008 726 2074 entis
756 2007 928 2075 rationalis
955 2030 1027 2074 cum
1051 2029 1112 2075 sus
1135 2009 1303 2076 essentiali
1325 2009 1486 2076 relatione
1509 2011 1550 2076 ad

308 2114 407 2177 finem
430 2113 603 2180 universae
626 2115 811 2183 creationis.
842 2102 942 2202 Atqrii
964 2121 1084 2183 natura
1106 2137 1164 2182 seu
1188 2115 1331 2184 essentia
1354 2137 1461 2181 rerum
1486 2138 1548 2182 non

309 2219 413 2284 solnm
444 2220 477 2284 in
507 2221 620 2287 ordine
649 2221 876 2305 metaphysico
898 2221 1121 2300 immutabilis,
1152 2223 1211 2288 sed
1241 2221 1339 2289 etiam
1371 2223 1405 2287 in
1437 2222 1550 2288 ordine

308 2325 525 2392 exsistentiae
554 2349 673 2406 rerum,
704 2328 858 2410 quamdiu
886 2327 969 2394 baec
1000 2329 1106 2404 durat,
1138 2328 1327 2394 indeficiens
1356 2335 1416 2396 est.
1463 2330 1550 2416 Eryo

309 2432 352 2496 ab
374 2431 552 2499 intrinseco
574 2455 631 2500 seu
650 2455 692 2499 ex
713 2439 809 2520 parte
824 2435 1029 2502 fundamenti
1044 2434 1166 2519 proprii
1182 2435 1237 2500 lex
1253 2434 1423 2512 naturalis,
1447 2457 1550 2518 quan·

309 2543 380 2603 turn
400 2539 441 2604 ad
458 2539 616 2624 principia
632 2562 692 2606 sua
708 2541 932 2619 constitutiva,
956 2541 1036 2606 nulli
1053 2563 1205 2624 umquam
1221 2541 1394 2608 mutationi
1410 2541 1551 2608 obnoxia
1646 2629 1647 2632 Ἴ

308 2666 383 2710 esse
406 2650 463 2729 pot
500 2652 524 2713 t.
570 2645 605 2728 b)
627 2647 698 2713 Lex
720 2647 881 2713 naturalis
904 2653 956 2714 est
983 2647 1210 2732 „participatio
1233 2647 1316 2730 legis
1339 2651 1495 2714 aeternae
1516 2647 1549 2713 in

309 2752 463 2818 rationali
486 2757 670 2819 creatura'.
706 2758 805 2840 Atqui
826 2755 883 2820 lex
906 2758 1043 2821 aeterna
1066 2775 1084 2819 e
1108 2775 1166 2819 suo
1190 2757 1349 2837 conceptu
1372 2754 1548 2821 intrinsece

307 2857 520 2925 immutabilis
543 2866 603 2928 est.
650 2862 736 2946 Erqo
760 2881 780 2925 a
803 2861 875 2944 pari
898 2861 953 2926 lex
976 2860 1146 2927 naturalis,

397 2968 426 3032 2.
440 2966 635 3049 Extrinsece,
648 2966 734 3048 quod
744 2967 883 3049 quidem,
898 2967 1114 3050 praecedente
1123 2972 1218 3051 parte
1228 2967 1381 3044 admissa,
1393 2965 1476 3031 satis
1490 2986 1549 3049 per

307 3091 345 3135 se
368 3072 577 3154 consequitur
599 3093 659 3138 nec
682 3072 814 3156 probari
829 3071 962 3154 indiget,
989 3093 1061 3140 cum
1078 3073 1192 3138 cadem
1207 3073 1362 3138 voluntas
1377 3071 1438 3136 Dei
1454 3073 1548 3157 lypo-

307 3177 417 3242 thetica
442 3180 634 3259 necesaria,
665 3199 724 3261 per
751 3198 849 3260 quarn
873 3178 927 3242 lex
950 3178 1021 3244 lata
1046 3181 1106 3256 est,
1132 3178 1245 3244 cadem
1269 3181 1422 3244 manente
1445 3177 1549 3260 hypo·

307 3283 394 3348 thesi
406 3283 544 3350 deficere
555 3305 729 3367 numquam
743 3285 857 3368 possit.
881 3287 911 3350 A
923 3285 1024 3368 priori
1039 3285 1141 3368 igitur
1154 3288 1278 3350 certum
1296 3287 1356 3360 est,
1370 3281 1477 3364 legem
1489 3303 1548 3348 ne·

305 3389 447 3454 turalem
459 3411 519 3474 per
529 3411 566 3456 se
577 3395 761 3474 spectatam
774 3411 815 3457 ne
826 3413 885 3474 per
896 3391 1001 3457 Deum
1018 3391 1146 3474 quidem
1162 3390 1194 3455 in
1212 3391 1279 3456 ulla
1294 3410 1330 3454 re
1346 3389 1465 3455 mutari
1480 3409 1548 3454 um-

307 3516 405 3577 quam
428 3516 533 3579 posse.

599 3581 748 3669 dotanda
769 3581 810 3654 ad
832 3581 1006 3655 solvendae
1029 3579 1252 3654 difficultates.

306 3693 376 3765 276.
469 3699 497 3763 l.
521 3697 591 3762 Lex
613 3697 686 3781 ipsa
708 3718 767 3780 per
789 3719 826 3762 se
849 3695 1001 3782 spectata
1023 3719 1088 3764 non
1111 3696 1255 3764 afficitur
1270 3717 1375 3779 neque
1390 3701 1546 3774 mutatur,

307 3801 462 3882 quamdiu
489 3801 563 3886 ipsa
592 3802 675 3886 legis
704 3802 865 3887 principia
890 3806 1057 3888 pancratio
1080 3804 1254 3868 secundum
1276 3825 1369 3868 eoam
1392 3807 1547 3870 rationem

304 3909 474 3990 forandam
490 3913 625 3975 manent
644 3909 758 3974 eadem
783 3911 883 3991 atquc
905 3909 1041 3974 intacta.
1088 3907 1315 3990 Quaecumque
1337 3907 1439 3989 igitur
1462 3908 1550 3974 circa

306 4015 390 4098 logis
418 4019 597 4100 praecepta
627 4015 725 4081 etiam
754 4015 984 4093 „secundaria“
1012 4013 1187 4098 aliquando
1210 4013 1468 4080 modificationes
1491 4019 1549 4080 eut

306 4120 401 4203 quasi
424 4119 635 4205 exceptiones
657 4125 793 4205 propter
815 4125 977 4187 mutatam
1001 4120 1128 4185 illorum
1153 4123 1318 4185 materiam
1344 4120 1397 4184 vel
1421 4123 1549 4185 mutate

305 4248 415 4292 rerum
439 4229 594 4292 adiuncta
617 4226 750 4291 evenire
773 4225 934 4304 videntur,
959 4247 1024 4290 non
1048 4245 1157 4304 verae,
1182 4225 1239 4291 sed
1262 4232 1451 4312 apparentes
1474 4228 1548 4289 tan·

304 4339 377 4399 tum
408 4332 491 4414 legis
513 4331 715 4398 mutationes
747 4353 820 4398 esse
851 4332 948 4398 facile
978 4336 1229 4414 cognoscuntur.
1277 4331 1443 4397 Eiusmodi
1472 4336 1550 4397 sunt

305 4438 462 4504 nonnulla
485 4439 637 4523 exempla
659 4439 692 4503 in
716 4439 820 4504 sacris
841 4438 962 4506 litteris
985 4437 1102 4514 relata,
1127 4438 1243 4520 quibus
1266 4437 1371 4504 obiter
1386 4458 1455 4503 rem
1472 4457 1548 4502 con·

305 4542 465 4610 sideranti
481 4545 570 4610 Deus
594 4545 698 4610 videri
720 4546 826 4629 possit
848 4546 889 4610 de
911 4545 1001 4610 facto
1025 4544 1187 4610 interdum
1212 4544 1254 4610 ab
1269 4543 1349 4628 ipsis
1364 4545 1549 4628 praeceptis

305 4651 456 4734 decalogi
479 4651 687 4735 dispensasse
711 4652 763 4717 vel
787 4651 902 4717 iisdem
925 4651 1112 4733 derogasse.

397 4757 451 4823 lta
474 4778 526 4823 ox.
551 4779 594 4840 g.,
618 4758 673 4823 ubi
696 4759 785 4823 Deus
802 4757 970 4841 praecepit
993 4757 1156 4834 Abrahae,
1181 4761 1219 4821 ut
1241 4756 1342 4821 filium
1364 4755 1549 4825 immolaret

304 4862 372 4945 (Gn
396 4865 474 4948 22).
520 4865 558 4929 ln
581 4865 642 4930 hoc
665 4870 699 4931 et
722 4864 881 4930 similibus
904 4863 1003 4930 lactis
1027 4863 1104 4929 nihil
1129 4884 1247 4929 revera
1271 4883 1376 4946 neque
1402 4862 1468 4946 legi
1491 4884 1547 4928 na-

304 4977 403 5037 turae
434 4992 540 5054 neque
571 4971 706 5053 formati
739 4975 805 5037 eius
837 4972 951 5036 obiecto
981 4970 1173 5053 derogatum
1205 4973 1272 5046 est,
1311 4968 1368 5034 sed
1396 4969 1547 5051 quicquid
