3909 5842
655 691 722 745 Esse
742 709 835 745 verum
856 692 899 746 ius
917 694 1031 747 naturae
1050 692 1190 747 asserstur.
1484 696 1550 760 475

305 864 375 937 564.
467 871 497 936 3.
522 868 638 951 Neque
661 872 773 935 tamen
796 889 855 953 per
878 868 977 935 istam
1001 869 1267 954 superioritatem
1291 869 1371 935 iuris
1390 870 1551 937 naturalis

304 972 480 1057 quidquam
503 974 583 1041 iuris
606 975 739 1059 positivi
762 975 903 1060 propriis
926 976 1148 1043 functionibus
1169 980 1205 1042 ot
1227 974 1375 1058 legitimo
1398 976 1471 1043 usui
1493 977 1552 1043 de·

304 1078 391 1145 trahi
421 1082 601 1165 putandum
631 1085 692 1149 est.
739 1081 816 1147 Ideo
847 1082 880 1148 in
903 1082 1031 1148 iudiciis
1054 1082 1192 1166 publicis
1215 1082 1366 1165 proxima
1388 1082 1552 1150 iudicandi

304 1206 420 1254 norma
442 1210 507 1254 non
530 1209 551 1255 a
573 1189 644 1254 iure
667 1188 820 1266 naturali,
845 1188 902 1254 sed
922 1192 1030 1255 ctare
1041 1191 1186 1275 positivo,
1211 1187 1296 1271 quod
1311 1187 1345 1253 in
1361 1208 1460 1254 cansa
1476 1209 1552 1273 pro·

304 1292 414 1375 posita
443 1298 575 1379 praesto
605 1294 716 1373 fuerit,
747 1295 890 1379 petenda
920 1299 986 1369 est:
1017 1299 1054 1361 ut
1084 1296 1206 1360 diserte
1234 1294 1331 1361 docet
1353 1296 1386 1362 S.
1415 1296 1551 1362 ltomoa

306 1398 433 1467 dicens:
462 1400 625 1479 „Necesse
649 1404 709 1480 est,
735 1406 772 1467 ut
796 1400 948 1467 iudicium
973 1402 1032 1467 fiat
1055 1400 1232 1467 secundum
1247 1404 1324 1486 topic
1340 1405 1553 1488 scriptoram

305 1504 449 1588 alioquin
480 1506 632 1575 iudicium
662 1507 816 1575 deficeret
839 1508 892 1573 vel
918 1528 937 1573 a
960 1506 1048 1573 iusto
1070 1506 1215 1573 naturali
1238 1508 1292 1573 vel
1315 1528 1336 1572 a
1358 1507 1445 1574 iusto
1468 1508 1553 1593 posi·

305 1610 405 1677 tivo.“
455 1612 551 1679 Cuius
574 1613 659 1680 hanc
674 1614 836 1681 rationem
853 1614 967 1680 affert:
996 1612 1171 1690 ,Iudicium
1187 1612 1266 1679 nihil
1283 1612 1371 1679 aliud
1388 1619 1440 1681 est
1455 1635 1553 1697 quam

307 1718 468 1798 quaedam
500 1720 645 1786 definitio
676 1721 729 1786 vel
761 1720 993 1787 determinatio
1024 1719 1094 1785 eius
1124 1719 1211 1802 quod
1241 1720 1362 1786 iustum
1393 1725 1454 1787 est.
1500 1720 1554 1788 Fit

306 1828 417 1890 autem
448 1825 570 1909 aliquid
600 1825 721 1891 iustum
753 1825 941 1911 dupliciter:
971 1846 1037 1891 uno
1067 1824 1163 1890 modo
1191 1845 1234 1890 ex
1257 1824 1330 1909 ipsa
1352 1830 1472 1893 natura
1494 1826 1552 1905 rei,

307 1930 392 2011 quod
416 1930 535 1998 dicitur
557 1934 609 1999 ius
632 1934 803 2015 notarule;
833 1931 897 1997 alio
928 1932 1025 1997 modo
1055 1952 1098 1997 ex
1127 1930 1267 2014 quodam
1295 1932 1445 2000 condicto
1468 1932 1555 1999 inter

306 2036 462 2119 homines,
487 2040 573 2124 quod
596 2038 715 2106 dicitur
738 2044 790 2106 ius
813 2042 991 2126 positivum.
1037 2039 1144 2121 Leges
1167 2044 1277 2104 autem
1301 2039 1489 2105 scribuntur
1512 2039 1553 2105 ad

307 2144 473 2232 utriusque
502 2149 586 2212 iuria
616 2148 873 2228 declarationem,
906 2145 1004 2211 aliter
1033 2150 1145 2212 tamen
1169 2150 1203 2211 et
1226 2144 1339 2219 alitem
1370 2167 1447 2212 nam
1469 2144 1554 2227 legis

306 2249 470 2335 scriptura
492 2252 542 2317 ius
559 2252 688 2335 quidem
705 2252 857 2319 naturale
873 2239 1030 2329 continet,
1055 2254 1113 2318 sed
1128 2274 1194 2319 non
1209 2252 1362 2329 instituit,
1386 2272 1451 2317 non
1468 2250 1552 2316 enim

307 2356 529 2425 lrabetrobur
552 2360 702 2443 exlege,
726 2359 784 2424 sed
809 2380 851 2425 ox
875 2363 1010 2427 natura:
1042 2359 1093 2423 ius
1116 2364 1226 2425 autem
1251 2359 1426 2443 positivum
1451 2356 1554 2440 scrip-

306 2466 416 2529 turam
440 2466 523 2547 legis
547 2470 582 2532 et
605 2466 752 2533 continet
775 2470 809 2531 ct
832 2465 986 2541 instituit,
1011 2465 1093 2531 dans
1116 2465 1145 2531 ei
1169 2464 1378 2531 auctoritatis
1400 2463 1555 2530 robur.“¹

308 2569 469 2653 Supponit
491 2571 611 2657 quippe
634 2572 666 2639 S.
690 2574 814 2639 Doctor
837 2574 928 2655 leges
951 2572 1093 2657 scriptas
1116 2576 1228 2654 iustos,
1251 2572 1272 2639 i.
1297 2592 1325 2639 e.
1349 2570 1445 2647 talos,
1470 2590 1554 2651 quae

307 2676 359 2741 vel
384 2676 490 2760 ipsum
514 2678 566 2744 ius
589 2682 729 2745 naturae
753 2679 942 2744 contineant
967 2683 1002 2744 et
1022 2679 1199 2756 declarent,
1224 2678 1275 2743 vel
1293 2699 1335 2743 ex
1350 2680 1460 2743 mente
1475 2676 1555 2741 iuris

309 2786 448 2849 naturae
472 2784 595 2867 aliquid
619 2785 795 2851 secundum
820 2788 944 2851 rectam
969 2784 1129 2851 rationem
1153 2784 1369 2868 praecipiant.
1400 2781 1477 2847 Ideo
1497 2802 1555 2846 ex·

308 2888 430 2973 pressis
453 2891 562 2957 verbis
585 2891 676 2974 leges
700 2896 791 2958 certo
814 2894 953 2958 iniustas
978 2892 1019 2957 ab
1035 2891 1094 2957 illa
1108 2892 1225 2973 regula
1240 2889 1373 2974 excipit,
1398 2887 1554 2954 subdens:

310 2998 511 3077 ,Secundam
538 3020 591 3063 eoa
613 3019 678 3064 noo
702 3020 767 3065 cccc
790 2997 1060 3064 iudicandum.“2

308 3133 378 3205 565.
470 3140 500 3205 4.
532 3138 617 3203 luris
645 3142 771 3224 positivi
801 3143 941 3217 tantum,
972 3158 1038 3202 non
1066 3142 1177 3203 autern
1200 3138 1284 3201 iuris
1307 3133 1499 3218 simpliciter
1522 3135 1556 3198 ct

308 3242 485 3309 universim
509 3245 631 3329 sumpti
656 3248 830 3312 mccntictis
854 3246 997 3310 condicio
1013 3247 1074 3319 est,
1099 3246 1136 3309 ut
1152 3263 1217 3324 qua
1231 3242 1300 3309 tale
1316 3242 1358 3306 ab
1373 3238 1556 3305 hominibus

309 3348 348 3413 de
371 3348 461 3417 facto
485 3356 519 3418 et
542 3356 679 3417 externe
703 3356 911 3435 agnoscatur.
944 3348 996 3415 nd
1012 3348 1092 3414 iuris
1116 3347 1200 3413 enirn
1224 3348 1386 3413 nataralia
1409 3346 1555 3409 valorem

309 3454 439 3535 sufficit,
464 3460 502 3522 ut
525 3458 558 3522 vi
581 3458 753 3524 rationalis
777 3456 910 3533 ordinis,
935 3456 1057 3521 lumine
1075 3454 1214 3521 rationis
1230 3452 1352 3536 cogniti
1369 3457 1403 3519 et
1417 3452 1492 3533 lege
1508 3450 1556 3515 di·

309 3562 386 3628 vina
410 3584 474 3629 non
498 3564 602 3629 solum
625 3565 761 3649 singulis
778 3562 944 3649 privatim,
969 3562 1027 3627 sed
1043 3562 1197 3627 universo
1213 3559 1326 3642 generi
1343 3556 1557 3624 communiter

308 3667 463 3753 impositi,
487 3671 567 3737 illud
583 3672 624 3737 ab
640 3671 788 3737 omnibus
804 3670 937 3753 agnosci
954 3670 1075 3751 debeat,
1099 3671 1140 3733 ne
1154 3688 1213 3751 per
1229 3686 1390 3732 summam
1405 3661 1556 3729 iniuriam

309 3774 473 3843 obiectiva
496 3777 623 3844 iustitia
647 3778 797 3843 violetur.
823 3816 867 3825 —
893 3776 937 3842 Et
959 3796 1078 3841 revera
1102 3774 1202 3841 etiam
1227 3775 1266 3839 dc
1287 3772 1375 3855 furto
1397 3770 1483 3836 inter
1498 3768 1556 3833 ho·

309 3880 413 3947 mines
437 3884 651 3949 communiter
674 3883 823 3965 agnitum
846 3882 963 3948 merito
979 3881 1012 3946 id
1030 3902 1126 3946 omne
1142 3878 1268 3945 censeri
1283 3877 1390 3951 debet,
1414 3876 1455 3939 ad
1472 3872 1557 3957 quod

403 4156 457 4211 ¹8.
476 4156 559 4210 theol.
577 4156 602 4219 2,
621 4155 646 4219 2,
665 4172 691 4224 q.
711 4155 754 4217 60,
773 4170 798 4207 a.
818 4154 843 4206 5.

399 4244 504 4311 ¹,Lex
531 4244 634 4314 scripta
659 4243 731 4297 sicut
755 4258 808 4295 non
835 4240 882 4294 dat
907 4239 989 4293 robur
1014 4239 1067 4293 iuri
1085 4239 1220 4302 naturali,
1247 4239 1286 4291 ita
1311 4254 1362 4289 neo
1388 4237 1480 4305 potest
1499 4234 1558 4287 eius

311 4334 393 4387 robur
411 4333 532 4387 minuere
546 4332 591 4387 vel
610 4334 726 4394 auferre.
746 4332 810 4400 quie
829 4347 879 4383 nec
893 4328 1020 4383 voluntas
1033 4328 1149 4381 hominis
1162 4330 1254 4397 potest
1265 4326 1410 4379 immutare
1423 4326 1557 4377 naturam.

311 4422 347 4475 Et
364 4422 425 4475 ideo
443 4421 467 4475 si
486 4422 622 4491 scripturn
646 4420 716 4489 legis
736 4420 874 4473 contineat
899 4416 1001 4486 aliquid
1028 4419 1122 4470 contra
1147 4416 1190 4470 ius
1215 4413 1354 4474 naturale,
1380 4412 1481 4465 iniusta
1507 4413 1557 4474 est,

310 4509 461 4564 nechabet
480 4511 536 4563 vim
555 4508 762 4577 obligandi...
799 4507 833 4559 Et
852 4506 912 4560 ideo
931 4522 982 4559 neo
999 4505 1070 4559 tales
1089 4506 1242 4574 scripturae
1260 4502 1337 4569 leges
1355 4500 1490 4563 dicuntur,
1509 4499 1558 4552 sed

312 4601 403 4669 potius
422 4599 491 4667 legis
511 4598 759 4668 corruptiones...
780 4599 808 4649 et
833 4595 892 4649 ideo
911 4596 1056 4649 secundum
1081 4610 1126 4647 eas
1144 4610 1199 4646 non
1217 4600 1254 4645 eat
1272 4587 1478 4655 iudicandum“,
1498 4586 1515 4641 l.
1534 4604 1557 4641 c.

311 4690 366 4742 a.5
386 4688 419 4741 od
435 4690 457 4742 l.
479 4718 511 4725 -
530 4689 576 4741 Ex
595 4688 707 4739 aduerso
725 4684 879 4739 audivimus
900 4683 938 4752 (v.
956 4701 983 4737 n.
996 4683 1061 4751 553)
1077 4684 1154 4736 Stohl
1173 4682 1323 4735 dicentem:
1343 4677 1380 4731 lle
1401 4676 1490 4743 ,kann
1509 4675 1558 4729 das

314 4776 453 4847 (positive)
475 4776 563 4831 Recht
582 4774 715 4844 geradezu
735 4775 761 4827 in
779 4772 956 4827 Widerstroit
973 4774 1063 4825 treton
1083 4788 1171 4838 gagen
1185 4770 1282 4823 Gottes
1294 4766 1515 4833 Woltordnung.
1530 4805 1557 4818 ..

312 4865 366 4919 und
385 4866 454 4919 auct
474 4868 503 4919 in
522 4868 608 4919 dieser
624 4865 809 4933 gottwidripen
828 4862 1040 4928 Boachaffenheit
1066 4860 1152 4913 tacu
1171 4860 1222 4911 doc
1239 4858 1320 4911 Rccht
1338 4859 1396 4909 sein
1415 4855 1559 4907 uincentes

313 4954 518 5019 laetemur)
557 4952 670 5008 Rechts·
695 4952 749 5005 und
775 4950 1006 5015 Steatslahre,'l,
1031 4950 1057 5003 2.
1077 4947 1167 5011 Buch,
1194 4946 1265 5014 §12
1293 4945 1331 5015 (p.
1351 4943 1433 5011 221);
1461 4942 1496 4995 ct.
1522 4941 1558 4994 ib.

312 5043 329 5110 ὅ
351 5042 373 5109 1,
393 5060 419 5112 p.
440 5042 499 5096 194.
