3909 5842
483 680 523 734 De
541 680 595 734 fine
613 679 731 734 hominis
749 683 877 749 respectu
894 678 1049 749 praesentis
1068 677 1143 732 vitae
1161 694 1294 747 supremo.
1466 678 1508 742 59

263 858 339 917 idem
367 856 521 915 dicendum
549 875 617 915 esse
644 861 745 915 monet
764 857 938 932 Suaresius,
965 854 1015 914 ubi
1044 854 1080 914 de
1101 855 1166 914 sola
1186 856 1360 915 beatitudine
1378 855 1511 914 naturali

264 960 379 1031 agatur,
418 954 516 1014 Huius
544 973 671 1030 namque
698 953 859 1014 essentiam
887 952 1006 1013 omuino
1035 961 1059 1013 et
1087 956 1119 1011 iu
1139 955 1296 1030 munitioris
1315 962 1342 1012 et
1362 956 1393 1011 iu
1413 971 1510 1011 umore

265 1054 318 1112 Dei
338 1052 429 1112 sitam
449 1072 516 1112 esse
537 1052 623 1117 dicit,
655 1052 694 1111 ad
715 1052 793 1127 quod
813 1050 998 1128 probandum
1020 1050 1154 1127 inprimis
1175 1050 1231 1109 hoc
1252 1050 1316 1109 iere
1336 1052 1510 1123 argumento

265 1150 372 1208 utitur:
394 1150 436 1209 Ut
457 1148 588 1225 cognitio
608 1168 662 1226 per
682 1168 716 1209 se
737 1149 802 1207 sola
823 1148 881 1207 dici
902 1147 1000 1225 possit
1019 1147 1185 1207 formaliter
1205 1146 1398 1205 beatitudinis
1412 1164 1512 1204 essen-

264 1248 333 1306 tiam
354 1248 548 1319 constituere,
570 1265 696 1305 necesse
718 1250 774 1317 est,
797 1251 831 1305 ut
844 1246 897 1304 illa
911 1264 1040 1303 amorem
1054 1248 1204 1321 tamquam
1220 1245 1393 1304 attributum
1409 1262 1510 1303 neees-

266 1345 342 1403 sario
364 1364 549 1421 consequeus
571 1363 671 1403 secum
692 1344 815 1414 afferat;
837 1341 913 1401 alias
929 1341 1006 1401 euim
1022 1341 1140 1400 evenire
1155 1345 1267 1417 posset,
1288 1346 1322 1399 ut
1336 1340 1509 1410 subiectum,

265 1442 333 1501 licet
353 1448 424 1501 actu
443 1442 641 1501 intellectuali
661 1441 785 1517 physice
805 1442 987 1517 perfeetum,
1015 1444 1165 1515 tamquam
1187 1459 1237 1498 eus
1256 1440 1380 1513 munte,
1401 1442 1510 1507 tamen,

265 1538 282 1597 i.
303 1558 327 1598 e.
349 1540 511 1599 secundum
531 1539 726 1609 voluntatem,
747 1542 868 1597 maneat
888 1536 1095 1614 imperfectum
1116 1554 1211 1611 neque
1226 1536 1290 1593 Deo
1312 1534 1510 1593 coniunctum.

265 1638 326 1696 lam
346 1656 420 1696 vero
447 1638 507 1697 iste
529 1636 719 1696 neeemarius
740 1654 836 1695 nexus
858 1654 924 1693 curn
946 1653 1046 1693 amore
1068 1634 1123 1692 Dei
1144 1634 1278 1711 perlecto
1299 1632 1402 1709 procul
1423 1629 1511 1689 dubio

265 1735 380 1809 quidem
401 1735 543 1795 convenit
558 1734 780 1812 supernaturali
793 1733 904 1793 visioni
918 1733 984 1803 Dei,
1006 1751 1065 1791 non
1080 1736 1142 1790 tam
1157 1736 1239 1790 certo
1254 1734 1285 1788 et
1298 1748 1351 1807 per
1366 1748 1398 1788 se
1413 1726 1511 1803 cogni·

265 1833 337 1891 tioni
357 1832 414 1891 Dei
436 1838 552 1893 mutum
573 1832 754 1893 naturaliter
779 1832 941 1909 perfectae.
986 1828 1076 1903 „Quis
1098 1830 1176 1888 enim
1198 1826 1307 1899 dicat‘,
1338 1826 1396 1899 ait,
1427 1825 1510 1899 „dae-

265 1950 379 1990 monem
406 1950 474 1991 esse
503 1930 705 1990 essentialiter
725 1932 844 1989 beatum
865 1927 997 1987 naturali
1017 1925 1217 1996 beatitudine,
1245 1924 1315 2001 quia
1335 1924 1426 1983 habet
1446 1940 1510 1999 per·

264 2027 371 2086 fecum
392 2027 593 2101 cognitionem
613 2027 781 2087 naturalem
800 2024 866 2097 Dei,
889 2044 954 2083 cum
976 2043 1036 2083 nou
1058 2024 1168 2081 habeat
1189 2021 1355 2081 amorem?“
1371 2026 1379 2055 ¹

711 2206 954 2275 articulus
977 2206 1013 2273 4.

414 2344 465 2409 De
485 2344 550 2427 fine
572 2344 710 2409 hominis
731 2349 873 2427 respectu
894 2343 1073 2426 praesentia
1096 2343 1177 2405 uitae
1201 2360 1356 2425 cupreae.

267 2482 312 2553 75.
398 2484 488 2549 Finis
511 2483 651 2549 hominis
674 2484 807 2550 ultimus
831 2482 991 2565 siquidem
1014 2480 1142 2547 nonnisi
1165 2480 1198 2545 in
1219 2480 1290 2547 vita
1312 2480 1425 2545 futura
1447 2480 1508 2545 im·

267 2590 395 2656 mortali
425 2589 572 2674 perfecte
601 2590 848 2673 consequendus
877 2588 1088 2674 proponitur,
1118 2608 1271 2671 quaeres:
1303 2585 1384 2663 Quid
1408 2586 1509 2668 igitur

267 2697 427 2761 naturalis
449 2696 662 2780 perfectionis
686 2717 725 2761 ac
748 2695 918 2762 felicitatis
941 2695 1055 2773 homo,
1087 2694 1162 2759 dum
1186 2693 1219 2758 in
1242 2692 1305 2758 hae
1328 2692 1399 2759 vita
1422 2714 1509 2758 mor·

268 2802 324 2867 tali
335 2803 578 2887 peregrinatur,
591 2824 635 2867 ex
643 2805 784 2868 naturae
794 2801 1014 2868 destinatione
1028 2800 1090 2866 sibi
1104 2799 1365 2881 consequendum
1377 2799 1509 2877 habeat,

268 2906 362 2988 quive
386 2908 528 2974 hominis
549 2908 623 2975 finis
639 2908 684 2974 sit
698 2912 850 2993 respectu
867 2908 963 2973 huius
979 2906 1069 2973 vitae
1086 2908 1279 2990 supremus?
1295 2940 1339 2950 —
1355 2904 1509 2981 Quaestio

268 3033 345 3078 sane
374 3034 420 3079 ex
448 3015 639 3098 praemissis
667 3015 733 3082 iam
763 3036 823 3099 per
846 3036 882 3080 se
905 3015 1005 3099 plana
1029 3018 1063 3080 et
1086 3013 1242 3096 liquidam
1266 3032 1377 3076 secum
1400 3012 1510 3076 ferens

268 3120 478 3199 solutionem
502 3125 538 3188 at
562 3124 614 3187 vel
637 3122 711 3187 ideo
734 3143 799 3187 non
815 3121 946 3187 omuino
961 3119 1265 3205 praetermittenda,
1290 3118 1375 3200 quod
1392 3139 1510 3201 oppor-

268 3230 378 3292 tunam
395 3228 600 3294 occasionem
616 3228 815 3312 suppeditat,
832 3228 1021 3294 universam
1038 3228 1077 3292 de
1093 3227 1157 3291 fine
1173 3224 1313 3291 hominis
1329 3223 1510 3290 doctrinam

270 3331 309 3396 ad
330 3333 514 3416 practicum
537 3334 701 3417 quoddam
725 3334 952 3417 compendium
976 3332 1160 3415 colligendi.

354 3440 473 3518 Homo,
493 3440 765 3521 quemadmodum
782 3440 960 3505 secundum
976 3438 1180 3504 totalitatem
1197 3438 1441 3511 emanaturas,
1465 3433 1512 3499 ita

270 3544 365 3610 etiam
389 3546 567 3612 secundum
583 3551 689 3613 totam
714 3547 921 3612 durationem
944 3566 1024 3611 suae
1048 3542 1263 3610 exsistentiae
1287 3542 1329 3607 ad
1352 3540 1385 3605 id
1407 3539 1514 3624 ipsum

270 3651 465 3718 naturaliter
494 3653 664 3720 ordinetur
686 3672 821 3718 necesse
844 3656 913 3731 est,
945 3651 1032 3735 quod
1055 3648 1248 3733 simpliciter
1270 3646 1420 3713 ultimum
1445 3646 1515 3711 eius

271 3758 362 3822 finem
386 3779 461 3823 esse
484 3759 792 3825 demonstravimus.
823 3757 900 3823 Non
922 3758 1025 3839 igitur
1048 3756 1132 3821 alius
1154 3754 1228 3821 finis
1251 3752 1374 3819 homini
1397 3752 1429 3817 in
1454 3752 1515 3817 hac

271 3864 346 3942 vita,
372 3865 458 3930 alius
473 3864 507 3930 in
522 3866 637 3933 futura
651 3865 855 3949 proponitur,
880 3864 939 3929 sed
955 3864 1087 3928 diversa
1103 3864 1234 3927 tantum
1251 3860 1292 3925 ad
1309 3880 1408 3924 uuum
1424 3858 1514 3923 illum

272 3973 303 4034 et
330 3970 542 4038 essentialem
565 3973 662 4037 finem
686 3974 856 4037 subtantiae
886 3970 1039 4035 tabitudo
1062 3990 1122 4053 pro
1146 3968 1276 4032 diverso
1301 3964 1514 4031 exsistentiae

272 4076 374 4142 stadio
400 4077 632 4161 distinguenda
648 4081 708 4143 est.
740 4077 903 4143 Nimirum
920 4076 1017 4141 aliter
1034 4076 1106 4157 quis
1122 4074 1163 4139 ad
1186 4075 1283 4138 finem
1307 4092 1381 4137 sese
1403 4071 1513 4144 habet,

273 4182 344 4249 dnm
359 4184 395 4249 in
411 4184 482 4250 eius
505 4184 602 4268 plena
626 4182 833 4248 assecutione
856 4180 996 4263 quiescit
1011 4179 1080 4263 (,,ἰιι
1097 4176 1289 4259 termino“);
1314 4176 1420 4253 aliter,
1438 4176 1514 4241 dum

277 4290 324 4365 ‚iu
346 4292 420 4357 via‘
448 4291 491 4357 ad
514 4311 587 4356 eum
611 4290 874 4372 consequendum
897 4290 1061 4353 versatur.
1104 4285 1200 4352 Unde
1224 4285 1266 4350 ad
1290 4282 1514 4366 quaestionem

274 4397 472 4479 propositam
494 4417 548 4461 res
569 4396 643 4480 ipsa
665 4396 727 4461 hoo
750 4416 849 4460 unum
873 4414 1067 4477 responsum
1091 4390 1256 4457 admittit:

358 4518 591 4585 Conclusio.
639 4519 733 4584 Finis
757 4520 921 4604 promenti
943 4519 1026 4581 vitoe
1049 4519 1084 4581 iu
1106 4515 1299 4601 particulari
1322 4510 1516 4595 respondeus

275 4631 351 4690 tetus
379 4630 413 4692 in
442 4628 544 4691 libera
574 4634 600 4690 et
624 4628 770 4711 practica
792 4626 1008 4710 prosecutione
1030 4621 1105 4705 fiais
1129 4622 1234 4687 ultimi
1256 4622 1291 4685 iu
1315 4620 1380 4683 uita
1401 4616 1516 4698 futuro

272 4733 358 4814 dene
387 4733 578 4817 mamueudi
607 4734 768 4812 consistit;
799 4752 869 4812 eeu,
900 4731 984 4815 quod
1014 4731 1098 4794 idem
1129 4729 1224 4793 dicit:
1253 4728 1289 4790 iu
1318 4724 1414 4789 iibere
1439 4744 1517 4807 pro·

275 4838 431 4920 sequenda
460 4845 499 4919 et,
529 4844 685 4923 querutum
714 4838 812 4901 huius
839 4838 921 4900 uitae
948 4836 1090 4900 condicio
1116 4834 1191 4916 fert,
1222 4832 1395 4896 incohetiue
1425 4831 1516 4893 etiam

361 5010 369 5041 ¹
391 5012 495 5063 Suam
512 5008 531 5063 1.
551 5026 574 5062 c.
594 5008 662 5077 disp.
684 5009 726 5071 15,
744 5010 811 5061 sect.
833 5010 857 5069 1,
876 5007 893 5075 ἕ
912 5006 990 5060 5-6.
