3909 5842
855 642 1023 714 Conspectus
1041 660 1141 697 rerum.

480 822 566 873 totam
577 819 725 874 voluntarii
737 820 878 883 rationem.
893 837 964 889 quae
973 820 999 874 ei
1011 820 1091 885 inest,
1104 819 1210 874 sufficet
1222 818 1421 887 „voluntarium
1434 818 1497 872 sim·

481 906 614 977 pliciter‘,
633 908 693 979 ipsa
712 914 822 972 causet;
848 926 937 979 nequo
954 926 1004 979 per
1022 925 1053 963 se
1071 907 1204 962 rationem
1223 906 1301 961 liberi
1321 906 1402 971 tollit,
1423 906 1497 960 varia

481 1001 573 1051 nmen
592 1015 641 1068 pro
660 997 796 1052 adiunctis
813 998 935 1052 minnere
953 1000 1044 1068 potest
1088 1036 1496 1051 ......

521 1087 674 1140 Corollaria
684 1126 1498 1141 ...........

517 1177 647 1229 Notuudo
664 1177 702 1228 od
718 1178 857 1229 solvendas
875 1178 1047 1243 difficultates
1088 1216 1496 1229 ......

484 1282 544 1349 §d
575 1281 616 1335 De
635 1281 773 1337 habitibus

535 1370 568 1425 A.
588 1370 628 1425 De
646 1374 745 1425 natura
763 1370 906 1425 habituum
927 1412 1497 1425 ........

537 1459 569 1511 Β.
587 1458 628 1512 De
646 1458 753 1513 influxu
770 1458 913 1512 habituum
932 1459 1112 1513 iurationem
1133 1458 1280 1512 voluntarii
1299 1462 1328 1513 ct
1345 1458 1424 1513 liberi
1490 1500 1496 1512 .

410 1573 513 1629 'l'hesls
524 1573 605 1629 xlv.
631 1573 749 1627 Habitus
761 1573 790 1626 in
801 1577 874 1638 actu,
893 1574 940 1641 qui
958 1574 992 1627 ab
1012 1573 1070 1643 ipso
1089 1574 1219 1643 procedit,
1239 1590 1287 1643 per
1305 1590 1336 1627 ee
1355 1577 1437 1642 auget
1455 1591 1497 1628 ra·

482 1661 584 1716 tionem
602 1660 763 1724 voluntarii3
782 1661 915 1715 rationem
933 1660 1013 1715 liberi
1031 1664 1123 1715 autom
1141 1662 1182 1715 ita
1199 1664 1307 1715 tantum
1329 1662 1448 1730 attingit,
1467 1667 1499 1716 ut

481 1751 584 1803 intacto
602 1749 687 1803 libero
705 1748 845 1813 indirecto,
864 1748 1038 1817 aliquatenus
1056 1750 1178 1803 minuere
1197 1750 1284 1819 possit
1302 1748 1435 1803 directum
1488 1790 1496 1823 .·

588 1896 664 1952 hibor
681 1895 810 1952 mundns
845 1896 881 1951 Do
900 1896 1035 1953 attributis
1053 1896 1190 1953 moralibus
1208 1898 1282 1953 cutm
1299 1896 1410 1952 hanani.

519 2008 651 2075 Prolopuo
687 2046 1497 2061 ...........

803 2166 899 2235 caput
916 2166 938 2221 1.
974 2136 1196 2220 aemoniae.

448 2281 642 2335 Articulus
663 2283 686 2336 1.
723 2281 763 2335 De
782 2281 938 2336 moralitate
957 2282 985 2335 in
1004 2298 1105 2349 genere
1170 2322 1175 2334 .
1251 2323 1256 2333 .
1293 2344 1295 2348 ¹
1331 2323 1336 2334 .
1411 2323 1416 2333 .
1492 2322 1497 2333 .

483 2372 544 2439 51.
575 2370 615 2425 De
633 2374 733 2424 natura
750 2370 914 2425 moralitatis
927 2410 1497 2423 ........

483 2462 500 2527 ξ
519 2459 545 2513 2.
575 2459 728 2513 Essentiale
742 2459 886 2513 discrimen
899 2459 970 2512 inter
983 2459 1082 2513 bonum
1096 2463 1124 2513 et
1136 2458 1238 2513 malum
1251 2458 1352 2513 morale
1366 2459 1499 2513 asseritur

409 2574 514 2629 Thesls
532 2574 598 2629 XV.
636 2573 748 2627 Praeter
773 2573 945 2627 honestatem
965 2576 1014 2627 aut
1033 2572 1233 2627 inhonestatem
1252 2572 1408 2643 positivam,
1428 2589 1498 2641 quae

483 2661 577 2715 multis
596 2661 748 2715 actionibus
765 2665 873 2715 tantum
892 2662 1078 2725 extrinsecus,
1102 2662 1229 2715 nimirum
1249 2666 1446 2730 consequenter
1464 2660 1498 2714 ad

482 2748 554 2816 legis
571 2766 694 2803 normam
712 2748 797 2803 libere
815 2749 954 2803 inductam
973 2750 1119 2804 convenire
1135 2753 1229 2821 possit,
1249 2750 1304 2804 alia
1316 2753 1409 2804 exstat
1421 2754 1498 2804 natu·

485 2836 560 2902 ralis,
579 2855 649 2906 quae
667 2837 804 2892 nonnullis
817 2839 969 2893 actionibus
987 2840 1027 2893 ita
1039 2838 1205 2893 intrinsecus
1217 2838 1349 2905 inhaeret,
1368 2842 1400 2893 ut
1412 2856 1429 2893 a
1441 2838 1499 2893 nul·

482 2924 538 2979 lius
555 2925 714 2990 voluntatis,
733 2943 767 2979 ne
786 2926 895 2981 divinae
914 2927 1037 2996 quidem,
1057 2928 1170 2982 arbitrio
1188 2926 1327 2981 ullatenus
1346 2927 1498 2997 dependeat

518 3016 673 3069 Scholium:
691 3014 780 3070 Grotii
799 3016 833 3069 de
850 3016 903 3071 hac
920 3034 951 3070 re
969 3016 1107 3071 sententia

483 3120 501 3187 ἕ
520 3120 544 3173 3.
575 3118 616 3173 De
634 3120 740 3174 ratione
758 3120 914 3189 ontologica
932 3122 1032 3176 interni
1051 3122 1216 3177 discriminis
1229 3122 1340 3176 moralis
1353 3122 1499 3181 actionum,

577 3226 626 3263 seu
645 3209 678 3263 de
699 3210 847 3281 ‚principio
865 3210 1044 3265 moralitatis*
1091 3250 1498 3266 ......

536 3298 569 3351 A.
588 3298 814 3369 Philosophorum
833 3299 861 3352 in
879 3300 1026 3354 statuendo
1047 3300 1195 3371 „principio
1220 3301 1400 3355 moralitatis“
1422 3300 1499 3354 diesi·

590 3384 664 3439 dium
684 3428 1012 3442 .....
1037 3387 1039 3393 ’
1087 3430 1495 3443 ......

571 3492 592 3545 l.
612 3492 751 3562 Principia
769 3493 933 3547 moralitatis
951 3494 1183 3549 eudaemoniatioa
1250 3535 1256 3547 .
1330 3536 1336 3548 .
1411 3537 1416 3549 .
1492 3538 1497 3549 .

610 3581 634 3634 1.
651 3578 896 3635 Eudaemonismus
913 3580 1084 3635 subiectivus
1102 3599 1152 3637 sou
1170 3580 1348 3637 individualis
1412 3624 1418 3637 .
1493 3626 1498 3637 .

643 3669 671 3735 a)
692 3668 912 3739 Epicoraeismus
930 3670 1042 3724 moralis
1089 3712 1499 3725 ......

644 3757 673 3826 b)
694 3758 893 3814 Utilitarismus
911 3759 1087 3813 individualis

678 3846 841 3901 Aristoteles
852 3888 1498 3903 .........

609 3953 634 4005 2.
654 3952 897 4007 Eudaemonismus
915 3953 1025 4007 socialis

644 4040 673 4108 a)
694 4040 873 4111 Empirismue
891 4041 1003 4095 moralis

644 4128 674 4198 b)
691 4128 858 4198 Principium
876 4130 1040 4184 socialitatis
1059 4128 1338 4183 Puiendorlianum.
1412 4174 1418 4184 .
1493 4174 1498 4185 .

644 4218 670 4285 c)
691 4217 888 4273 Utilitarismus
910 4218 1021 4273 socialis
1045 4236 1062 4271 a
1083 4220 1210 4273 moderno
1232 4218 1432 4288 „positivismo‘¹
1454 4238 1499 4275 ex·

608 4414 633 4467 3.
653 4413 752 4467 Ethica
770 4415 961 4484 progressivae
979 4414 1155 4483 perfectionis
1174 4414 1309 4467 humanae
1332 4454 1337 4467 .
1412 4458 1418 4468 .
1493 4459 1498 4469 .

644 4500 671 4569 a)
693 4501 791 4555 Schola
811 4501 1094 4555 Leihnizio·Wolfiana

645 4591 674 4658 b)
690 4590 830 4659 uerguson
850 4632 1499 4647 .........

574 4697 607 4750 Il.
626 4697 764 4768 Principia
782 4698 946 4752 moralitatis
964 4698 1338 4767 dcontologioo-rationelia.
1413 4742 1418 4753 .
1493 4742 1498 4754 .

609 4788 633 4841 1.
652 4786 791 4858 Principia
810 4787 1153 4855 deontologicorationalia
1172 4806 1240 4858 pura
1262 4806 1311 4843 seu
1331 4794 1499 4858 exaggerate
1529 4825 1531 4828 .

644 4877 673 4944 a)
693 4877 860 4947 Principium
880 4882 1004 4932 veterum
1023 4879 1170 4932 stoicorum
1252 4921 1257 4931 .
1332 4919 1337 4931 .
1412 4921 1418 4932 .
1492 4922 1497 4933 .

644 4966 673 5034 b)
691 4966 858 5037 Principium
877 4966 987 5021 scholae
1007 4966 1159 5021 Kantianae
1173 5008 1499 5021 .....

1575 3212 1629 3267 123

1572 3389 1628 3445 124

1572 3496 1626 3551 126

1573 3584 1627 3639 126

1573 3672 1626 3727 126

1575 3761 1626 3815 129

1574 3850 1626 3904 130

1574 3956 1623 4010 131

1574 4046 1622 4099 131

1575 4130 1624 4185 133

1575 4310 1626 4364 134

1574 4418 1624 4472 139

1575 4506 1624 4559 140

1574 4594 1622 4647 141

1574 4702 1622 4755 141

1574 4791 1624 4845 142

1573 4879 1624 4933 142

1575 4967 1624 5022 143
