3909 5842
729 675 769 730 De
792 677 939 746 ,principio
957 676 1146 733 moralitatte‘.
1495 685 1557 749 157

308 863 381 936 180.
471 857 628 940 Thetis
654 856 796 942 XVII.
838 883 889 946 llx
911 883 1054 950 adverso
1075 885 1233 949 similiter
1253 886 1486 964 reprobandus
1507 893 1560 951 est

310 978 490 1041 moralis
512 979 764 1042 stoielsmus
785 997 807 1043 a
827 981 953 1044 Kantio
973 984 1212 1046 resuscitatus.

402 1111 573 1185 Probatur.
618 1115 749 1200 Duplex
773 1117 924 1201 capitalis
947 1138 1039 1184 error
1062 1119 1255 1203 principium
1271 1121 1470 1188 moralitatis
1485 1121 1559 1187 huic

310 1221 487 1304 systemati
511 1223 677 1306 proprium
701 1223 808 1291 vitiat.
854 1226 940 1290 Nom

314 1395 317 1400 -
407 1359 434 1422 l.
459 1353 718 1421 Fundamentum
741 1356 879 1437 forrncle
895 1356 1079 1423 honestatis
1095 1363 1129 1424 et
1145 1358 1372 1437 inhonestatis,
1397 1362 1482 1443 quod
1500 1381 1559 1446 pu·

310 1459 443 1526 rissime
466 1481 502 1525 se
525 1460 677 1544 attigisse
694 1462 835 1528 Kantius
850 1463 1023 1546 gloriatur,
1047 1484 1107 1548 per
1122 1485 1158 1529 se
1173 1463 1374 1530 insufficiens
1390 1471 1424 1530 et
1439 1467 1558 1533 falsum

311 1573 374 1634 est.
422 1567 526 1634 Recte
557 1567 685 1650 quidem
714 1573 748 1634 et
772 1568 842 1652 ipse
865 1569 1032 1636 intellexit
1054 1570 1144 1647 illud,
1176 1570 1238 1635 nisi
1261 1591 1379 1654 perse
1404 1573 1560 1653 ,absoluti

311 1672 454 1740 ualeris“
479 1674 533 1754 sit,
557 1673 724 1740 sufficiens
748 1679 783 1740 et
805 1696 919 1741 verum
944 1697 1017 1742 esse
1033 1697 1098 1740 non
1114 1696 1226 1759 pcsse;
1250 1677 1284 1740 in
1301 1698 1339 1742 ec
1355 1681 1466 1744 autem
1482 1701 1558 1762 gra·

311 1781 447 1847 vissime
470 1785 571 1857 errat,
596 1781 681 1862 quod
705 1781 791 1846 hunc
813 1781 955 1848 absoluti
972 1781 1095 1847 valoris
1111 1783 1336 1847 characterem
1351 1793 1490 1852 naturae
1505 1811 1559 1852 ra·

310 1891 427 1954 tioncli
450 1909 507 1954 seu
530 1887 650 1954 rationi
673 1887 836 1954 humanae
859 1890 1020 1966 attribuit,
1052 1889 1085 1953 in
1115 1909 1219 1971 eaque
1243 1894 1279 1956 ut
1301 1893 1369 1970 toti,
1394 1895 1559 1976 praescin-

312 1997 420 2062 dendo
451 1998 492 2062 ab
522 1995 609 2062 omni
639 1997 709 2062 eius
739 1998 899 2064 relatione
929 1998 970 2064 ad
1000 1999 1117 2076 Deum,
1148 1997 1395 2064 fundamentum
1425 2001 1559 2066 moralis

311 2103 509 2169 discriminis
543 2103 727 2170 formaliter
760 2107 904 2170 altimum
938 2109 973 2172 et
1005 2106 1181 2170 ahsolutum
1216 2106 1396 2172 constituit.
1450 2106 1558 2172 Philo-

311 2211 462 2295 sophum,
493 2210 548 2292 qui
578 2215 722 2276 ceterum
752 2231 858 2292 neque
890 2211 1035 2277 atheista
1064 2231 1169 2293 neque
1193 2209 1381 2295 pantheista
1405 2232 1477 2277 esse
1500 2235 1559 2277 vo-

311 2317 383 2394 luit,
408 2315 556 2400 profecto
573 2317 710 2383 dedecet
725 2338 790 2385 non
814 2317 1010 2396 advertisse,
1035 2316 1191 2400 quidquid
1214 2317 1356 2383 absoluti
1379 2319 1502 2384 valoris
1526 2321 1558 2385 in

311 2423 442 2489 ratione
473 2433 581 2489 crecta
611 2423 804 2508 reperiatur,
835 2423 869 2488 id
899 2429 1007 2491 totum
1034 2447 1094 2510 per
1122 2446 1156 2489 re
1184 2409 1361 2489 relativum
1385 2445 1458 2490 esse
1481 2429 1558 2492 eto

311 2534 436 2596 ratione
466 2532 610 2596 increata
642 2531 828 2610 derivatum,
860 2529 952 2598 cuius
982 2529 1039 2596 illa
1067 2530 1172 2594 solum
1195 2530 1374 2596 similitudo
1398 2535 1433 2598 et
1454 2531 1560 2597 fidelis

310 2658 433 2723 praeco
464 2641 524 2702 est.
571 2635 635 2702 Sed
666 2637 707 2702 de
733 2637 795 2702 hoo
826 2657 936 2702 errore
960 2635 1119 2702 kantiano
1142 2636 1248 2702 fusius
1271 2636 1336 2703 alio
1359 2637 1392 2702 iu
1416 2637 1486 2702 loco
1510 2637 1558 2703 di·

311 2745 451 2810 cendum
475 2747 597 2808 manet.

404 2861 434 2926 2.
460 2858 632 2924 criterium
655 2858 854 2925 moralitatis
877 2879 975 2943 super
992 2859 1106 2924 eodem
1122 2858 1335 2925 fundamento
1352 2864 1496 2926 erectum
1517 2881 1559 2925 ne

311 2967 523 3030 materialiter
553 2965 683 3047 quidem
706 2987 821 3032 verum
846 2969 907 3032 est.
955 2966 1139 3032 Secundum
1161 2966 1275 3032 Kantii
1299 2966 1490 3045 doctrinam,
1521 2973 1559 3034 ut

310 3069 482 3136 moraliter
505 3071 590 3136 bona
613 3071 657 3136 sit
680 3072 777 3148 actio,
802 3071 989 3153 requiritur,
1014 3077 1132 3138 utnon
1149 3071 1253 3136 solum
1270 3071 1346 3154 legi,
1370 3072 1391 3138 i.
1408 3094 1436 3138 e.
1454 3073 1558 3138 dicta-

311 3176 391 3242 mini
421 3175 558 3242 rationis
588 3177 763 3243 conformis
793 3177 846 3255 sit,
877 3177 935 3242 sed
966 3177 1066 3243 etiam
1094 3199 1175 3262 pure
1203 3199 1241 3244 ec
1262 3179 1360 3242 haiae
1382 3182 1557 3244 reverentia

311 3286 387 3360 liat;
413 3289 548 3349 eatenus
572 3284 707 3367 proinde
731 3307 751 3348 c
775 3287 891 3350 morali
914 3285 1051 3350 bonitate
1067 3285 1198 3368 deficere
1213 3285 1376 3350 censenda
1392 3289 1452 3361 est,
1477 3307 1558 3367 qua-

311 3396 409 3456 tenus
433 3413 497 3456 neh
517 3413 600 3477 pure
623 3411 666 3456 ex
688 3389 751 3456 hac
775 3389 972 3466 reverentia,
1003 3390 1062 3455 sed
1091 3391 1187 3454 simul
1211 3394 1346 3474 propter
1367 3392 1465 3456 finem
1487 3413 1558 3457 ma-

312 3495 475 3574 terialem,
507 3497 528 3562 i.
553 3517 581 3564 e.
613 3497 653 3562 ab
685 3497 747 3562 hac
779 3495 911 3561 formali
942 3495 1130 3561 reverentia
1163 3496 1339 3573 diversum,
1372 3496 1557 3580 suscipitur.

311 3605 413 3689 Atqui
436 3602 592 3669 eiusmodi
615 3602 750 3668 moralis
772 3602 946 3685 puriemus,
977 3601 1056 3668 dato
1087 3602 1197 3680 etiam,
1228 3601 1286 3667 sed
1316 3623 1381 3666 non
1403 3602 1556 3681 adurisso,

312 3710 399 3792 quod
429 3710 618 3792 ceteroquin
648 3709 862 3776 fundamento
892 3709 1077 3776 formaliter
1105 3714 1199 3775 recto
1228 3708 1365 3788 nitatur,
1396 3730 1556 3776 summum

312 3820 412 3898 atque
441 3815 581 3882 idealem
611 3815 744 3882 moralis
774 3815 986 3900 perfectionis
1012 3815 1151 3898 gradum
1175 3836 1248 3880 cum
1272 3815 1386 3880 morali
1410 3815 1558 3883 bonitate

312 3922 501 4000 universim,
533 3921 714 3988 bonitatem
738 3923 895 3988 moralem
918 3922 1096 3988 secundum
1120 3921 1259 4003 gradum
1282 3921 1423 3986 relative
1444 3922 1558 3988 inferi·

311 4049 400 4094 orem
426 4033 595 4112 acceptam
620 4049 692 4093 cum
716 4028 832 4093 morali
855 4027 1065 4094 aberratione
1080 4028 1258 4109 confundit,
1282 4031 1382 4110 atque
1397 4028 1447 4092 ita
1461 4028 1556 4093 simul

311 4138 477 4220 cumipse
504 4143 625 4200 notura
656 4137 811 4201 rationali
838 4143 971 4221 pupnot,
1003 4156 1101 4217 quam
1124 4135 1276 4200 absoluta
1299 4134 1487 4200 reverentia
1509 4134 1557 4200 di·

312 4261 411 4322 gnam
435 4260 508 4305 esse
530 4241 713 4323 profitetur.
759 4240 812 4304 Ad
835 4245 988 4306 naturam
1017 4239 1102 4304 enim
1133 4239 1233 4305 etiam
1263 4241 1462 4322 rationalem,
1492 4259 1558 4303 non

312 4347 417 4413 solum
441 4345 483 4412 ad
507 4345 709 4426 sensitivam,
733 4346 878 4430 pertinet
901 4348 1030 4412 tendere
1052 4349 1087 4411 in
1111 4348 1226 4412 tonum
1247 4348 1310 4411 eibi
1332 4367 1505 4429 rooqrunm
1530 4353 1559 4410 et

312 4453 489 4518 modoaldi
512 4474 657 4537 cmepruo.
694 4453 778 4518 Dum
802 4452 904 4535 igitur
926 4453 1023 4518 homo
1047 4453 1080 4518 in
1103 4473 1142 4518 eo
1165 4453 1246 4536 ipso,
1271 4452 1357 4535 quod
1373 4451 1558 4530 (deontolo

312 4558 398 4640 gire)
429 4565 465 4624 ut
495 4558 665 4624 moraliter
694 4559 815 4624 bonum
845 4559 996 4642 agnoscit
1026 4563 1061 4625 et
1082 4560 1300 4643 prosequitur,
1330 4559 1427 4624 simul
1457 4559 1557 4626 etiam

311 4685 405 4728 snum
429 4684 542 4730 verum
567 4666 687 4730 bonum
711 4664 1046 4748 (eudaemonologice)
1065 4665 1216 4742 intendit,
1240 4665 1273 4730 id
1288 4665 1394 4749 ipsum
1410 4665 1491 4748 agit,
1516 4664 1558 4730 ad

312 4771 397 4854 quod
422 4793 481 4856 per
503 4777 657 4840 naturam
680 4775 874 4841 rationalem
899 4795 1003 4858 eaque
1026 4773 1191 4841 mediante
1209 4797 1272 4859 per
1289 4775 1394 4840 Deum
1417 4775 1558 4860 positive

311 4882 486 4948 inducitur.
518 4881 594 4948 Non
617 4883 756 4950 fortuita
779 4885 927 4968 profecto
952 4885 1054 4950 divini
1077 4884 1274 4950 ordinatoris
1297 4885 1379 4950 haec
1394 4885 1557 4951 institutio

312 4997 372 5071 est,
398 4994 484 5076 quod
506 4993 539 5058 in
564 4993 652 5060 finali
677 4997 902 5062 creaturarum
925 4995 1096 5062 tendentia
1111 4994 1257 5060 ordinem
1273 4993 1558 5078 eudaemonologi·
