3909 5842
374 702 404 737 vr
919 690 1067 745 Praefatio.

373 860 613 944 respiciendum
643 866 733 939 erat3
764 884 829 928 non
859 884 956 943 sane,
988 867 1024 931 ut
1054 864 1204 931 doctrina
1228 864 1260 933 S.
1285 864 1429 931 Thomae
1460 886 1503 930 ex
1526 864 1624 930 novis

374 975 533 1041 eiusmodi
555 976 701 1042 fontibus
724 978 820 1043 novis
843 978 1082 1060 quodammodo
1098 978 1243 1045 inventis
1260 982 1318 1045 aut
1333 978 1517 1064 praecipuis
1533 978 1622 1044 veri-

374 1094 482 1157 tatum
505 1092 690 1175 augmentis
713 1094 947 1177 compleretur,
979 1115 1052 1159 cum
1077 1094 1110 1159 in
1133 1094 1190 1171 iis,
1223 1094 1309 1177 quod
1332 1094 1462 1175 quidem
1486 1092 1528 1159 ad
1551 1114 1620 1159 rem

373 1206 532 1272 moralem
555 1207 686 1285 attinet,
711 1208 769 1274 vix
793 1209 965 1292 quicquam
987 1230 1065 1275 vere
1088 1210 1263 1294 probatum
1284 1212 1447 1277 actutum
1463 1209 1619 1293 reperias,

374 1321 460 1402 quod
483 1342 548 1387 non
572 1322 637 1389 iam
661 1324 703 1388 ab
726 1324 876 1407 angelico
899 1325 1034 1391 doctore
1058 1324 1286 1407 aliquomodo
1310 1325 1364 1389 vel
1388 1324 1544 1409 explicite
1566 1346 1622 1389 as·

375 1439 499 1503 sertum
524 1438 576 1503 vel
607 1438 714 1504 obiter
742 1438 943 1507 insinuatum
966 1442 1021 1506 vel
1051 1445 1089 1506 ut
1118 1440 1292 1525 plurimum
1323 1440 1436 1525 purius
1458 1439 1559 1507 etiarn
1582 1461 1622 1506 ac

374 1552 503 1635 plenius
534 1556 776 1637 pertractatum
799 1555 853 1622 sit.
907 1556 970 1621 Est
1001 1576 1080 1622 vero
1115 1556 1171 1621 ille
1203 1560 1373 1641 respectus
1405 1556 1621 1634 necessarius,

375 1667 495 1749 partim
519 1672 557 1735 ut
579 1670 658 1734 novi
681 1690 828 1749 errores,
860 1672 915 1753 qui
938 1671 1076 1754 antiqua
1099 1672 1242 1738 veritate
1266 1671 1452 1737 debellandi
1478 1674 1571 1749 sunt,
1603 1692 1622 1736 e

375 1782 443 1847 suis
472 1784 615 1867 propriis
646 1786 741 1851 noris
772 1784 919 1852 fontibus
952 1792 1210 1868 cognoscantur,
1244 1786 1366 1871 partim
1397 1789 1434 1853 ut
1466 1786 1622 1853 historica

374 1896 533 1965 scientiae
556 1898 702 1966 evolutio
725 1901 859 1983 eiusque
881 1922 1040 1985 praesens
1063 1902 1210 1967 condicio
1233 1906 1404 1986 appareat.

464 2012 502 2077 In
526 2013 727 2097 disponendo
750 2019 851 2098 atque
874 2016 1043 2082 exarando
1067 2016 1151 2081 libro
1175 2020 1290 2083 auctor
1313 2017 1357 2081 nil
1374 2016 1541 2099 antiquius
1564 2016 1623 2081 ba·

375 2126 455 2204 buit,
481 2148 579 2209 quam
595 2129 739 2194 utillum
754 2132 923 2196 fructuose
938 2131 1137 2197 scholastico
1161 2132 1233 2197 usui
1250 2131 1522 2197 accommodaret.
1554 2132 1623 2197 lta·

376 2262 439 2324 que
464 2243 657 2309 discentium
682 2244 1051 2332 potissimunr,utilitati
1081 2252 1182 2329 atque
1204 2246 1330 2313 solidae
1352 2246 1552 2313 institutioni
1574 2246 1624 2312 ita

269 2436 280 2462 .
375 2357 536 2423 inservire
551 2360 687 2438 studuit,
712 2364 750 2426 ut
764 2366 876 2427 tamen
892 2382 999 2443 neque
1015 2364 1191 2429 docentium
1209 2360 1410 2427 commodum
1428 2364 1487 2427 aut
1501 2361 1623 2427 iustam

376 2470 578 2554 exigentiam
601 2474 675 2557 plus
698 2494 803 2556 aequo
827 2476 1030 2559 neglegeret.
1069 2476 1121 2540 Ad
1145 2476 1231 2541 hunc
1253 2496 1334 2541 vero
1358 2476 1466 2553 finem,
1490 2480 1625 2559 praeter

375 2587 625 2670 systematicam
655 2588 825 2656 doctrinae
856 2611 897 2655 ex
930 2591 1045 2674 paucis
1072 2590 1313 2656 fecundissimis
1345 2590 1513 2675 principiis
1546 2612 1624 2656 con-

376 2704 587 2783 secutionem,
609 2705 792 2770 conducere
806 2705 981 2789 plurimum
1002 2706 1174 2772 videbatur
1197 2728 1261 2771 non
1278 2710 1348 2772 tam
1363 2706 1499 2791 profuse
1514 2728 1623 2771 rerum

376 2816 606 2901 rationumque
628 2820 841 2897 abundantia,
865 2842 964 2902 quam
984 2821 1214 2889 substantialis
1237 2826 1272 2887 et
1287 2821 1476 2887 harmonica
1491 2820 1625 2888 institu-

377 2931 502 2998 tionum
525 2934 703 3016 integritas
725 2956 899 3017 rerumque
923 2936 1184 3002 necessariarum
1208 2937 1303 3021 copia
1318 2937 1386 3002 suis
1401 2937 1434 3003 in
1451 2938 1532 3003 locis
1547 2941 1625 3022 apte

379 3047 548 3131 disposita,
574 3070 634 3115 neo
656 3070 720 3115 non
745 3050 778 3115 iu
802 3051 843 3115 iis
866 3055 901 3117 et
923 3051 1127 3135 exponendis
1151 3055 1185 3117 et
1201 3052 1432 3117 confirmandis
1447 3052 1557 3117 sobria
1573 3057 1625 3119 at·

378 3183 442 3245 que
465 3164 624 3231 concinna
647 3166 775 3232 dicendi
798 3166 955 3233 brevitas.
988 3166 1040 3232 Ex
1064 3167 1178 3233 eodem
1202 3166 1377 3233 brevitatis
1393 3166 1501 3232 studio
1518 3166 1624 3231 visum

378 3283 431 3345 est
460 3286 655 3364 apparatum
686 3280 917 3347 scholasticum
947 3284 1083 3348 thesium
1112 3302 1153 3349 ex
1182 3281 1295 3347 ordine
1317 3280 1558 3365 probandorum
1582 3281 1626 3345 ad

377 3395 534 3479 pauciora
549 3396 709 3477 quaedam
721 3396 964 3463 institutionum
977 3397 1138 3481 principia
1149 3396 1359 3479 restringere,
1376 3398 1473 3479 louge
1484 3396 1626 3480 plurima

378 3530 457 3575 vero
489 3510 658 3576 doctrinae
688 3510 798 3595 capita
828 3532 902 3576 eum
931 3510 997 3575 illis
1027 3510 1133 3593 logice
1163 3532 1305 3587 conexa,
1337 3509 1469 3576 tametsi
1501 3530 1560 3593 per
1589 3530 1625 3575 se

379 3646 443 3689 non
475 3646 551 3689 raro
583 3625 797 3707 gravissima,
833 3626 894 3691 sub
926 3626 1034 3692 forma
1068 3630 1309 3694 corollariorum
1340 3624 1624 3709 comprehendere.

378 3741 521 3816 Quorum
555 3740 683 3822 quidem
713 3741 867 3825 specialis
897 3741 983 3808 ratio
1014 3742 1166 3825 quoniam
1190 3742 1376 3809 insinuatur
1398 3739 1504 3823 magis
1527 3759 1625 3822 quam

379 3854 535 3939 explicito
559 3856 730 3921 ratiocinio
753 3857 955 3941 proponitur,
979 3856 1055 3922 hinc
1078 3859 1125 3934 lit,
1149 3862 1187 3923 ut
1210 3857 1242 3934 ii,
1267 3856 1322 3938 qui
1345 3856 1473 3932 docent,
1498 3852 1626 3919 abunde

378 3969 532 4046 habeant,
558 3969 643 4051 quod
667 3970 864 4036 luculentius
887 3971 1055 4055 explicent
1078 3975 1178 4053 atque
1200 3970 1377 4036 illustrent.
1409 3967 1529 4047 Quodsi
1546 3988 1626 4032 vero

380 4084 555 4166 aliquando
580 4084 713 4152 libuerit
735 4085 848 4151 theses
863 4084 953 4169 ipsas
969 4085 1023 4150 vel
1040 4086 1171 4151 variare
1188 4084 1242 4149 vel
1257 4083 1487 4169 multiplicare,
1512 4082 1625 4149 eadem

379 4199 553 4299 corollaria
576 4205 635 4267 aut
664 4204 777 4267 cetera
800 4201 1011 4279 documenta,
1043 4222 1126 4283 quae
1159 4206 1292 4284 praeter
1314 4199 1455 4267 thesium
1480 4200 1626 4264 ordinem

378 4314 576 4393 inseruntur,
601 4320 819 4400 opportunam
842 4316 1016 4382 materiam
1042 4316 1211 4399 praebent.
1243 4314 1281 4379 ln
1309 4318 1480 4397 ,notandis
1503 4317 1548 4379 ud
1567 4318 1626 4380 eol-

379 4432 499 4496 veados
534 4431 758 4515 difficultates“
797 4430 983 4514 sigiddcare
1018 4430 1202 4513 generatim
1239 4434 1370 4497 tantum
1409 4429 1625 4495 obiectionum

380 4546 490 4611 fontes
513 4549 549 4612 et
571 4546 680 4631 capita
704 4546 843 4630 illasque
866 4546 1014 4612 solvendi
1039 4546 1169 4612 modum
1194 4544 1339 4611 indicare
1355 4545 1488 4630 placuit,
1512 4550 1550 4611 ut
1564 4544 1627 4628 ipsi

381 4661 514 4740 alumni,
539 4661 670 4744 singula
693 4662 736 4727 ad
758 4662 879 4728 iustam
904 4662 976 4727 sive
1000 4661 1216 4727 obiectionum
1242 4662 1313 4727 sive
1337 4660 1534 4727 solutionum
1559 4660 1626 4725 for-

380 4796 467 4841 mam
491 4777 666 4855 redacturi,
691 4798 836 4860 congruo
860 4776 1031 4844 dialectico
1055 4776 1212 4842 exercitio
1236 4798 1301 4841 non
1324 4780 1470 4842 careant.

470 4892 561 4970 Quod
577 4899 689 4960 autem
701 4894 876 4961 universae
887 4892 1114 4977 philosophiae
1125 4891 1242 4958 morali
1254 4892 1515 4958 fundamentalia
1526 4912 1627 4974 quae-

383 5006 458 5072 dam
483 5008 689 5084 documenta,
714 5028 758 5073 ex
783 5006 882 5072 variis
909 5004 1156 5091 metaphysioae
1179 5004 1328 5089 partibus
1351 5004 1466 5088 petila,
1498 5005 1628 5070 nomine
