3909 5842
421 681 485 745 294
642 684 733 742 Sestio
752 689 772 743 l.
810 691 891 747 ludier
909 695 956 750 IV.
993 697 1082 768 Caput
1100 699 1121 755 l.
1158 701 1298 755 Atticulae
1317 701 1342 754 2.
1378 699 1439 767 §ta

419 855 567 936 quolibet
596 881 676 928 casu
700 867 941 937 aestimandum
965 879 1032 953 est,
1066 880 1175 942 utrum
1199 876 1374 944 assertioni
1396 873 1498 958 legis,
1525 892 1571 937 8¹1
1598 886 1686 932 vem

419 963 596 1030 assertioni
625 967 791 1039 libertatis
821 976 931 1059 potius
959 978 1128 1048 incumbat
1157 1003 1239 1048 onus
1261 981 1438 1066 probandi,
1470 999 1531 1044 eeu
1563 979 1685 1041 utrum

419 1067 579 1150 obligatio
601 1072 686 1156 legis
710 1084 826 1147 eontra
848 1082 1047 1165 libertatem,
1072 1107 1114 1152 an
1131 1108 1210 1154 vero
1233 1089 1371 1154 libertas
1387 1091 1503 1153 eontra
1520 1079 1687 1166 suppossi·

417 1176 489 1238 tam
512 1177 746 1261 obligationem
773 1189 977 1270 ,possidere‘
1004 1213 1062 1258 seu
1091 1213 1182 1270 ,esse
1204 1193 1237 1258 in
1259 1193 1485 1278 possessione*
1505 1184 1686 1255 censenda

418 1276 473 1343 eit.
520 1280 574 1346 Ita
596 1304 624 1351 e.
649 1307 681 1368 g.
706 1291 757 1354 lea
786 1293 954 1374 possidere
983 1295 1117 1377 dieitur,
1149 1299 1204 1364 ubi
1233 1299 1366 1364 dubium
1396 1298 1556 1363 versatur
1587 1291 1685 1357 circa

417 1383 502 1467 legis
531 1387 692 1458 hactenus
716 1401 807 1463 cert-o
831 1400 975 1483 vigentis
999 1403 1232 1483 cessationem,
1263 1405 1396 1472 libertus
1418 1423 1517 1480 vero,
1553 1398 1615 1465 Ubi
1640 1395 1687 1460 de

418 1489 603 1560 adventitia
626 1498 828 1583 obligatione
851 1506 963 1572 solidis
987 1509 1169 1576 rationibus
1192 1511 1371 1578 dubitatur.

417 1624 488 1698 328.
579 1638 611 1701 4.
638 1639 697 1718 ,In
722 1643 819 1708 dubio
842 1648 992 1712 standum
1015 1657 1060 1714 est
1077 1671 1140 1734 pro
1155 1654 1261 1716 volere
1277 1647 1399 1733 uetue“,
1423 1647 1544 1730 regula
1561 1647 1622 1709 est
1637 1661 1685 1707 εἰ

416 1731 488 1800 iure
518 1738 607 1805 civili
637 1745 797 1830 adoptata
826 1754 862 1816 et
890 1751 939 1817 ita
968 1754 1097 1836 quidem
1128 1755 1368 1839 intellegenda:
1400 1755 1455 1820 ubi
1484 1753 1526 1817 de
1560 1749 1685 1830 aliqua

416 1841 547 1908 tantum
570 1846 819 1920 circumstantia
849 1857 903 1922 vel
932 1859 1121 1925 condicione
1147 1861 1334 1927 necessaria
1357 1861 1411 1925 vel
1434 1857 1535 1924 modo
1561 1853 1685 1919 debito

416 1943 555 2014 alicuius
570 1952 652 2019 facti
664 1960 855 2041 ceteroquin
867 1963 950 2030 certi
961 1964 1139 2043 dubitetur,
1156 1967 1353 2032 censendum
1366 1985 1441 2031 esse
1453 1963 1519 2028 rite
1532 1960 1685 2029 fucmm.

416 2048 520 2118 donec
550 2056 590 2122 de
620 2064 786 2130 contrario
817 2072 956 2136 constet.
1002 2069 1093 2146 Quod
1117 2071 1247 2152 quidem
1270 2070 1487 2155 principium,
1522 2069 1565 2131 ut
1596 2083 1686 2147 pru·

416 2157 532 2227 denter
554 2166 750 2248 applicetur,
774 2171 889 2253 exigit,
913 2179 952 2240 nt
973 2195 1102 2258 semper
1125 2177 1288 2245 habeatur
1304 2177 1392 2243 ratio
1408 2173 1587 2249 materiae,
1617 2187 1686 2234 nec

415 2282 479 2328 non
503 2270 541 2330 ut
559 2289 632 2336 cum
647 2273 782 2354 reliquis
798 2276 965 2360 principiis
979 2279 1012 2343 in
1030 2282 1145 2362 quovis
1161 2303 1239 2348 casu
1255 2281 1446 2348 harmonice
1462 2276 1687 2344 concilietur.

414 2405 458 2416 —
482 2371 568 2438 Huic
590 2375 696 2443 simile
718 2379 800 2446 illud
829 2403 958 2464 quoque
979 2385 1060 2450 iuris
1083 2387 1188 2452 civilis
1212 2388 1345 2453 axioma
1375 2391 1442 2452 est:
1476 2385 1540 2466 ,Iu
1575 2380 1688 2446 dubio

410 2484 637 2558 presumitur
665 2484 779 2562 (recte)
806 2487 945 2572 famum,
975 2493 1059 2575 quod
1082 2493 1121 2558 de
1143 2496 1215 2558 iure
1235 2495 1424 2576 fociucdum
1449 2488 1555 2557 erut.“
1613 2485 1687 2552 Ubi

414 2585 526 2647 autem
561 2587 603 2650 de
639 2592 820 2656 abeuntia
852 2593 932 2661 facti
964 2596 1149 2675 dubitatur,
1181 2600 1232 2664 ius
1265 2599 1362 2664 civile
1395 2599 1482 2662 hano
1515 2594 1687 2675 regulam

413 2687 551 2752 statuit:
578 2692 732 2771 ,Factum
755 2718 820 2761 non
839 2704 1069 2783 praesumitur,
1093 2705 1150 2768 sed
1174 2705 1391 2770 dernenstrori
1415 2700 1538 2768 debet.“

413 2820 484 2892 329.
572 2825 743 2901 Sobolinm
784 2843 832 2902 Ex
853 2845 940 2905 dictis
961 2847 1036 2907 satis
1058 2854 1199 2925 apparet,
1228 2869 1315 2925 quam
1336 2851 1426 2924 longe
1448 2847 1546 2907 distet
1568 2843 1687 2920 genui·

416 2943 486 2984 num
506 2933 710 3004 probabilismi
731 2946 864 3015 systema
883 2945 921 3001 ab
940 2944 992 3002 illa
1016 2945 1178 3020 depravata
1191 2947 1397 3023 probabilismi
1411 2944 1560 3019 imagine,
1585 2962 1686 3018 quam

414 3041 476 3081 non
495 3043 565 3085 raro
585 3030 634 3089 vel
654 3033 824 3108 ignorantia
844 3039 894 3097 vel
914 3041 1061 3099 calumnis
1083 3043 1270 3119 compingere
1291 3043 1378 3114 solet,
1401 3047 1433 3100 et
1453 3059 1515 3116 que
1529 3041 1588 3098 ille
1603 3059 1687 3099 non·

413 3119 473 3178 nisi
493 3123 683 3188 fraudulenta
703 3134 830 3207 quadam
849 3135 1001 3211 hypocrisi
1022 3157 1040 3194 a
1060 3137 1186 3197 laxismo
1214 3139 1457 3214 distingueretur.
1501 3136 1594 3206 Quae
1619 3137 1689 3214 qui-

414 3216 480 3274 dem
500 3219 642 3296 iniquitas
663 3245 698 3285 eo
718 3229 838 3289 facilius
859 3251 896 3290 ao
917 3233 1027 3291 certius
1049 3235 1251 3307 confundetur,
1273 3255 1331 3311 quo
1353 3234 1451 3308 magis
1473 3234 1506 3291 in
1528 3252 1592 3292 usu
1612 3253 1687 3308 pro-

411 3313 560 3375 babilismi
581 3321 678 3379 omnis
693 3324 741 3381 vel
761 3327 938 3401 apparentia
958 3327 1135 3388 temeritatis
1156 3331 1186 3388 in
1207 3329 1366 3389 iudicando
1388 3329 1523 3390 sollicite
1546 3329 1687 3388 vitatem.

412 3409 459 3467 Ad
480 3413 537 3471 hoo
559 3422 657 3476 autem
679 3438 795 3496 semper
815 3425 908 3498 probe
927 3426 1095 3484 meminisse
1117 3428 1214 3486 iuvat:

503 3511 529 3568 1.
556 3510 623 3570 Non
651 3517 811 3588 quamlibet
837 3520 1004 3595 opinionem
1032 3523 1172 3596 negativo
1200 3529 1315 3582 tantum
1345 3523 1435 3582 dnbio
1465 3527 1522 3580 aut
1550 3521 1687 3581 levibus

412 3603 578 3665 rationibus
599 3609 768 3683 fundatam,
797 3620 850 3673 aut
870 3618 983 3692 absque
1004 3619 1082 3676 seria
1103 3619 1134 3677 in
1155 3620 1312 3678 veritatem
1335 3618 1535 3694 inquisitione
1557 3625 1688 3677 temere

412 3706 596 3774 conceptam,
618 3704 766 3780 opinionis
779 3729 843 3768 uere
851 3712 1012 3786 probabilis
1025 3713 1090 3771 loco
1104 3713 1206 3772 haberi
1221 3733 1320 3790 posse.
1350 3715 1435 3774 Talis
1450 3714 1534 3773 enim
1550 3715 1687 3773 minime

412 3793 533 3867 sufficit,
554 3803 588 3857 ut
608 3803 849 3877 contradictoria,
871 3825 946 3881 quae
958 3808 1036 3882 legis
1050 3809 1258 3884 obligationem
1274 3811 1416 3882 affimat,
1438 3809 1571 3870 moralis
1588 3811 1687 3870 certi·

410 3890 523 3951 tudinis
550 3895 645 3968 meda
673 3899 800 3959 excidat.
841 3900 1020 3960 Nominatim
1048 3909 1162 3975 autem,
1190 3905 1241 3964 ubi
1269 3905 1369 3980 agitur
1397 3905 1434 3964 de
1464 3905 1560 3964 dubio
1591 3907 1687 3977 iuris,

411 4005 535 4047 necesse
556 3996 619 4062 est,
639 4000 674 4052 ut
693 3995 837 4071 imprimis
858 3998 997 4056 iudicium
1017 3999 1146 4060 virorum
1166 4001 1198 4059 in
1219 4001 1348 4060 scientia
1369 4002 1480 4061 morali
1501 4002 1686 4078 peritorum

411 4089 442 4142 et
463 4087 642 4147 auctoritate
662 4093 798 4164 gravium
816 4095 997 4165 consulatur,
1020 4102 1175 4172 antequam
1190 4099 1354 4172 generatim
1371 4099 1408 4156 de
1423 4097 1525 4158 solida
1541 4098 1686 4158 alicuius

411 4180 557 4256 opinionis
578 4185 789 4259 probabilitate
808 4193 874 4246 tuto
894 4191 1080 4264 pronuntiari
1100 4192 1204 4267 possit.

500 4281 526 4336 2.
554 4279 590 4338 In
611 4283 770 4340 statuendo
791 4288 953 4357 systemate
974 4287 1176 4360 probabilismi
1196 4309 1256 4348 non
1278 4289 1314 4346 de
1337 4309 1372 4348 eo
1395 4291 1521 4365 quaeri,
1545 4291 1625 4365 quid
1650 4291 1684 4350 in

411 4391 484 4432 casu
504 4376 679 4449 particulari
706 4379 744 4435 ab
771 4397 946 4454 unoquoque
969 4381 1033 4439 fieri
1054 4389 1105 4440 aut
1126 4383 1195 4458 eligi
1215 4386 1312 4460 magis
1335 4387 1519 4458 conveniat,
1551 4387 1613 4444 sed
1645 4387 1685 4445 de

411 4487 446 4526 eo
466 4474 592 4540 tantum,
614 4475 686 4547 quid
700 4483 898 4549 praeceptum,
919 4479 991 4552 quid
1010 4497 1067 4536 uon
1082 4489 1267 4556 praeceptum
1282 4485 1394 4540 censeri
1407 4483 1519 4541 debeat.
1553 4481 1686 4560 Quippe

453 4585 551 4592 —..-...
568 4587 579 4592 -
588 4588 718 4594 ——-

409 4622 494 4676 habet
518 4627 549 4676 in
574 4630 647 4680 omni
664 4631 779 4682 mutatu
805 4627 894 4694 quoad
912 4628 977 4692 hoc,
1003 4632 1073 4698 quod
1092 4632 1184 4686 nullus
1202 4635 1284 4688 debet
1303 4637 1418 4704 spoliari
1436 4654 1469 4690 re
1489 4653 1561 4703 sua,
1591 4656 1683 4708 quam

409 4711 610 4765 rationabiliter
634 4715 770 4783 possidet,
795 4717 905 4783 propter
929 4716 1017 4770 solum
1043 4719 1167 4785 dubium,
1192 4723 1252 4774 sive
1275 4723 1376 4776 debeat
1394 4722 1514 4792 spoliari
1537 4725 1575 4780 ad
1598 4743 1684 4780 exer-

410 4797 525 4850 cendum
544 4802 635 4851 ectum
654 4801 784 4865 iustitiae,
803 4804 834 4853 ut
852 4803 896 4854 est
913 4803 1065 4869 restituere,
1085 4807 1144 4860 sive
1162 4807 1196 4860 ad
1216 4813 1308 4862 sotum
1327 4809 1483 4876 religionis,
1504 4815 1541 4864 ut
1560 4817 1611 4866 est
1632 4815 1684 4867 im·

408 4882 483 4951 plere
501 4889 604 4949 votum,
630 4901 679 4938 seu
697 4887 732 4940 ad
750 4886 806 4939 eliu
824 4885 931 4940 similia.
968 4889 1052 4943 Secus
1070 4909 1134 4945 vero
1160 4898 1203 4946 est
1221 4895 1309 4962 quoad
1329 4895 1400 4949 alios
1419 4913 1506 4961 nens,
1529 4901 1604 4966 qnia
1625 4918 1682 4954 nun

407 4987 516 5040 semper
534 4972 574 5024 uti
592 4971 659 5025 licet
675 4990 705 5025 re
723 4989 782 5034 sua,
801 4989 863 5026 oum
881 4973 961 5027 dubio
981 4976 1096 5031 alicuius
1116 4979 1236 5034 malitiae
1255 4982 1300 5034 vel
1319 4982 1440 5036 demut*
