3909 5842
428 675 491 738 218
645 671 734 726 Sestio
755 671 774 724 l.
811 670 892 726 biber
910 671 956 724 Ill.
995 669 1085 739 Caput
1102 670 1136 724 11.
1163 663 1314 726 'Articulus
1333 672 1358 726 2.
1396 671 1456 737 §a

426 853 529 918 Deum
560 850 783 933 legislatorem
815 849 1048 915 concludendo.
1094 849 1198 914 Immo
1229 867 1309 913 vero
1339 848 1431 914 nulla
1460 849 1525 913 alia
1554 848 1612 914 via
1636 849 1677 915 ab

426 957 556 1023 homine
586 955 767 1039 promptius
797 965 831 1021 et
861 955 967 1038 magis
999 955 1175 1037 originario
1198 955 1288 1022 notio
1312 953 1373 1020 Dei
1397 956 1521 1037 acquiri
1544 956 1678 1021 videtur

427 1083 523 1146 quam
555 1083 597 1128 ex
627 1083 708 1128 vocs
738 1063 957 1128 conscientiae
985 1062 1156 1128 moraliter
1178 1061 1365 1146 obligantis.
1413 1063 1566 1145 Aliquam
1588 1062 1676 1127 enim

427 1169 488 1235 Dei
516 1169 717 1252 legislatoris
746 1168 912 1235 notionem
943 1170 1062 1234 saltem
1092 1169 1263 1234 obscuram
1293 1167 1359 1234 iam
1389 1168 1512 1234 habeat
1541 1189 1678 1234 necesse

427 1279 488 1352 est,
514 1275 706 1358 quicumque
730 1273 867 1340 rationis
891 1295 985 1340 usum
1009 1280 1179 1342 assecutm
1203 1276 1236 1340 in
1259 1295 1320 1340 sua
1336 1274 1537 1342 conscientia
1553 1295 1590 1340 se
1606 1297 1678 1341 vere

346 1417 350 1424 ·
426 1383 597 1468 oblipatum
621 1381 781 1465 agnoscit.

426 1537 491 1610 251.
579 1536 751 1610 Sbholium.
794 1548 951 1626 Complura
979 1567 1094 1625 quoque
1115 1548 1237 1624 gentilis
1258 1547 1464 1624 philosophiae
1485 1553 1679 1606 monumenta

426 1645 584 1714 habemus,
613 1663 688 1720 quae
710 1665 769 1704 non
790 1646 886 1704 solum
908 1664 1092 1704 communem
1119 1645 1200 1705 illam
1223 1645 1372 1705 hominum
1393 1644 1619 1721 persuasionem
1642 1643 1678 1702 de

426 1747 550 1800 naturae
571 1741 637 1816 lege
659 1741 801 1802 divinitus
824 1735 961 1802 cordibus
983 1744 1096 1804 uostris
1116 1743 1261 1820 inscripta
1277 1743 1424 1802 uberrime
1438 1743 1601 1814 illustrant,
1625 1742 1679 1801 sed

426 1837 513 1896 immo
542 1839 631 1898 etiarn
661 1841 821 1900 ostendunt
847 1847 982 1913 veteres,
1017 1841 1136 1900 tametsi
1165 1842 1228 1901 solo
1259 1839 1388 1900 naturali
1412 1839 1537 1900 rationis
1565 1840 1679 1899 lumine

426 1940 559 2008 utentes,
588 1935 779 1997 nihilominus
807 1957 902 2014 neque
929 1938 1080 2015 propriam
1106 1937 1195 1997 huius
1223 1938 1299 2013 legis
1321 1937 1496 2012 dignitatem
1518 1943 1548 1996 et
1570 1959 1588 1996 a
1610 1937 1678 2011 lege

427 2038 550 2092 aeterna
578 2034 742 2094 derivatam
772 2035 931 2111 originem,
960 2053 1055 2111 neque
1079 2035 1245 2094 absolutam
1266 2035 1551 2100 immutabilitatem.
1580 2055 1679 2111 neque

427 2131 577 2207 obligandi
598 2131 658 2190 vim
679 2132 795 2191 cunctis
817 2132 953 2192 humanis
974 2132 1091 2207 legibus
1120 2133 1298 2192 anteriorem
1326 2152 1362 2193 ac
1390 2132 1572 2208 superiorem
1594 2133 1679 2208 igno·

426 2247 518 2287 rasse.
560 2229 683 2288 Diceres
712 2229 774 2288 fero
802 2249 861 2288 non
892 2229 950 2288 alio
980 2229 1039 2288 fine
1066 2230 1142 2289 haec
1163 2229 1340 2289 documenta
1359 2229 1471 2288 nostris
1492 2231 1679 2305 temporibus

426 2331 583 2385 reservata
608 2327 718 2396 fuisse,
748 2347 834 2404 quam
862 2332 896 2386 ut
916 2327 963 2386 vel
985 2347 1024 2386 ex
1045 2347 1096 2386 ore
1117 2328 1271 2403 gentilium
1291 2328 1472 2398 iudicentur,
1501 2327 1679 2404 quicumque

426 2423 523 2494 hodie,
546 2443 611 2482 cum
625 2425 692 2484 luce
708 2425 871 2484 christiana
885 2425 981 2502 ipsam
1002 2445 1116 2501 quoque
1136 2431 1275 2485 naturam
1295 2425 1471 2485 rationalem
1484 2430 1678 2500 renegantes.

426 2519 561 2580 altiorem
590 2521 741 2597 obligandi
770 2522 958 2582 maiestatem
986 2523 1097 2582 nullam
1126 2523 1175 2582 vel
1202 2523 1314 2582 sentire
1342 2523 1390 2582 vol
1419 2541 1509 2582 nosse
1536 2521 1679 2582 ridentur

426 2636 514 2693 quam
535 2618 610 2694 legis
632 2619 737 2680 civilis.
781 2619 967 2698 Quapropter
988 2621 1104 2680 illorum
1126 2620 1254 2696 aliquem
1275 2620 1463 2697 quantumvis
1483 2639 1608 2697 parcum
1629 2621 1678 2678 de·

427 2715 536 2775 lectum
558 2716 706 2776 coronidis
728 2717 824 2776 instar
844 2717 893 2778 hic
914 2718 1079 2778 subiecisse
1100 2737 1157 2778 usu
1177 2738 1237 2778 non
1258 2719 1379 2778 carebit.

515 2815 662 2892 Sophocles
676 2815 718 2886 (in
735 2815 837 2892 Oedip.
853 2816 924 2891 Reg.
940 2835 968 2875 v.
986 2817 1157 2884 eoa-871)
1172 2816 1215 2876 ita
1230 2823 1387 2876 canentem
1409 2815 1523 2876 inducit
1537 2817 1675 2876 chorum:

734 2951 773 3012 Εἴ
790 2977 836 3030 μοι
858 2953 943 3032 iureis]
967 2955 1077 3034 φέροντι

692 3053 776 3128 μοῖρα
797 3050 846 3110 τὰν
868 3047 998 3110 adsentor
1020 3049 1125 3127 ἁγνείαν
1145 3051 1232 3127 λόγων

693 3148 780 3228 ἔργων
800 3171 830 3208 τε
852 3147 968 3218 πάντων,
992 3149 1031 3206 ὧν
1052 3146 1132 3223 νύμοι
1151 3148 1304 3228 πρύκειντκι

732 3245 870 3324 ύψίτοδες,
894 3245 1022 3325 οὐρανίαν

692 3335 723 3402 δι’
748 3343 848 3422 αἰθέρα
869 3343 1060 3410 τεκνωθέντος,
1083 3343 1121 3402 ὧν
1137 3340 1273 3418 Ὄλυμπος

733 3438 823 3518 πατὴρ
846 3437 936 3516 μόνος,
960 3437 1027 3498 ούδέ
1048 3463 1085 3498 νιν

733 3537 818 3595 θνατὰ
840 3534 918 3614 ρύαις
939 3535 1046 3616 ἀνέρων

693 3629 801 3704 ἔτικτεν,
825 3631 890 3692 οὐδὲ
913 3634 967 3710 μήν
989 3655 1055 3691 ποτε
1076 3633 1149 3692 >Aba
1170 3631 1375 3708 κατακοιμάσει·

734 3730 820 3808 μέγας
842 3731 871 3790 ἐν
892 3729 997 3794 τούτοις
1018 3730 1092 3802 θεός,
1117 3729 1183 3789 οὐδὲ
1204 3729 1342 3809 γηράσκει.

515 3872 670 3945 [„Utinam
691 3873 763 3932 mihi
785 3873 865 3933 adsit
885 3875 1007 3932 fortuna
1028 3877 1163 3931 sanctam
1185 3871 1362 3949 assequendi
1383 3871 1584 3948 integritatem
1609 3891 1674 3931 ver-

425 3971 527 4028 borum
555 3990 732 4048 operumque
760 3972 904 4043 omnium,
935 3972 970 4030 de
999 3971 1104 4046 quibus
1132 3971 1304 4048 propositae
1332 3975 1402 4028 sunt
1429 3971 1502 4048 lepra
1528 3971 1673 4046 sublimes,

426 4067 547 4126 caelesti
569 4067 599 4127 in
621 4069 742 4128 aethere
764 4069 892 4144 genitae,
915 4087 1037 4144 quarum
1053 4069 1197 4144 Olympus
1217 4073 1304 4144 pater
1324 4075 1372 4128 est
1392 4069 1482 4138 solus,
1503 4087 1599 4144 neque
1620 4087 1672 4128 eas

424 4166 547 4224 mortale
568 4185 662 4241 genus
683 4167 831 4226 hominum
853 4166 978 4244 peperit,
1000 4185 1094 4242 neque
1115 4185 1188 4225 sane
1209 4185 1345 4240 umquam
1368 4165 1477 4225 oblivio
1501 4167 1669 4243 consopiet:

425 4281 550 4338 magnus
571 4264 651 4324 inest
670 4263 700 4323 in
723 4266 770 4324 his
792 4267 882 4336 Deus,
904 4283 999 4340 neque
1021 4264 1104 4325 senio
1126 4265 1326 4337 marcescit‘l

514 4369 594 4428 Idem
616 4369 659 4442 (in
681 4370 830 4446 Antigone
852 4390 878 4428 v.
901 4371 959 4429 446
975 4372 1074 4438 -460)
1095 4389 1159 4428 earn
1187 4388 1246 4428 non
1268 4369 1363 4428 solum
1384 4375 1567 4428 asserentem
1588 4370 1671 4445 leges

425 4465 541 4524 divinas
563 4467 740 4526 naturaliter
761 4468 848 4538 latas,
871 4467 924 4526 sed
945 4467 983 4526 iis
1004 4467 1093 4526 etiam
1115 4466 1377 4544 praeeminentiam
1399 4467 1566 4526 absolutam
1581 4485 1670 4544 supra

425 4579 526 4621 omnes
547 4562 629 4639 leges
650 4563 795 4624 humanas
816 4563 1015 4624 vindicantem
1037 4564 1157 4624 inducit.
1194 4563 1284 4624 Ouios
1305 4563 1349 4623 rei
1370 4563 1515 4624 rationem
1535 4565 1588 4623 illa
1608 4563 1670 4624 red·

425 4661 497 4720 dens
519 4660 638 4720 Oreonti
659 4661 834 4739 respondet:

733 4793 772 4854 Οὐ
794 4791 892 4871 γάρτί
911 4816 957 4868 μοι
979 4791 1048 4858 Ζεύς
1068 4791 1101 4870 ἦν
1123 4793 1137 4851 d
1159 4791 1276 4872 κηρύξας
1297 4794 1363 4852 τάδε

733 4888 789 4949 οὐδ’
814 4892 831 4967 ἡ
854 4889 971 4958 ξύνοικος
992 4897 1048 4949 τῶν
1068 4891 1145 4948 καίτοι
1167 4893 1240 4950 θεῶν
1262 4889 1339 4968 Δίκη,

731 4987 796 5046 οὐδὲ
819 4987 1073 5048 veterescentem
1095 4981 1193 5065 (ῥύμην
1206 4987 1240 5045 τὰ
1262 4987 1296 5044 ci
