3909 5842
437 673 478 735 14
718 667 808 723 Sectio
827 668 848 723 1.
885 668 967 724 Liber
984 670 1005 724 Ι.
1043 670 1132 741 Caput
1150 671 1170 725 1.
1208 670 1347 727 Atticulae
1366 673 1391 727 3.

522 844 612 910 Idem
633 846 773 913 actionis
788 846 958 926 terminus,
983 846 1038 930 qui
1053 847 1173 913 bonum
1189 851 1336 927 vocatur,
1361 852 1525 931 quatenus
1540 855 1687 917 astartae

433 951 487 1016 vel
516 951 686 1019 facultatis
710 953 938 1038 perfectionne
967 957 1111 1041 respicit,
1139 956 1217 1039 finis
1246 954 1365 1021 dicitur
1394 954 1508 1035 (sensu
1536 956 1686 1039 latiore),

433 1061 595 1141 quatenus
622 1078 683 1143 per
711 1058 802 1124 illum
833 1060 994 1126 naturalis
1024 1060 1112 1125 actio
1135 1082 1193 1127 seu
1221 1062 1381 1127 tendentia
1402 1062 1527 1145 finitur.
1575 1061 1685 1129 Sensu

433 1168 543 1231 autem
565 1163 730 1235 strictiore
745 1164 819 1230 finis
835 1165 988 1247 designat
1003 1166 1141 1232 actionis
1158 1166 1342 1245 terminum,
1367 1166 1480 1249 quiex
1496 1168 1685 1252 apprehen·

432 1272 523 1338 sione
546 1277 581 1339 et
602 1271 785 1338 intentione
808 1271 961 1339 rationali
989 1272 1121 1356 petitur,
1153 1278 1253 1355 atque
1276 1274 1325 1339 ita
1348 1294 1421 1339 curn
1450 1272 1527 1341 idea
1548 1276 1685 1340 termini

431 1378 528 1445 simul
556 1380 664 1445 ideam
687 1380 887 1445 causalitatia
909 1379 1078 1445 cuiusdam
1102 1378 1279 1462 coniungit,
1310 1400 1490 1465 perquam
1518 1381 1685 1447 terminus

431 1485 638 1551 rationaliter
661 1485 884 1568 apprehensus
906 1486 1068 1551 movendo
1092 1486 1133 1551 ad
1150 1485 1354 1551 efficiendum
1373 1490 1497 1553 rnatum
1514 1488 1685 1555 concurrit

430 1594 466 1657 et
487 1592 616 1659 ratione
639 1591 732 1657 cuius
753 1590 827 1656 finis
850 1591 951 1657 etiam
974 1614 1074 1659 cuasa
1095 1594 1206 1677 finalis
1228 1600 1366 1659 cocatar.
1402 1592 1475 1659 Hoc
1490 1614 1601 1672 sensu,
1628 1594 1684 1659 ubi

430 1696 472 1762 de
486 1697 660 1765 activitate
675 1701 900 1763 creaturarum
920 1697 1040 1779 agitur,
1065 1698 1138 1763 finis
1154 1699 1348 1765 vocabulum
1364 1700 1405 1765 ad
1422 1700 1525 1765 solius
1540 1699 1684 1767 actionis

430 1802 592 1869 humanae
620 1805 796 1871 terminum
826 1792 1099 1871 denominandam
1130 1805 1340 1889 restringitur
1363 1810 1398 1873 et
1420 1806 1547 1873 definiri
1577 1808 1682 1873 solet:

430 1911 477 1993 id,
499 1917 628 1996 propter
651 1912 736 1996 qaod
758 1911 883 1995 aliquid
904 1912 949 1993 fit.

430 2056 479 2128 23.
570 2055 705 2127 fixiomu
726 2055 808 2127 xvl.
855 2059 963 2142 Finis,
995 2061 1059 2125 cicc
1089 2068 1123 2124 at
1153 2064 1308 2126 terminus
1338 2064 1472 2128 actionis
1501 2067 1680 2147 pancration

430 2168 494 2231 sice
515 2186 610 2231 aenea
634 2166 769 2229 arctiore
784 2173 940 2247 sumatur,
964 2168 1137 2232 secandam
1158 2169 1419 2255 preparationem,
1444 2190 1526 2254 qaae
1549 2171 1585 2233 ia
1601 2173 1679 2234 acti·

431 2275 523 2337 citata
555 2272 703 2337 natarali
737 2274 907 2355 invenitur,
945 2270 1175 2357 diatiapaitar:
1209 2272 1458 2355 proximus,
1494 2274 1678 2351 medina,

430 2377 626 2443 ultimus.

519 2493 690 2558 Proximus
712 2490 786 2556 finis
809 2495 861 2557 est
877 2492 1049 2571 obiectum,
1074 2494 1160 2575 quod
1175 2492 1362 2559 immediate
1378 2494 1419 2560 ab
1436 2500 1558 2577 agente
1574 2494 1678 2562 attin·

428 2598 533 2681 gitur3
556 2598 683 2664 medica
705 2602 756 2664 est
777 2598 949 2676 obiectum,
973 2600 1060 2681 quod
1083 2599 1248 2667 medianto
1271 2600 1335 2667 fine
1358 2600 1507 2685 proximo
1524 2603 1676 2670 obtinen-

429 2706 505 2770 dum
528 2709 586 2770 aut
609 2704 651 2770 ab
674 2708 794 2786 agente
809 2704 990 2772 intenditur
1012 2710 1071 2772 aut
1087 2726 1107 2771 a
1123 2711 1272 2773 creatore
1287 2706 1335 2772 illi
1350 2708 1563 2775 obtinendum
1579 2730 1676 2794 prae-

428 2811 540 2893 figitur
556 2810 716 2892 simulque
732 2810 773 2876 ad
790 2812 978 2877 ulteriorem
995 2813 1092 2877 finem
1108 2812 1261 2880 refertur.
1289 2812 1378 2879 Finis
1394 2814 1532 2898 denique
1545 2818 1676 2882 atienae

427 2918 484 2983 illo
507 2921 572 2995 est,
603 2916 638 2981 in
661 2937 724 2999 quo
747 2917 852 2982 omnis
881 2918 1052 2984 tendentia
1075 2918 1213 3002 quiescit
1236 2923 1270 2986 et
1294 2920 1485 2999 absolvitur,
1516 2920 1605 2986 omni
1632 2922 1674 2989 ad

428 3022 617 3091 ulteriorem
641 3023 739 3087 finem
761 3022 921 3089 relatione
936 3024 1077 3093 sublata.
1113 3024 1241 3090 Dicitur
1257 3030 1367 3091 autem
1383 3025 1435 3092 hic
1450 3026 1524 3092 finis
1540 3026 1675 3094 ultimus

429 3131 601 3196 secandam
626 3130 704 3215 qaid
726 3148 786 3193 seu
808 3128 973 3211 negative,
998 3130 1053 3195 vel
1076 3130 1210 3196 ultimus
1234 3134 1418 3219 simpliciter
1440 3154 1498 3199 seu
1521 3133 1673 3217 positive,

428 3241 526 3321 prout
548 3236 581 3301 in
605 3256 644 3301 eo
668 3236 802 3302 obtento
826 3240 946 3303 natura
966 3236 1096 3318 agentis
1117 3236 1165 3303 ita
1179 3236 1278 3317 sistit,
1302 3242 1467 3305 attamen
1483 3239 1675 3307 ulteriorem

427 3342 630 3410 tendentiam
653 3363 719 3407 non
742 3342 907 3420 excludat,
932 3343 985 3407 vel
1008 3342 1066 3422 ita,
1092 3348 1129 3411 ut
1152 3365 1190 3409 eo
1213 3344 1360 3429 perfecta
1377 3345 1589 3429 compleatur,
1613 3367 1674 3412 nec

427 3450 515 3516 aliud
539 3448 626 3532 quid,
650 3448 684 3513 in
707 3448 794 3531 quod
817 3469 852 3514 se
876 3449 1045 3527 extendat,
1069 3450 1221 3534 supersit.

516 3556 638 3622 Habito
662 3556 758 3621 simul
788 3561 939 3641 respectu
968 3556 1010 3622 ad
1039 3557 1170 3622 finalem
1194 3558 1338 3623 ordinem
1364 3558 1405 3624 ab
1428 3558 1499 3643 ipso
1523 3562 1672 3625 creatore

425 3663 605 3741 intentum,
630 3662 860 3745 distinguimus
881 3666 975 3748 finan
1000 3666 1145 3729 altimum
1169 3666 1248 3729 entia
1270 3664 1324 3729 vel
1347 3668 1487 3731 naturae
1510 3668 1672 3749 internam

425 3774 460 3835 et
483 3778 667 3852 externam
689 3769 762 3835 linis
785 3770 919 3835 ultimus
943 3774 1115 3836 creaturae
1138 3752 1284 3836 internas
1307 3770 1428 3837 dicitur
1448 3770 1492 3850 id,
1517 3792 1581 3854 quo
1602 3770 1670 3836 eius

425 3880 545 3941 natura
576 3876 672 3959 plene
701 3876 884 3959 perficitur;
918 3884 1075 3959 cateruas,
1109 3876 1165 3959 qui
1195 3896 1266 3941 aum
1299 3878 1363 3942 fine
1394 3876 1570 3943 creationis
1600 3877 1669 3942 uni·

425 3981 546 4047 versali
570 3982 733 4061 coincidit,
764 3981 819 4047 ille
842 3986 903 4058 est,
935 3982 975 4047 ad
1000 4004 1096 4065 quem
1120 3982 1191 4066 ipsa
1214 3988 1334 4049 natura
1356 3982 1390 4049 in
1414 4004 1449 4048 se
1473 3984 1669 4067 perficienda

424 4088 602 4153 secundum
634 4089 696 4155 Dei
728 4087 871 4153 creantis
903 4086 1072 4153 consilium
1106 4088 1282 4155 ultimatim
1314 4090 1467 4157 refertur.
1501 4124 1546 4135 -
1579 4090 1667 4155 Haec

423 4201 534 4262 autem
558 4194 676 4261 divisio
699 4196 796 4260 aliam
821 4215 864 4259 ex
886 4194 1113 4279 metaphysica
1136 4201 1249 4287 notam
1265 4196 1456 4263 divisionem
1479 4196 1555 4262 finis
1574 4217 1666 4281 pras·

423 4302 588 4386 supponit,
618 4322 736 4386 nempe
765 4301 799 4366 in
828 4302 925 4366 finem
956 4305 1060 4387 operis
1091 4305 1124 4367 et
1154 4302 1251 4368 finem
1281 4306 1452 4389 operantis,
1484 4324 1570 4386 quae
1599 4308 1664 4369 tum

423 4408 573 4475 humanis
602 4412 673 4474 turn
697 4407 815 4473 divinis
838 4408 991 4492 operibus
1020 4408 1177 4492 applicari
1205 4412 1325 4493 potest.
1373 4410 1486 4475 Finem
1509 4412 1615 4495 operia
1636 4406 1665 4473 id

423 4515 637 4595 nominamus,
667 4514 710 4581 ad
740 4514 826 4598 quod
856 4536 914 4580 ens
943 4520 1003 4582 aut
1033 4514 1118 4581 actio
1149 4536 1209 4581 sua
1238 4520 1359 4583 natura
1388 4538 1427 4582 aa
1450 4514 1664 4584 destinatione

421 4621 538 4699 tendit,
567 4624 663 4707 finan
686 4624 848 4706 operantia
869 4620 912 4699 id,
942 4621 1028 4703 quod
1052 4621 1125 4704 quis
1149 4622 1276 4705 agendo
1300 4644 1357 4689 seu
1382 4622 1547 4689 medianto
1571 4641 1664 4706 opere

422 4728 576 4809 consequi
598 4728 680 4794 vult.

421 4874 470 4947 24.
560 4872 695 4946 Axiam
716 4870 816 4945 xvlt
852 4876 1030 4943 Facultatic
1054 4876 1167 4943 tonum
1192 4898 1229 4943 ac
1250 4878 1326 4961 fiais
1346 4880 1515 4963 proximas
1536 4884 1580 4941 cat
1602 4878 1662 4941 ciac

421 4992 532 5065 actas;
559 4982 719 5065 siquidem
750 4982 893 5049 facultas
921 5002 981 5067 per
1011 4987 1120 5049 actum
1151 4984 1299 5065 proxime
1323 4984 1506 5067 completur
1534 4985 1569 5047 et
1592 5000 1662 5065 per·
