3909 5842
523 698 553 751 In
571 697 718 768 hypothesi
736 699 919 754 conscientiae
937 700 1036 755 dubiae
1057 699 1099 754 vel
1119 699 1275 770 probabilia.
1462 705 1523 770 281

279 877 354 942 dem
377 880 592 960 apparentem
616 875 845 944 difficultatem
869 876 1212 943 observatSucrez1:
1248 875 1313 956 ,lin
1344 876 1404 942 tali
1435 877 1527 958 casu)

279 985 376 1050 homo
406 981 591 1048 formaliter
619 1003 684 1047 nou
712 981 878 1065 obligatur
901 982 942 1048 ad
965 982 1098 1060 malum,
1128 981 1187 1046 scd
1211 981 1253 1046 ad
1276 983 1412 1065 toncm;
1441 983 1526 1050 unde

278 1089 399 1174 siquid
423 1089 570 1158 malitiae
592 1090 723 1158 videtur
737 1089 874 1174 reperiri
889 1089 923 1156 in
938 1090 1104 1157 exteriore
1120 1093 1207 1166 actu,
1232 1093 1283 1156 est
1299 1089 1525 1168 materialiter,

279 1200 316 1263 ut
338 1199 391 1262 est
414 1195 578 1278 quoddam
600 1197 772 1263 materiale
796 1196 969 1273 obiectum,
994 1215 1058 1262 nou
1083 1216 1172 1274 vero,
1195 1199 1358 1278 quatenus
1378 1200 1430 1264 est
1447 1199 1526 1264 actio

278 1303 431 1390 hamana.
477 1301 575 1369 Unde
606 1302 706 1369 etiam
740 1324 804 1368 nou
837 1302 968 1388 proprie
1000 1301 1159 1385 sequitur,
1193 1301 1333 1385 obligari
1363 1301 1526 1368 hominem

276 1413 394 1474 contra
415 1408 524 1491 legem
546 1409 618 1486 Dei,
643 1429 716 1474 cum
739 1409 905 1492 obligetur
928 1410 974 1474 cd
997 1416 1101 1474 cctam
1124 1411 1261 1474 virtutis.
1308 1408 1527 1476 Materialiter

276 1521 389 1582 autem
419 1513 551 1581 videtur
580 1535 653 1580 esse
683 1515 841 1598 obligatio
870 1519 987 1581 contra
1011 1513 1174 1596 quandam
1197 1513 1260 1580 Dei
1291 1515 1409 1598 legem,
1442 1535 1526 1598 quae

177 1695 178 1699 Ἰ
277 1625 357 1686 tunc
387 1642 451 1686 uon
482 1621 618 1704 obligat,
650 1622 727 1704 quia
757 1626 936 1688 excusatur
965 1621 1063 1687 homo
1086 1641 1145 1705 per
1166 1621 1386 1704 ignorantiam
1411 1625 1446 1688 et
1468 1643 1527 1707 per

176 1799 178 1809 ¹
278 1726 378 1793 aliam
399 1728 564 1824 fortiorem
587 1729 652 1794 Dei
674 1731 780 1813 lapara,
804 1726 995 1794 oboediendi
1019 1727 1171 1811 prudenti
1196 1728 1445 1797 conscientiae.“

278 1917 344 2002 §2-
375 1917 421 1984 In
444 1920 673 2005 hypothesi
696 1919 990 1988 conscientiae
1014 1921 1165 1987 dubiae
1184 1921 1253 1986 'vel
1278 1920 1524 2005 probabilis.

176 2111 180 2122 .
278 2049 340 2121 311.
436 2039 592 2124 Thetis
622 2040 804 2124 XXXV·
846 2064 899 2126 ad
919 2065 1063 2128 honeste
1084 2083 1102 2128 e
1124 2065 1336 2128 consolantia
1356 2066 1524 2148 agendum

277 2163 466 2240 requiritur
487 2166 522 2224 et
542 2161 674 2224 suflicit
695 2161 926 2224 conscientiae
948 2162 1118 2226 dictamen
1139 2163 1316 2226 moraliter
1337 2168 1477 2228 certum.

366 2280 672 2350 Praenctanda.
721 2283 750 2347 1.
774 2280 881 2347 Probe
904 2281 1170 2364 distinguendum
1193 2287 1245 2350 est
1268 2283 1431 2349 dictamen
1448 2305 1525 2350 con-

175 2427 179 2438 ·
277 2389 434 2456 scientiae
456 2389 491 2452 in
513 2408 612 2454 sensu
635 2387 752 2454 stricto
776 2393 934 2472 acceptae
957 2409 978 2454 a
1000 2388 1118 2454 iudicio
1135 2387 1272 2456 rationis
1287 2393 1413 2455 remote
1429 2409 1524 2472 prac-

175 2556 182 2576 ,
276 2495 353 2574 tice,
378 2495 464 2578 quod
488 2493 588 2560 etiam
611 2493 646 2558 in
669 2513 791 2576 genere
814 2515 941 2560 morum
958 2497 1185 2580 speculativum
1203 2494 1330 2560 dicitur.
1363 2493 1526 2562 Videlicet

276 2602 311 2666 in
333 2601 396 2668 hac
418 2601 505 2667 thesi
527 2604 656 2667 tantum
682 2601 722 2665 de
744 2600 853 2684 priore
876 2601 998 2684 agitur,
1023 2601 1108 2683 quod
1132 2621 1261 2686 semper
1284 2602 1448 2668 dictamen
1471 2621 1524 2668 ra-

276 2707 376 2773 tionis
399 2711 545 2774 ultimum
562 2710 745 2794 practicam
769 2709 915 2774 denotat.
963 2711 994 2773 2.
1022 2707 1212 2785 ,Moraliter
1235 2711 1379 2774 certum“
1407 2707 1526 2775 dicitur

177 2891 182 2903 .
277 2814 442 2882 dictamen
465 2837 523 2880 scu
545 2814 700 2882 iudicium
723 2814 871 2892 rationis,
896 2816 982 2898 quod
1005 2835 1065 2880 sua
1080 2815 1292 2900 proportione
1308 2816 1350 2881 ad
1366 2815 1523 2882 motivum

174 2915 175 2992 J
277 2941 405 2986 omnem
428 2923 618 3007 prudentem
640 2919 846 2986 formidinem
871 2921 1001 2988 errandi
1026 2921 1181 2988 excludit.

365 3059 526 3133 Probatur
546 3079 625 3151 part
646 3059 674 3130 I.
723 3064 933 3149 ,Requiritar
958 3117 964 3129 .
992 3117 997 3128 .
1026 3064 1053 3129 .“

367 3167 501 3245 Quoties
534 3167 698 3234 dictamen
732 3168 952 3235 conscientiae
983 3170 1069 3235 circa
1099 3171 1262 3236 actionem
1292 3170 1525 3254 particularem

275 3296 320 3341 ex
343 3275 426 3358 legis
449 3274 649 3358 obligatione
671 3276 726 3340 vel
750 3276 989 3361 suscipiendam
1016 3277 1067 3342 vel
1092 3277 1306 3343 omittendam
1323 3277 1438 3343 morali
1455 3297 1525 3341 ccr-

174 3464 175 3467 ,
274 3381 418 3447 titudine
441 3385 543 3460 caret,
567 3381 588 3447 i.
613 3402 641 3448 e.
667 3381 797 3464 quoties
820 3385 872 3448 est
895 3383 1028 3448 dubium
1044 3383 1097 3448 vel
1114 3384 1242 3450 nonnisi
1258 3381 1436 3467 probabile,
1461 3402 1524 3448 non

174 3571 178 3576 ³
275 3487 423 3554 excludit
453 3488 647 3571 prudentem
680 3488 887 3555 formidinem
901 3493 907 3501 '
920 3490 961 3555 de
992 3489 1202 3556 inhonestate
1232 3489 1380 3556 actionis.
1427 3490 1527 3574 Atqui

275 3614 351 3659 cum
375 3593 498 3659 actuali
522 3593 675 3678 prudenti
697 3594 881 3674 formidine,
906 3616 947 3661 ue
969 3595 1177 3662 inhonestum
1201 3594 1254 3673 sit,
1279 3595 1364 3678 qnod
1386 3593 1524 3676 agimus,

174 3774 175 3793 ἦ
274 3719 377 3780 agere
400 3700 495 3766 nefas
517 3705 580 3767 est.

174 3868 175 3871 ,
365 3806 481 3875 Proh.
505 3806 647 3871 minor.
695 3807 812 3872 Procul
836 3807 934 3872 dubio
957 3808 1051 3874 nefas
1075 3811 1137 3886 est,
1167 3807 1346 3874 deliberate
1370 3827 1525 3890 spernere

174 3902 175 3905 '
275 3912 394 3994 legem,
418 3933 459 3979 ea
482 3911 636 3978 videlicet
658 3913 842 3979 voluntatis
865 3913 1079 3997 dispositione
1098 3914 1230 3990 actuali,
1255 3919 1293 3978 ut
1309 3917 1468 3994 quantum
1484 3913 1525 3978 ab

174 4028 179 4110 j
273 4018 349 4102 ipsa
372 4020 525 4102 pendeat,
550 4039 654 4102 aeque
677 4023 797 4103 parata
820 4020 873 4097 sit,
897 4019 1140 4102 inhonestatem
1165 4041 1204 4086 ac
1228 4021 1433 4086 honestatem
1455 4039 1525 4084 am-

274 4124 386 4208 plecti.
434 4129 532 4211 Atqui
562 4125 616 4207 qui
641 4146 714 4191 cum
738 4125 884 4210 practico
909 4125 1005 4191 dnbio
1029 4129 1154 4192 temere
1178 4125 1371 4193 alterutram
1396 4131 1523 4210 partem

174 4271 182 4281 -
274 4229 381 4312 eligit,
404 4230 438 4295 in
461 4232 520 4296 illa
542 4232 642 4296 animi
666 4231 879 4315 dispositione
902 4237 1057 4298 versatur
1080 4236 1114 4297 et
1138 4231 1242 4316 legem
1267 4232 1403 4316 spernit.
1438 4233 1525 4317 Erqo

174 4382 176 4387 ·
274 4337 454 4418 requiritur
477 4337 640 4403 dictamen
665 4337 782 4403 saltem
806 4337 976 4403 moraliter
1000 4337 1158 4404 certum2.

366 4473 526 4548 Probatur
548 4494 627 4568 pars
650 4476 691 4549 11.
740 4479 887 4563 ,Sufficit
912 4531 918 4545 .
946 4533 952 4546 .
979 4481 1005 4546 .“

366 4583 473 4649 Nemo
495 4583 538 4650 ad
562 4605 611 4662 ea,
636 4606 720 4666 quae
743 4590 915 4669 praestare
939 4585 1062 4667 nequit,
1094 4585 1233 4668 obligari
1256 4586 1437 4652 censendus
1462 4592 1523 4653 est.

275 4693 377 4774 Atqui
407 4690 468 4754 uisi
499 4691 542 4756 ad
570 4692 708 4757 honeste
739 4693 901 4774 agendum
925 4693 1093 4760 sufficeret
1117 4693 1281 4759 dictamen
1305 4693 1525 4759 conscientiae

369 4866 377 4896 ¹
397 4863 427 4918 L.
447 4882 470 4917 c.
525 4867 549 4918 9.

367 4953 378 4986 ²
398 4953 439 5008 Gi.
458 4864 602 5008 &fithom
624 4957 647 5016 1,
667 4957 692 5019 2,
711 4971 737 5024 q.
759 4956 808 5020 19,
827 4973 851 5010 a.
874 4957 890 5010 3
911 4959 927 5011 5
947 4958 963 5011 6
971 4977 979 5020 ;
1005 4956 1128 5022 Quodlib.
1148 4958 1179 5022 8,
1199 4963 1249 5012 art.
1272 4959 1318 5022 13;
1341 4959 1445 5012 Sucrez
1463 4959 1481 5012 l.
1501 4977 1523 5014 c.

174 5025 176 5031 .
276 5045 345 5095 sect.
365 5041 390 5095 3.
