3909 5842
525 691 571 746 lus
590 693 715 761 estpars
734 691 902 746 constituens
922 692 1050 747 obiectivi
1069 689 1171 745 ordinis
1190 687 1308 742 moralis.
1474 691 1538 756 405

290 871 385 950 ordo,
409 869 564 935 iuridicus
588 871 622 933 et
645 867 788 946 moralis,
812 867 1023 951 inseparabili
1042 866 1171 932 vinculo
1196 865 1387 931 coniunctus
1403 864 1540 930 eandem

291 975 490 1044 obiectivam
514 974 725 1042 sanctitatem
749 973 871 1057 iugiter
893 973 1082 1059 participet.

385 1081 509 1147 Eadem
532 1079 691 1165 imprimis
719 1079 987 1159 „conservativa“
1022 1079 1079 1145 illa
1106 1078 1187 1144 iuris
1209 1077 1425 1162 philosophia,
1457 1097 1542 1159 quae

292 1189 418 1254 reiecta
440 1186 602 1253 communi
625 1189 775 1252 veterum
800 1186 932 1251 notione
956 1185 1046 1265 iuris,
1072 1205 1136 1267 qua
1158 1184 1220 1250 hoc
1242 1204 1362 1249 nomen
1385 1183 1427 1249 ad
1446 1203 1541 1248 omne

293 1293 458 1360 obiective
481 1293 603 1359 iustum
629 1291 827 1371 extenditur,
859 1291 984 1358 nullum
1007 1313 1122 1358 verum
1146 1291 1197 1356 ius
1220 1290 1282 1355 nisi
1305 1289 1484 1374 positivum
1508 1294 1543 1356 et

292 1401 424 1484 quidem
447 1394 636 1466 humanitus
660 1403 804 1464 erectum
828 1419 867 1464 ac
886 1398 1068 1465 subsistens
1084 1418 1158 1463 esse
1173 1396 1279 1474 docet,
1304 1400 1543 1479 consequenter

293 1510 465 1592 crodoqam
497 1507 570 1571 huic
602 1507 775 1571 sententiae
807 1505 961 1572 theoriam
994 1508 1081 1570 circo
1110 1506 1294 1569 relationem
1324 1505 1375 1568 ius
1404 1506 1487 1569 inter
1514 1510 1543 1568 et

294 1616 506 1679 moralitatem
529 1612 701 1678 adstruere
726 1615 873 1678 conatur.
905 1611 988 1678 Eam
1010 1632 1091 1695 prae
1107 1610 1225 1676 ceteris
1241 1609 1330 1675 clare
1345 1611 1384 1676 F.
1401 1610 1433 1675 J.
1452 1610 1543 1676 Stclrl

293 1721 328 1786 in
352 1740 451 1804 opere
474 1719 540 1784 iam
563 1739 663 1803 supra
687 1720 964 1784 commemorato1
987 1717 1156 1802 professus
1179 1721 1248 1794 est;
1273 1716 1364 1782 cuius
1381 1715 1543 1801 expositio

294 1827 338 1892 ad
369 1827 452 1892 hanc
482 1825 621 1908 denique
651 1846 811 1891 summam
844 1825 947 1890 redit:
980 1825 1036 1890 Ius
1069 1845 1142 1889 cum
1174 1824 1249 1906 lege
1280 1822 1398 1890 morali
1429 1821 1541 1906 procul

296 1933 392 1998 dubio
409 1933 470 1998 hoc
491 1931 659 1998 essentiali
682 1951 769 1997 nexu
793 1931 954 2014 compagi,
979 1931 1065 2014 quod
1089 1929 1260 2013 utriusque
1283 1927 1463 1996 communis
1479 1930 1543 1993 ori-

294 2043 444 2126 ginarius
468 2039 657 2121 tonsisque
681 2037 810 2103 divinus
834 2059 906 2103 esse
929 2037 1153 2120 intellegatur.
1192 2036 1343 2102 Ceterum
1368 2038 1479 2101 autem
1502 2033 1544 2100 ad

296 2147 474 2213 essentiam
503 2145 584 2211 iuris
612 2166 676 2211 non
701 2143 874 2228 pertinere,
908 2149 946 2210 ut
978 2143 1188 2227 originariam
1220 2142 1311 2209 illam
1342 2147 1377 2209 ot
1406 2140 1543 2206 idealem

295 2274 388 2319 suam
418 2251 623 2317 harmoniam
655 2272 727 2316 cum
757 2251 947 2318 moralitate
974 2250 1007 2315 in
1032 2251 1145 2316 ordine
1168 2270 1298 2333 quoque
1320 2248 1402 2314 reali
1423 2246 1545 2328 iugiter

295 2359 448 2437 retineat,
480 2357 580 2422 immo
611 2357 801 2439 contingere
830 2377 937 2440 posse,
973 2361 1011 2423 ut
1043 2355 1149 2422 ordini
1178 2355 1288 2421 divino
1320 2358 1435 2439 aperte
1467 2373 1544 2418 con-

296 2466 434 2532 trarium
459 2465 519 2542 sit;
552 2467 651 2546 atque
682 2467 751 2529 tum
776 2463 875 2530 etiam
899 2463 980 2528 illud
1004 2484 1117 2528 verum
1142 2462 1192 2528 ius
1215 2482 1349 2527 manere
1372 2459 1462 2526 etin
1486 2479 1545 2524 suo

298 2573 412 2656 vigore
435 2569 625 2637 subsistere.

388 2678 551 2743 Nimirum
575 2677 623 2742 ita
646 2675 701 2741 ille
720 2697 801 2742 vera
824 2680 858 2741 et
882 2674 1061 2742 christiana
1084 2696 1157 2740 cum
1181 2673 1275 2740 falsis
1299 2677 1334 2739 et
1355 2672 1441 2739 fictis
1458 2693 1545 2738 com-

296 2784 436 2850 miscens
465 2783 595 2848 scribit:
632 2782 737 2860 „Ordo
769 2783 903 2849 moralis
928 2782 1089 2849 latissime
1121 2785 1277 2865 acceptus
1301 2780 1375 2860 (das
1400 2779 1545 2846 sittliche

298 2890 428 2970 (debiat)
445 2889 604 2973 duplicem
622 2893 808 2973 respectum
826 2889 988 2967 continet;
1013 2887 1133 2973 partim
1149 2887 1283 2972 respicit
1298 2889 1361 2952 Dei
1375 2889 1547 2972 imag-inem

297 3001 332 3062 iu
356 2999 481 3062 horulae
504 2994 772 3080 (perficiendam),
797 2995 916 3080 partim
939 2997 1085 3060 ordinem
1101 2997 1216 3060 orandi
1230 2997 1264 3060 in
1280 3017 1393 3080 perere
1408 2995 1548 3058 humano

298 3105 472 3170 secundum
508 3103 612 3168 ideam
645 3103 709 3168 Dei
743 3101 809 3182 (die
844 3101 1088 3183 Waltordnung
1121 3101 1238 3167 Gottes
1272 3099 1316 3164 im
1351 3098 1545 3164 Menschen-

298 3205 531 3292 geschlechte).
580 3208 640 3272 Ille
665 3213 716 3274 est
740 3207 967 3284 sanctificatio,
999 3207 1042 3272 ad
1065 3227 1163 3289 quam
1186 3207 1292 3283 homo,
1324 3205 1545 3286 unusquisque

297 3337 357 3400 pro
380 3335 427 3394 se,
458 3318 615 3390 vocatum
646 3313 699 3378 hic
723 3317 833 3380 autem
858 3316 1031 3380 externum
1054 3312 1202 3378 habitum
1226 3316 1260 3377 et
1283 3310 1430 3376 ordinem
1457 3331 1545 3375 com·

299 3421 482 3506 prehendit.
515 3441 579 3502 quo
602 3419 692 3483 Deus
722 3419 909 3484 universum
941 3439 1046 3502 genus
1075 3419 1254 3483 secundum
1277 3416 1432 3483 socialem
1454 3416 1545 3481 vitae

299 3526 557 3593 communionem
587 3528 622 3590 et
650 3524 828 3590 secundum
857 3525 1017 3591 unitatem
1042 3524 1236 3590 collectivae
1258 3523 1473 3589 exsistentiae
1495 3521 1546 3586 in-

299 3633 476 3699 formatum
507 3633 595 3710 vult;
622 3685 629 3699 .
656 3685 662 3698 .
690 3685 696 3698 .
721 3632 754 3697 in
783 3631 839 3697 illo
870 3636 1002 3698 virtutes
1033 3631 1212 3714 (morales),
1243 3684 1250 3698 .
1276 3684 1283 3697 .
1310 3683 1317 3698 .
1341 3631 1375 3696 in
1403 3630 1465 3693 hoc
1492 3632 1544 3701 in-

299 3743 476 3806 alitationes
504 3738 702 3822 (sociales).
730 3792 736 3806 .
763 3791 770 3806 .
799 3739 990 3816 fundantur,
1021 3739 1138 3805 ambae
1167 3739 1200 3803 in
1231 3735 1346 3804 mutu'a
1375 3735 1546 3802 harmonia

300 3851 333 3914 et
355 3847 493 3913 unitate.
540 3846 601 3911 Dei
632 3845 733 3911 solius
761 3850 813 3912 est
840 3845 903 3911 Dei
925 3845 1102 3927 imaginem
1126 3843 1158 3908 in
1182 3844 1312 3909 homine
1335 3862 1544 3919 conservare,

300 3973 415 4037 nempe
445 3974 504 4036 per
534 3974 595 4018 sua
625 3957 802 4037 praecepta
825 3974 984 4034 suamque
1007 3951 1199 4036 potentiam,
1230 3971 1328 4033 quam
1351 3949 1490 4015 interius
1512 3947 1546 4011 in

301 4059 498 4126 conscientia
528 4063 563 4126 et
591 4059 625 4125 in
656 4059 758 4126 libero
788 4057 928 4124 hominis
952 4057 1107 4141 obsequio
1131 4062 1275 4124 exercet.
1323 4056 1410 4121 Ordo
1434 4058 1544 4120 autem

300 4165 408 4231 mundi
432 4165 465 4230 in
488 4187 610 4249 genere
633 4167 775 4233 humano
799 4165 977 4231 secundum
999 4166 1108 4231 ideam
1131 4164 1193 4231 Dei
1216 4163 1334 4229 simul²
1364 4161 1465 4229 etiam
1487 4181 1547 4244 per

301 4273 491 4339 societatem
514 4273 691 4338 humanam
715 4271 903 4338 conservari
926 4271 1026 4338 debet
1049 4277 1083 4338 et
1107 4271 1236 4354 quidem
1260 4273 1373 4336 ordine
1396 4272 1545 4352 larnano,

302 4399 395 4461 quem
424 4378 496 4462 ipsa
527 4379 625 4462 erigit
655 4383 689 4445 et
719 4379 770 4444 cui
801 4379 947 4461 singulos
974 4400 1088 4444 omnes
1111 4400 1172 4463 ope
1196 4382 1355 4444 externae
1377 4373 1547 4460 potentiae

302 4485 439 4565 subiicit,
464 4489 499 4552 et
521 4486 573 4552 hic
595 4485 666 4570 ipse
690 4485 769 4551 ordo
793 4489 845 4552 est
869 4521 909 4530 —
934 4484 1023 4551 ΙΝ.
1043 4538 1049 4550 .
1070 4539 1101 4550 ..
1148 4486 1221 4551 Hoc
1244 4506 1280 4551 se
1305 4483 1438 4550 exhibet
1460 4484 1546 4547 tam-

308 4619 392 4626 ..ι-,-

393 4675 533 4730 ¹Rechts·
552 4675 607 4729 und
626 4673 795 4729 Staatslehro
814 4673 838 4728 2.
858 4673 949 4740 Roob,
976 4691 999 4729 c.
1020 4675 1049 4729 l:
1072 4674 1192 4744 „Begriff
1214 4675 1262 4728 des
1281 4673 1383 4728 Rechts
1408 4671 1462 4727 und
1487 4671 1546 4725 sein

302 4761 459 4817 Verhltltnis
477 4781 525 4817 zur
543 4763 657 4817 Moral‘.

390 4851 400 4883 ²
419 4851 529 4906 Scilicet
547 4857 656 4922 praeter
673 4851 859 4906 immediatam
879 4851 929 4906 Dei
954 4851 1140 4923 operationem
1159 4853 1187 4905 in
1207 4851 1380 4906 conscientiis
1399 4849 1546 4912 hominum,

303 4957 381 5008 quam
400 4957 507 5010 semper
524 4941 707 4996 necessariam
726 4958 787 4994 esse
801 4941 880 4996 stall
899 4941 1034 4995 admittit:
1057 4939 1150 5007 ‚Ohne
1169 4940 1219 4994 das
1237 4943 1341 4995 mdeste
1360 4940 1408 4993 der
1420 4938 1479 4992 Bau
1498 4937 1547 4991 der

302 5027 440 5082 sittlichen
459 5028 534 5082 Welt
552 5029 707 5084 nerfallen.'‘
747 5028 777 5084 L.
797 5047 819 5085 c.
840 5029 856 5098 ξ
878 5031 901 5084 l.
