3909 5842
429 677 471 741 36
706 672 796 727 Sectic
815 672 835 727 I.
873 672 954 728 Liber
972 674 994 727 1.
1032 673 1121 744 Caput
1140 674 1173 729 ll.
1211 673 1352 729 Articulus
1371 675 1397 728 2.

428 852 540 938 plicita
564 852 634 917 sive
657 851 811 935 explicite
834 851 868 915 in
895 850 1131 919 beatitudinem
1160 853 1365 919 sollicitetur.
1411 856 1515 940 Atqui
1543 858 1698 935 utroque

428 960 524 1025 modo
535 960 631 1025 horno
644 958 840 1025 naturaliter
851 964 1010 1042 appetere
1022 958 1257 1025 beatitudinem
1270 960 1515 1043 comprobatur.
1538 960 1697 1041 Ergo...

517 1066 632 1131 Prob.
657 1064 799 1129 minor.
846 1066 901 1129 Ad
925 1068 975 1131 Γ.
1022 1066 1130 1131 Homo
1153 1066 1297 1133 naturali
1326 1064 1544 1131 inclinatione
1568 1065 1699 1130 volun-

427 1173 508 1241 tatis
531 1172 638 1237 fertur
659 1172 693 1237 in
717 1172 835 1237 bonum
860 1171 1050 1250 universim,
1074 1172 1095 1239 i.
1117 1192 1145 1239 e.
1169 1172 1202 1237 in
1227 1193 1322 1238 omne
1345 1172 1465 1237 bouum
1487 1172 1698 1238 indetermi-

427 1286 506 1348 nate
525 1283 691 1362 sumptum
707 1276 837 1359 (Thasie
852 1278 913 1362 11);
937 1278 1003 1344 iam
1027 1298 1105 1344 vero
1129 1278 1191 1345 hoc
1214 1278 1376 1345 obiectum
1400 1278 1542 1344 formale
1567 1278 1699 1343 volun-

426 1386 508 1453 tatis
531 1384 705 1451 manifeste
728 1406 802 1450 cum
823 1384 895 1469 ipso
919 1390 1078 1470 conceptu
1103 1385 1329 1463 beatitudinis,
1357 1386 1389 1451 in
1415 1385 1586 1451 communi
1613 1406 1699 1451 cou-

427 1493 601 1567 sidereus,
625 1494 756 1557 realiter
771 1492 984 1557 convertitur.
1016 1490 1105 1575 Ergo
1122 1491 1236 1557 eodem
1259 1495 1405 1557 naturali
1428 1491 1598 1575 appetitu,
1627 1512 1700 1574 quo

427 1598 523 1664 homo
545 1597 652 1664 fertur
674 1598 708 1661 in
731 1598 865 1675 bonum,
890 1598 991 1665 etiam
1015 1598 1047 1663 iu
1071 1598 1307 1665 beatitudinem
1331 1598 1411 1663 ferri
1435 1598 1603 1663 dicendus
1628 1605 1699 1663 est.

516 1704 570 1769 Aa
591 1707 645 1769 2⁸.
681 1702 714 1785 a)
738 1704 845 1769 Homo
865 1704 994 1770 ratione
1010 1704 1144 1771 evoluta
1167 1726 1231 1769 non
1253 1709 1364 1789 potest
1385 1725 1449 1769 non
1470 1704 1700 1787 aliquatenus

428 1810 577 1877 conscius
599 1809 669 1874 fieri
692 1808 841 1874 formalis
863 1808 951 1875 illius
972 1810 1194 1877 inclinationis
1214 1810 1246 1875 in
1263 1810 1517 1885 beatitudinem
1542 1810 1581 1875 in
1599 1811 1700 1876 omni

427 1915 512 1981 enim
541 1921 617 1983 actu
640 1915 697 1981 illa
719 1919 889 1997 tamquam
913 1916 1111 1983 elementum
1135 1916 1204 1981 eius
1228 1915 1403 1983 essentiale
1427 1916 1548 1981 elucet.
1604 1916 1700 1999 Sup-

426 2022 535 2106 posita
558 2026 669 2088 autem
693 2025 727 2087 et
750 2022 879 2087 formali
903 2022 1061 2087 eiusmodi
1086 2023 1302 2105 propensione
1325 2026 1360 2087 ot
1383 2022 1453 2087 eius
1476 2022 1699 2089 conscientie

426 2129 501 2213 plus
516 2127 665 2193 minusve
680 2128 815 2206 reflexa,
839 2149 861 2194 a
882 2128 983 2212 priori
1006 2128 1237 2212 psychologice
1253 2128 1474 2194 necessarium
1489 2148 1566 2193 esse
1585 2127 1699 2195 intel·

426 2234 556 2318 legitur,
579 2235 742 2300 hominem
758 2234 948 2317 frequenter
967 2235 1066 2301 etiam
1089 2238 1190 2301 elicito
1212 2239 1353 2321 oppetita
1375 2235 1419 2301 ad
1440 2233 1696 2299 beatitudinem

427 2341 584 2425 aspirare,
608 2341 659 2406 sin
682 2341 789 2407 minus
812 2341 976 2425 explicite,
1002 2346 1092 2408 certe
1116 2340 1282 2425 implicite,
1307 2340 1533 2407 contendendo
1554 2338 1698 2421 iugiter

427 2468 524 2531 quam
548 2446 756 2513 felicissimus
779 2448 860 2515 fieri.

515 2553 549 2636 b)
573 2554 663 2619 Idem
687 2554 728 2621 de
750 2554 840 2620 facto
863 2574 980 2621 sensus
1003 2554 1110 2621 intimi
1133 2554 1339 2638 experientia
1362 2555 1587 2619 confirmatur.
1641 2556 1696 2619 Eo

427 2660 512 2725 enim
535 2659 701 2725 indefessa
724 2660 863 2727 hominis
886 2661 1043 2727 activitas
1066 2665 1205 2744 spectat,
1230 2682 1294 2743 qua
1317 2660 1415 2725 nullis
1439 2659 1532 2725 bonis
1553 2662 1592 2725 et
1610 2682 1696 2725 sue-

426 2766 571 2832 cessibus
593 2767 689 2851 plene
713 2768 853 2834 satiatus
877 2768 919 2833 ad
942 2768 1116 2835 ulteriores
1132 2768 1253 2851 iugiter
1267 2770 1349 2833 fines
1365 2787 1438 2832 sese
1454 2764 1625 2843 extendit,
1654 2772 1695 2832 ut

425 2873 479 2938 vel
509 2874 551 2938 ad
581 2894 695 2939 verum
725 2874 888 2940 obiectum
918 2874 1087 2959 perfectae
1110 2874 1279 2941 felicitatis
1309 2873 1415 2956 magis
1445 2871 1627 2954 magisque
1654 2895 1694 2939 se
1778 2888 1779 2939 ἲ

426 2978 592 3063 disponat,
616 2980 685 3057 vel,
709 2980 738 3044 si
762 2980 849 3045 eirca
873 2980 960 3047 viam
985 2980 1026 3045 ad
1050 2980 1130 3045 illud
1153 2979 1186 3045 in
1210 3000 1320 3045 errore
1343 2984 1504 3056 versetur,
1535 2980 1694 3061 plurima

426 3086 545 3151 saltem
577 3107 706 3164 eorum,
740 3106 824 3169 quae
853 3086 940 3151 bon'a
969 3086 1154 3165 existimat,
1189 3085 1250 3151 sibi
1283 3086 1448 3169 decerpat.
1494 3084 1693 3169 Propterea

426 3194 460 3261 S.
482 3193 617 3259 Thomas
640 3214 704 3258 non
727 3190 857 3258 dubitat
879 3192 1035 3275 generale
1051 3192 1183 3257 axioma
1202 3196 1364 3258 statuere:
1395 3190 1693 3276 „Unumquodque

426 3298 498 3380 (sus
520 3298 698 3381 rationale)
714 3298 911 3364 naturaliter
927 3298 1093 3364 desiderat
1109 3319 1200 3363 suam
1219 3298 1367 3364 ultimam
1384 3296 1665 3381 perfectionem·3
1681 3304 1692 3343 ¹

426 3434 475 3509 52.
566 3436 784 3509 corollarium.
830 3440 1004 3505 Naturalis
1032 3442 1191 3523 appetitus
1217 3439 1425 3504 beatitudinis
1448 3440 1483 3503 irc
1507 3446 1690 3524 communi,

425 3566 491 3611 non
513 3565 608 3610 secus
631 3563 670 3608 aa
685 3542 853 3610 inclinatio
869 3544 1051 3610 voluntatis
1067 3543 1099 3609 in
1116 3544 1234 3609 bonum
1252 3542 1429 3608 universim
1446 3544 1517 3624 (42)
1533 3548 1688 3611 omniurn

424 3652 675 3737 particularium
698 3653 926 3736 appetitionum
948 3652 1165 3717 humanarum
1187 3650 1296 3732 forma
1319 3658 1399 3715 recte
1424 3650 1553 3732 dicitur,
1583 3660 1691 3738 atque

427 3761 474 3822 r'to
498 3761 603 3843 ipsum
626 3762 779 3822 naturam
802 3755 957 3834 hominis,
982 3756 1041 3821 sub
1065 3756 1256 3840 compendio
1280 3756 1441 3821 naturalis
1464 3757 1689 3841 expansionis
1777 3754 1778 3835 ξ

426 3862 497 3928 eius
520 3862 710 3938 exhibitam,
735 3863 903 3929 verissime
927 3863 1092 3947 exprimit.
1777 3840 1778 3859 Χ

899 4052 1143 4121 Articulus
1167 4050 1199 4120 2.

626 4173 794 4236 Asseritrr
814 4172 891 4255 finis
915 4172 1052 4236 hercinia
1077 4172 1205 4236 ultimus
1228 4172 1264 4235 in
1288 4172 1476 4235 communit

428 4301 475 4374 53.
565 4303 761 4369 Essentialis
783 4302 952 4369 inclinatio
975 4307 1114 4369 naturae
1134 4303 1296 4370 humanae
1319 4304 1353 4367 in
1376 4301 1624 4383 beatitudinem,
1649 4305 1678 4369 si

427 4431 485 4493 per
504 4432 540 4476 se
555 4414 733 4495 spectatur,
758 4414 811 4475 est
828 4410 953 4477 factum
971 4431 1060 4476 mere
1077 4410 1352 4493 psychologioum,
1377 4409 1462 4491 quod
1478 4408 1608 4475 ratione
1624 4411 1676 4475 sui

519 4570 528 4601 ¹
547 4568 573 4621 S.
593 4567 675 4621 theol.
690 4570 713 4631 1,
732 4585 759 4637 q.
779 4568 822 4633 62,
841 4584 866 4621 a.
881 4569 905 4622 l.
930 4568 971 4622 Cf.
987 4570 1099 4636 Saurea,
1119 4567 1158 4621 De
1177 4568 1230 4622 fine
1250 4568 1322 4622 horn.
1342 4568 1410 4637 disp.
1427 4569 1467 4621 16.
1491 4570 1519 4621 S.
1534 4570 1614 4635 Auo„
1635 4568 1676 4623 De
1776 4578 1777 4613 l

429 4657 549 4711 moribus
567 4656 674 4711 Eccles.
693 4656 711 4709 l.
733 4658 757 4721 1,
776 4674 800 4711 c.
819 4658 845 4721 3,
864 4674 890 4711 n.
908 4659 942 4720 4;
961 4657 1047 4712 Sarm.
1067 4658 1109 4721 53,
1129 4675 1155 4710 n.
1176 4658 1207 4721 1;
1226 4656 1312 4712 Sarm.
1331 4658 1391 4720 306,
1410 4674 1435 4709 n.
1456 4656 1480 4721 3,
1500 4656 1575 4711 alibi.

517 4745 528 4778 ¹
547 4744 589 4798 Cf.
609 4745 642 4797 de
659 4748 717 4799 toto
736 4744 787 4799 hoc
806 4749 966 4814 argumento
979 4749 1101 4812 Aristot,
1120 4745 1208 4799 Ethic.
1221 4744 1377 4799 Nicomach.
1397 4744 1415 4797 l.
1431 4746 1454 4799 1.
1486 4748 1515 4799 S.
1536 4748 1616 4814 Aac„
1637 4746 1676 4800 De

429 4835 481 4889 cir.
501 4834 551 4888 Dei
570 4834 588 4888 l.
609 4836 651 4897 14,
670 4852 692 4888 e.
707 4835 756 4897 25;
776 4834 793 4887 l.
810 4836 851 4895 19,
870 4852 893 4888 c.
906 4834 956 4897 49;
978 4834 1189 4899 Confess.l.10‚
1209 4853 1232 4889 c.
1246 4834 1366 4891 20-23:
1386 4834 1496 4904 Soliloq.
1511 4834 1528 4888 l.
1545 4838 1567 4897 l,
1588 4854 1612 4891 o.
1628 4838 1676 4899 12;

429 4922 712 4977 concrescerent.
734 4925 756 4985 1,
776 4942 798 4976 o.
819 4923 836 4976 3
855 4924 872 4977 3
891 4924 922 4986 9;
948 4923 988 4977 De
1008 4924 1065 4977 vita
1085 4923 1165 4977 beata
1183 4922 1229 4976 lib.
1249 4940 1327 4977 unus.
1366 4926 1393 4977 S.
1417 4924 1525 4991 Thena,
1545 4922 1571 4978 S.
1592 4924 1676 4981 theol.

432 5015 453 5073 1,
472 5012 497 5076 2,
517 5028 543 5079 q.
565 5012 578 5064 1
598 5014 627 5064 et
645 5011 674 5073 23
694 5011 795 5064 Contra
814 5009 917 5064 Gentes
936 5010 954 5064 l.
975 5012 1001 5074 3,
1019 5028 1042 5065 c.
1065 5010 1176 5065 16-37.
