3909 5842
418 694 483 757 446
636 689 725 745 Sentio
745 690 779 744 ll.
817 690 897 745 Liber
915 691 949 745 Il.
988 690 1077 761 Caput
1096 691 1129 744 ll.
1167 689 1309 744 Articulue
1327 690 1353 744 3.
1391 688 1454 758 Η.

419 873 495 954 post
517 868 639 934 multos
662 868 875 953 imperfectos
898 867 1096 935 evolutionis
1114 868 1247 952 gradus,
1270 888 1358 933 nunc
1372 866 1514 952 primum
1531 868 1678 950 denique

419 976 469 1041 sui
492 974 594 1059 ipsius
618 974 800 1058 plenaeque
823 994 903 1041 suae
922 974 1145 1058 suprematiae
1161 973 1256 1056 (,der
1269 974 1380 1039 vollen
1396 973 1677 1057 Souverdnitat‘)

419 1082 480 1147 sibi
503 1081 668 1148 conscium
691 1081 817 1147 factum
841 1101 913 1147 esse
937 1080 1131 1164 gloriantur.
1174 1080 1360 1146 stravere
1382 1078 1416 1144 in
1438 1079 1517 1145 idea
1543 1085 1676 1158 ‚status

418 1188 597 1265 moderni“,
618 1190 785 1270 tamquam
803 1185 906 1252 fontis
922 1191 956 1253 et
972 1186 1116 1271 supremi
1131 1184 1249 1252 arbitri
1264 1184 1370 1251 omnis
1384 1184 1475 1265 iuris,
1498 1188 1675 1269 tamquam

418 1292 651 1377 omnipotentis
667 1292 878 1375 legislatoris,
896 1296 1064 1375 tamquam
1081 1290 1278 1357 universalis
1293 1291 1424 1374 generis
1439 1292 1578 1358 humani
1594 1313 1674 1377 pse-

418 1400 539 1482 dagogi
562 1402 597 1465 et
630 1400 735 1465 omnis
766 1400 914 1465 culturae
943 1398 1133 1483 provisoris,
1164 1401 1200 1463 et
1229 1398 1321 1463 cuius
1345 1398 1497 1464 ultimum
1525 1399 1674 1465 stadium

418 1504 615 1571 evolationis
638 1506 746 1589 logica
769 1506 969 1573 necessitate
993 1504 1081 1571 aliud
1105 1525 1178 1571 esse
1201 1526 1266 1570 non
1290 1509 1401 1588 potest
1423 1504 1486 1570 nisi
1506 1508 1674 1571 absolutae

417 1614 625 1697 socialicmus,
657 1648 701 1658 —
730 1612 802 1695 quis
833 1634 897 1677 non
927 1611 961 1677 in
993 1611 1052 1677 illa
1083 1611 1262 1677 secundum
1289 1611 1511 1678 substantiam
1545 1616 1673 1679 statum

417 1718 581 1802 publicum
604 1718 745 1802 Hegelii‚
770 1740 829 1803 per
851 1739 887 1783 ss
908 1722 1058 1785 sanctum
1075 1737 1115 1783 ao
1131 1717 1286 1795 divinum,
1310 1717 1408 1783 immo
1424 1718 1532 1783 solem
1547 1718 1673 1783 realem

417 1824 572 1891 interris
597 1824 804 1891 divinitatem
827 1824 915 1890 illico
939 1827 1126 1907 agnoscat?

418 1960 483 2033 541.
574 1962 691 2046 Neque
715 1984 794 2029 vero
818 1964 887 2030 ulla
909 1984 946 2028 re
969 1963 1076 2047 magis
1099 1984 1198 2046 quam
1222 1964 1283 2028 hac
1306 1962 1379 2046 ipsa
1401 1962 1540 2045 politica
1561 1964 1673 2031 indole

417 2089 536 2134 novum
562 2074 709 2153 systema
732 2092 812 2155 prae
835 2071 955 2137 ceteris
978 2070 1041 2137 sibi
1064 2063 1213 2137 favorem
1237 2056 1426 2154 promeruit,
1456 2075 1496 2138 ut
1524 2075 1561 2136 et
1585 2072 1671 2155 apud

417 2178 552 2241 exteras
575 2179 692 2259 gentes
716 2198 781 2242 non
811 2198 934 2261 paucos
964 2177 1087 2243 dociles
1118 2177 1245 2243 animos
1275 2180 1475 2253 numeraret,
1509 2176 1568 2259 qui
1603 2177 1672 2242 eius

417 2282 650 2349 substantialia
673 2284 837 2349 elementa
860 2283 931 2349 sive
954 2283 1088 2367 scriptis
1104 2283 1196 2348 libris
1212 2282 1332 2348 sivein
1348 2282 1515 2349 cathedris
1530 2283 1672 2367 publicis

417 2388 677 2468 disseminarent,
714 2390 812 2469 ,iuris
842 2390 1008 2455 moderni“
1036 2390 1251 2456 fundamenta
1273 2389 1423 2473 posituri.
1469 2389 1525 2456 Ita
1549 2390 1670 2466 evenit,

417 2498 453 2561 ut
477 2494 741 2579 Hegelianismus
764 2496 797 2561 in
814 2496 886 2581 ipsa
903 2496 1079 2561 Germania
1094 2516 1160 2579 qua
1174 2494 1252 2561 talis
1267 2494 1334 2559 iam
1350 2514 1453 2579 prope
1469 2496 1641 2579 collapsus
1650 2499 1669 2571 ¹,

417 2606 513 2668 extra
537 2603 607 2668 eius
630 2604 721 2681 fines,
745 2602 888 2669 maxime
912 2606 1022 2669 autem
1046 2604 1080 2668 in
1102 2624 1217 2669 recens
1232 2607 1311 2669 nato
1332 2624 1452 2686 ,reguo
1468 2602 1610 2669 Italiae‘
1631 2602 1670 2668 ad

416 2728 534 2773 novam
558 2707 660 2774 vitam
685 2712 889 2793 resurgeret:
914 2709 1011 2793 idque
1035 2731 1099 2775 uon
1123 2730 1202 2776 casu
1224 2746 1269 2754 —
1291 2710 1349 2774 sed
1373 2709 1515 2776 sollicito
1533 2708 1669 2775 consilio

416 2812 570 2879 factionis
604 2816 759 2898 politicae
792 2821 826 2883 et
860 2838 971 2881 eorum
1006 2816 1212 2900 potissimum
1245 2816 1494 2899 cooperatione,
1530 2837 1668 2899 quorum

417 2919 578 2986 intererat
608 2942 689 3005 opus
721 2922 944 3000 revolutionis,
975 2922 1042 2988 iam
1068 2942 1221 2987 successu
1251 2927 1454 2999 coronatum,
1486 2922 1523 2987 in
1553 2920 1668 2988 animis

417 3046 544 3107 quoque
568 3030 603 3091 et
624 3026 756 3111 publica
780 3027 930 3111 opinione
954 3027 1156 3093 constabiliri
1167 3029 1190 3096 ².

789 3220 807 3303 ξ
832 3224 861 3288 2.
896 3220 1096 3288 Reflexio
1124 3222 1288 3289 critica.

415 3350 485 3423 542.
577 3352 661 3419 Iuris
683 3352 932 3437 philosophiam,
957 3376 1056 3437 quem
1079 3354 1304 3439 expendimus,
1332 3356 1539 3439 speculative
1563 3362 1664 3423 totam

415 3458 448 3524 in
479 3464 593 3543 aperto
620 3461 821 3547 pantheiemo
851 3460 982 3526 fundari
1005 3462 1047 3526 ab
1070 3481 1173 3543 eoque
1196 3461 1228 3526 in
1252 3462 1320 3527 suis
1344 3462 1598 3529 deductionibus
1618 3464 1663 3528 in·

416 3566 560 3643 formari,
585 3586 680 3631 nemo
704 3570 755 3631 est
778 3565 833 3648 qui
857 3586 920 3630 uon
945 3565 1070 3653 videat,
1102 3566 1227 3632 Eadem
1250 3568 1380 3633 sublato
1403 3588 1484 3633 vero
1501 3568 1576 3634 Deo
1595 3590 1662 3654 per

415 3671 530 3750 sonali,
555 3670 666 3736 mundi
690 3675 840 3737 creatore
862 3670 975 3750 libero,
1001 3693 1111 3737 rerum
1134 3674 1277 3737 omnium
1296 3672 1485 3739 ordinatore
1511 3696 1554 3740 ac
1567 3676 1661 3757 legis·

415 3778 522 3842 latore
551 3777 677 3843 infinite
699 3778 837 3861 provido
862 3782 896 3844 et
919 3782 1047 3856 sancto,
1078 3779 1205 3863 pariter
1227 3783 1262 3845 et
1283 3779 1423 3845 bominis
1442 3785 1608 3865 pensinae
1627 3785 1661 3848 li

415 3886 538 3967 hortati,
564 3884 680 3949 morali
703 3886 944 3971 imputabilitati
966 3889 1067 3967 atque
1084 3888 1212 3951 arrianae
1226 3888 1416 3952 individuae
1431 3890 1661 3955 immortalitati

414 3990 539 4056 nullum
562 3990 659 4073 plane
682 3990 788 4057 locum
813 3991 977 4073 relinquit.
1010 3990 1071 4069 Qui
1088 3990 1354 4058 fundamentales
1370 4014 1510 4072 errores,
1535 3996 1659 4062 aliunde

505 4228 514 4260 ¹
532 4226 563 4281 ld
582 4242 636 4279 uon
654 4224 741 4279 solum
760 4226 867 4279 interno
885 4224 995 4279 scholae
1014 4224 1126 4279 dissidio
1145 4225 1246 4289 evenit,
1265 4243 1359 4279 verum
1378 4230 1407 4281 et
1418 4228 1553 4282 acerrimo
1571 4229 1658 4284 critico

414 4315 550 4381 examina,
576 4331 630 4383 quo
648 4330 749 4366 novum
774 4315 897 4382 systema
922 4313 996 4367 illico
1015 4330 1031 4366 a
1049 4313 1149 4367 validis
1168 4312 1334 4367 adversariis
1352 4314 1504 4369 efficaciter
1522 4317 1658 4387 impugne-

414 4406 501 4467 betm,
521 4403 554 4457 iis
572 4402 752 4473 potissimum,
771 4403 817 4469 qui
836 4401 1034 4471 pantheisticas
1053 4394 1262 4470 consequentias
1280 4402 1308 4454 in
1327 4401 1395 4456 iuris
1412 4401 1586 4474 pbilosophis
1603 4406 1657 4458 hor·

413 4495 517 4547 rebant.
543 4492 617 4545 Inter
635 4508 704 4560 quos
723 4490 878 4545 nominandi
896 4494 961 4546 suut
979 4493 1060 4558 Hupo
1080 4490 1238 4559 (Gottiuger
1256 4489 1380 4557 gelehrte
1398 4492 1547 4559 Anaeigen,
1569 4494 1657 4560 1811);

414 4600 435 4635 u.
456 4582 529 4635 Linlc
549 4567 635 4649 (iiber
653 4578 703 4633 das
721 4578 888 4633 Neturrecht
912 4596 1025 4633 unserer
1044 4578 1117 4643 Zeit,
1146 4578 1242 4645 1829);
1268 4578 1387 4632 maxime
1413 4597 1480 4633 vero
1499 4581 1579 4634 &aaz
1599 4580 1657 4649 (Ge

413 4669 536 4725 sohichte
561 4668 609 4723 der
628 4666 915 4737 Rechtspbilosophie,
944 4667 1027 4732 1830,
1053 4666 1088 4720 V.
1106 4666 1199 4731 Buch,
1225 4666 1250 4719 2.
1269 4664 1400 4734 Abecln);
1426 4666 1489 4721 (lein
1507 4669 1580 4722 Base
1599 4668 1657 4737 (Ge

413 4758 535 4812 schiehte
554 4758 602 4811 der
621 4754 906 4811 Staatsvissenschnft
926 4757 975 4811 681
992 4773 1052 4825 sqq,
1071 4755 1203 4823 Freiburg
1223 4754 1314 4821 1839).

502 4847 513 4879 ²
531 4844 590 4899 Non
609 4845 699 4898 minus
717 4848 867 4915 opportuna
887 4862 969 4914 quam
988 4844 1128 4898 luculenta
1146 4844 1227 4897 huius
1245 4842 1286 4897 rei
1305 4843 1468 4899 documenta
1486 4844 1572 4899 edidit
1587 4846 1656 4899 Mor·

410 4942 473 5007 poet,
497 4934 623 4999 ,Studien
642 4934 708 4987 uber
727 4934 770 4987 die
789 4933 960 4988 italienlsche
978 4932 1152 5002 Philosophia
1171 4933 1219 4986 der
1232 4931 1411 5000 Gegenwert‘
1432 4934 1461 4987 in
1474 4934 1576 5004 period.
1592 4933 1657 5001 ‚Der

413 5022 570 5087 Ketholik“,
591 5021 776 5076 1868-1869.
