3909 5842
512 672 558 727 Ius
576 676 619 726 eet
637 690 701 742 pars
720 674 888 729 constituens
907 672 1037 729 obiectiri
1055 673 1157 727 ordinis
1175 674 1296 728 moralis.
1462 679 1526 744 409

283 852 359 916 dam
383 872 489 917 ornnes
512 858 669 937 respectae
691 854 831 917 naturae
853 851 1035 931 rationalis,
1059 854 1178 917 iustum
1193 872 1272 917 vero
1289 853 1426 918 eandem
1442 874 1527 919 com·

282 956 439 1040 plectitur
462 959 635 1022 secondom
657 965 782 1042 partem
806 978 865 1022 seu
888 958 1066 1023 secundum
1090 957 1265 1041 specialem
1288 962 1418 1025 tantum
1442 959 1528 1025 eius-

282 1062 354 1127 dem
370 1066 509 1129 naturae
524 1066 720 1147 respectum,
739 1063 897 1131 exhibens
912 1064 1109 1131 obieetivam
1124 1064 1354 1130 rectitudinem
1370 1067 1527 1133 moralem

281 1170 482 1237 habitudinis
504 1170 670 1236 hominum
693 1171 780 1238 inter
802 1192 839 1237 se
862 1174 896 1237 et
920 1171 962 1237 ad
981 1171 1173 1237 societatem
1189 1170 1366 1236 secundum
1382 1171 1528 1237 ordinem

282 1276 372 1341 vitae
401 1275 533 1341 socialis
563 1276 679 1343 stricte
702 1277 934 1343 necessarium.
980 1276 1058 1343 Ideo
1081 1276 1125 1341 nil
1149 1276 1343 1361 simpliciter
1364 1279 1528 1345 honestum

282 1381 401 1462 (ordini
424 1383 541 1449 murali
565 1382 776 1465 conveniens)
801 1404 874 1449 esse
897 1386 1018 1467 potest,
1043 1384 1128 1465 quod
1152 1383 1284 1449 aliunde
1306 1383 1350 1450 sit
1372 1384 1528 1451 iniustum

281 1488 401 1571 (ordini
423 1489 558 1556 iuridico
583 1489 754 1573 difforme).
786 1489 863 1555 Non
886 1492 997 1556 autom
1020 1489 1093 1555 m'ce
1115 1511 1213 1556 versa
1236 1511 1279 1555 ex
1298 1491 1529 1557 conformitate

281 1616 354 1661 cum
379 1595 492 1661 ordine
515 1596 651 1661 iuridico
675 1597 717 1663 ad
741 1596 960 1663 omnimodam
984 1596 1033 1661 rei
1055 1594 1263 1663 honestatem
1285 1597 1373 1663 illico
1397 1598 1527 1663 conclu-

281 1702 359 1767 dere
389 1702 476 1769 licet.
524 1702 651 1788 Nempe
683 1704 717 1769 in
747 1709 819 1771 toto
849 1704 978 1786 quidem
1008 1724 1097 1787 pars,
1127 1703 1186 1769 sed
1212 1725 1278 1769 non
1299 1704 1334 1768 in
1356 1707 1452 1787 parte
1475 1724 1527 1769 se·

281 1808 422 1891 paratim
446 1812 577 1893 sumpta
600 1813 707 1877 totum
731 1808 926 1877 continetur.
958 1808 1067 1887 Quare
1089 1810 1211 1876 iustum
1235 1830 1294 1893 per
1311 1830 1347 1874 se
1363 1813 1398 1875 et
1413 1810 1528 1876 stricte

282 1914 535 1993 consideratum,
569 1916 632 1983 etsi
664 1916 705 1982 de
737 1916 893 1981 universa
924 1916 1099 1982 honestate
1131 1917 1259 2001 aliquid
1289 1916 1476 1999 participat,
1507 1938 1528 1982 a

281 2021 397 2087 morali
427 2026 539 2088 temen
569 2022 717 2088 bonitate
747 2021 939 2106 simpliciter
962 2021 1053 2087 dicta
1073 2021 1201 2087 tamdiu
1224 2021 1343 2099 deficit,
1373 2022 1528 2103 quamdiu

281 2148 345 2192 non
358 2150 463 2195 omncs
475 2127 681 2195 rectitudinis
693 2128 864 2195 rationalis
876 2132 1047 2213 respectus
1059 2128 1212 2211 complet,
1224 2128 1402 2193 secundum
1415 2132 1528 2194 notum

281 2233 430 2301 axioma:
458 2235 603 2313 ,Bonum
627 2256 670 2300 ex
692 2234 824 2317 integra
848 2254 957 2313 causa,
982 2234 1104 2299 malum
1128 2254 1170 2299 ex
1194 2234 1340 2316 quolibet
1363 2234 1523 2301 defectu.“

281 2371 343 2443 511.
433 2376 475 2442 H.
500 2376 585 2442 Hinc
606 2397 686 2443 vero
708 2396 915 2459 nequaquam
939 2376 1151 2459 consequitur
1173 2382 1348 2459 utrumque
1371 2375 1527 2453 ordinem,

281 2480 361 2545 iuris
384 2482 510 2549 scilicet
534 2486 568 2549 et
591 2482 726 2549 moralis
749 2482 933 2549 honestatis
956 2484 1141 2562 universae,
1168 2483 1292 2567 passim
1315 2504 1374 2566 per
1396 2482 1527 2547 modum

281 2587 377 2653 unius
400 2590 599 2655 considerari
622 2594 681 2655 aut
703 2610 763 2674 per
786 2590 895 2656 omnia
918 2589 1112 2656 identificeri
1136 2590 1265 2666 debere,
1296 2588 1383 2655 omni
1412 2586 1527 2654 discri-

281 2694 378 2759 minis
400 2694 528 2761 ratione
551 2698 714 2779 neglecta.
761 2695 863 2761 Immo
887 2696 1108 2762 necessarium
1132 2696 1263 2762 omnino
1287 2699 1348 2774 est,
1372 2698 1410 2761 ut
1432 2694 1528 2760 ambo

282 2800 382 2883 probe
413 2801 669 2885 distinguantur.
715 2802 752 2868 ld
782 2803 867 2868 enim
898 2824 963 2869 non
991 2803 1097 2868 solum
1120 2802 1193 2887 ipsa
1215 2802 1333 2869 relatio
1356 2800 1462 2887 partis
1485 2799 1527 2865 ad

280 2911 398 2985 totum,
430 2908 488 2973 sed
517 2908 651 2993 insuper
680 2912 827 2994 specialis
856 2911 978 2976 indoles
1001 2903 1158 2994 postulat,
1190 2930 1255 2991 qua
1284 2908 1335 2974 ius
1358 2912 1527 2991 tamquam

281 3034 359 3097 pars
383 3014 505 3079 ordinis
528 3016 662 3081 moralis
691 3014 819 3081 ratione
842 3037 922 3082 suae
952 3016 1136 3082 obieetivae
1159 3016 1259 3081 realis
1282 3014 1470 3097 exigentiae
1493 3019 1528 3080 et

280 3120 542 3187 inviolabilitatis
565 3124 721 3187 coactioac
744 3142 823 3204 prae
846 3122 933 3187 omni
956 3122 1023 3188 aha
1045 3125 1141 3206 parte
1164 3122 1308 3187 excellit.
1344 3120 1467 3186 Verum
1491 3124 1529 3185 ut

280 3226 422 3293 alterum
446 3228 487 3291 ab
511 3228 617 3304 altero
641 3230 797 3312 distinqui
820 3227 1050 3305 necessarium,
1073 3227 1123 3294 ita
1145 3228 1341 3293 alterutrum
1364 3226 1406 3292 ab
1422 3226 1528 3291 altero

282 3334 390 3398 divelli
412 3332 507 3398 nefas
530 3338 591 3400 est.
628 3332 781 3398 Profecto
805 3353 882 3415 pars
905 3334 1091 3401 essentialis
1115 3333 1252 3400 alicuius
1274 3332 1378 3398 totius
1401 3332 1442 3397 ab
1465 3331 1527 3397 hoc

279 3440 413 3524 penitus
433 3440 517 3504 solvi
533 3444 568 3505 et
583 3438 782 3522 emancipari
804 3459 869 3504 non
885 3442 1005 3523 potest,
1029 3440 1106 3521 quin
1126 3444 1161 3506 et
1180 3442 1287 3505 totum
1307 3438 1478 3505 mutiletur
1494 3443 1528 3503 et

279 3544 398 3611 intima
420 3547 541 3610 natura
562 3544 667 3627 partis
690 3543 834 3610 vitietur.

280 3682 347 3755 512.
436 3684 493 3751 ΠΙ.
518 3684 628 3751 Instar
651 3684 812 3751 coronidis
835 3706 877 3751 ex
900 3688 973 3752 tota
996 3686 1059 3752 hac
1082 3686 1249 3770 analytica
1271 3686 1528 3771 investigatione
1581 3698 1584 3705 '

279 3792 363 3858 haec
387 3790 524 3875 denique
548 3797 607 3859 aut
628 3792 744 3857 similis
767 3794 910 3859 resultat

371 3906 582 3974 Definitio
606 3907 711 3972 iuris
735 3906 923 3990 (collective
946 3908 1100 3993 sumpti):

415 4026 473 4091 Ine
504 4046 541 4090 co
572 4033 615 4090 cet
645 4027 788 4091 universi
816 4026 942 4090 ordinis
965 4027 1098 4091 moratis
1116 4028 1295 4111 provincie,
1326 4046 1408 4109 quoe
1430 4024 1527 4089 obiec-

371 4134 453 4197 ticae
476 4134 603 4197 strictae
627 4134 770 4197 iustitiae
792 4134 919 4197 sociatis
942 4153 1073 4197 normae
1096 4133 1340 4216 comprehendit.

371 4245 460 4323 Quae
484 4246 613 4329 quidem
630 4247 805 4325 sententia,
830 4268 902 4312 cum
920 4246 967 4312 rei
985 4246 1186 4311 definiendae
1206 4266 1328 4328 ,genus
1343 4244 1528 4329 proximum

280 4358 315 4419 et
339 4352 558 4419 differentiam
583 4352 750 4418 ultimam“
785 4352 949 4431 exhibeat,
982 4374 1047 4417 non
1071 4352 1175 4418 solum
1203 4350 1449 4434 qualiscumque
1472 4350 1529 4416 de·

280 4458 478 4543 scriptionis,
509 4458 567 4525 sed
597 4482 689 4525 cerac
720 4460 914 4543 definitionis
938 4459 1100 4526 rationem
1123 4458 1232 4525 habet.
1279 4458 1333 4523 Ex
1354 4478 1527 4541 praemon-

281 4565 397 4632 stretis
427 4566 513 4631 enirn
543 4569 724 4652 proximum
753 4588 852 4653 penus
879 4565 960 4631 iuris
983 4565 1155 4631 verissime
1177 4565 1250 4649 ipsa
1273 4564 1437 4631 obiectiva
1459 4585 1529 4628 mo·

281 4672 398 4740 ralitae
427 4672 578 4756 generice
603 4676 742 4757 accepta
766 4672 885 4739 dicitur
908 4694 966 4739 seu
991 4672 1070 4738 ordo
1094 4672 1238 4750 moralis,
1269 4670 1325 4754 qui
1347 4670 1530 4736 obieetivae

281 4800 415 4845 normae
444 4778 618 4845 universae
649 4778 854 4845 rect'tudinis
884 4778 1056 4845 rationalis
1086 4778 1244 4845 divinitus
1271 4778 1416 4843 sancitas
1440 4798 1528 4842 com-

280 4886 446 4971 plectitur.
485 4886 606 4964 Quodsi
630 4886 704 4952 dein
728 4886 810 4951 haec
833 4885 987 4969 generice
1009 4886 1096 4952 ratic
1119 4886 1162 4952 ad
1185 4906 1258 4951 eam
1281 4888 1448 4972 specialem
1470 4885 1528 4949 ob·

280 4990 436 5060 iectivam
465 4992 687 5059 moralitatem
715 4992 929 5071 contrahitur,
961 5013 1045 5075 quae
1069 4991 1249 5058 obieetivas
1272 5014 1405 5059 normas
1427 4992 1528 5057 solius
