3909 5842
641 685 710 741 Esse
729 685 818 755 legem
837 683 991 738 naturalem
1010 681 1209 753 comprobatur.
1484 681 1548 745 217

303 867 433 931 numine
463 861 653 941 redimendi,
684 866 755 927 turn
786 859 967 926 communis
991 877 1179 933 cousensus,
1211 875 1274 937 quo
1298 875 1412 919 omnes
1434 859 1551 936 gentes

302 971 391 1037 nullo
414 991 479 1035 non
502 975 651 1052 tompore
675 969 749 1033 door
773 975 807 1033 at
830 973 1083 1032 remuneratores
1099 965 1251 1028 bonorum
1269 965 1467 1026 etmalorum
1482 963 1550 1025 oin·

303 1079 388 1144 dices
416 1077 595 1151 coluerunt,
627 1095 687 1158 pro
709 1073 750 1138 iis
774 1071 874 1138 etiam
897 1070 1006 1150 factis,
1038 1090 1123 1153 quae
1145 1070 1234 1135 forte
1256 1069 1432 1134 humanam
1455 1067 1550 1132 iusti-

302 1183 382 1250 tiam
410 1182 576 1266 fugerent.
622 1176 659 1245 Iu
689 1179 750 1246 tali
779 1184 891 1244 autem
922 1197 1083 1242 consensu
1112 1176 1186 1260 ipsa
1215 1179 1355 1240 naturae
1377 1172 1550 1240 rationalis

303 1311 369 1357 vox
393 1295 428 1356 et
449 1288 525 1354 hinc
548 1290 641 1353 certa
663 1285 788 1352 veritas
813 1284 1023 1368 agnoscenda
1046 1288 1107 1350 est.

600 1454 748 1529 Notauda
770 1455 811 1529 ed
834 1455 1009 1530 solvendas
1031 1453 1256 1527 difficultates.

303 1591 371 1665 250.
465 1597 494 1662 1.
529 1591 771 1676 ,Hypothetica
801 1589 1015 1668 necessitas“‚
1046 1610 1131 1672 quae
1160 1588 1194 1652 in
1223 1587 1320 1653 Prob.
1344 1585 1377 1651 H
1407 1583 1550 1670 apriori

301 1722 361 1784 pro
395 1699 478 1782 legis
501 1698 662 1765 naturalis
697 1696 893 1764 exsistentia
924 1696 1114 1774 invocatur,
1149 1695 1258 1778 posita
1286 1693 1352 1758 iam
1376 1691 1551 1777 hypothesi

302 1806 424 1872 nullam
448 1804 675 1888 exceptionem
699 1803 834 1887 patitur.
867 1801 1117 1867 Observandum
1140 1801 1270 1884 quippe,
1294 1820 1400 1881 neque
1423 1819 1550 1864 merum

302 1913 455 1978 naturale
486 1913 652 1978 consilinm
683 1908 821 1992 (absque
851 1908 988 1974 strictae
1019 1907 1229 1989 obligationis
1259 1905 1415 1988 vinculo),
1445 1927 1550 1988 neque

301 2020 451 2102 regulam
474 2037 564 2083 mere
585 2015 779 2082 directivam
803 2015 923 2082 rationi
954 2015 1117 2080 humanae
1141 2011 1338 2079 naturaliter
1359 2011 1492 2076 insitam
1515 2014 1550 2077 et

302 2145 505 2208 quocumque
533 2123 695 2191 naturalis
724 2123 856 2188 luminis
880 2126 1058 2204 augmento
1085 2121 1301 2194 illustratam,
1333 2140 1398 2202 qua
1427 2119 1549 2183 malum

302 2235 339 2298 ut
354 2231 388 2295 in
403 2251 439 2296 se
455 2229 584 2308 odibile,
608 2230 727 2294 bonum
744 2231 782 2292 ut
800 2227 833 2292 in
850 2247 886 2292 se
903 2226 1044 2291 amabile
1063 2229 1291 2308 cognoscatur,
1315 2225 1457 2291 medium
1473 2245 1549 2290 ceu·

301 2337 366 2402 seri
389 2357 487 2420 posse
511 2339 639 2402 dicineo
662 2337 825 2402 summitati
854 2355 1028 2418 congruam
1052 2341 1079 2398 et
1107 2333 1270 2416 sufficione
1296 2331 1434 2396 liberam
1457 2351 1549 2396 crea·

301 2446 409 2508 turam
433 2445 523 2508 recte
547 2441 727 2508 ordinandi.
760 2440 975 2506 Sanctissima
998 2437 1084 2504 euim
1103 2438 1267 2515 voluntas,
1292 2457 1357 2519 qua
1373 2437 1462 2502 Deus
1477 2457 1549 2502 rec·

300 2552 370 2615 tam
389 2553 614 2615 creaturarum
631 2547 868 2612 ordinationem
893 2548 933 2611 ab
957 2549 1093 2612 aeterno
1117 2549 1152 2610 et
1174 2543 1360 2609 necessario
1383 2543 1465 2622 vult,
1489 2564 1549 2627 pro

300 2655 390 2720 nulla
413 2653 587 2738 hypothesi
610 2652 799 2719 indifferens
823 2653 877 2718 vel
900 2651 1055 2716 inefficax
1079 2670 1152 2716 esse
1171 2654 1293 2734 potest.
1324 2649 1414 2716 Talis
1437 2653 1549 2715 autem

300 2761 438 2826 dicenda
461 2765 560 2840 esset,
585 2760 613 2825 si
638 2763 791 2826 creatura
814 2759 916 2824 litero
938 2777 1004 2822 nou
1028 2777 1107 2823 vcra
1131 2756 1327 2822 disiunctiva
1349 2757 1548 2822 necessitate

300 2885 359 2932 seu
382 2866 499 2934 stricta
522 2865 605 2950 legis
630 2865 829 2949 obligatione
848 2865 890 2930 ad
911 2865 1138 2948 complendum
1154 2864 1299 2929 ordinem
1317 2863 1474 2930 divinitus
1490 2864 1549 2928 ad·

300 2973 529 3057 stringeretur.

390 3085 420 3146 2.
444 3079 580 3147 Moralis
603 3080 784 3146 necessitas
805 3083 930 3145 rectum
947 3078 1142 3143 rationalem
1159 3077 1305 3143 ordinem
1322 3075 1547 3160 prosequendi,

300 3207 398 3268 quam
428 3185 650 3268 unusquisque
680 3185 714 3250 in
744 3207 804 3251 sua
833 3185 1032 3251 conscientia
1056 3183 1226 3268 experitur
1249 3182 1358 3265 (Prob.
1380 3182 1458 3264 ΠΙ),
1489 3202 1549 3266 per

299 3313 335 3358 se
359 3296 511 3376 spectata
534 3292 675 3357 nondum
699 3311 779 3368 sane
802 3290 908 3374 legem
933 3290 1116 3356 naturalem
1141 3293 1178 3355 ut
1201 3291 1296 3374 legem
1321 3289 1465 3354 divinam
1487 3287 1548 3351 im·

299 3399 442 3464 mediate
461 3396 663 3475 manifestat,
688 3397 746 3462 sed
762 3417 844 3480 opus
860 3401 912 3462 est
928 3395 1038 3479 aliqua
1054 3395 1270 3473 conclusione,
1295 3416 1359 3476 qua
1374 3397 1548 3478 praeterea

298 3503 478 3570 inferamus
493 3504 583 3569 illam
601 3504 790 3588 empiricam
806 3503 1050 3586 obligationem,
1067 3503 1201 3570 tametsi
1218 3502 1367 3587 proxime
1383 3501 1417 3566 iu
1428 3505 1548 3568 natura

299 3612 455 3679 rationali
477 3611 660 3689 medatem,
685 3632 798 3678 veram
821 3615 932 3678 tamen
956 3611 1115 3693 originem
1131 3615 1166 3676 et
1181 3631 1315 3676 causam
1331 3607 1547 3674 sufficientem

300 3718 432 3786 aliunde
454 3718 575 3784 habere
598 3740 661 3784 non
687 3739 783 3802 posse
807 3740 905 3800 quam
930 3739 972 3784 ex
995 3718 1114 3785 altiore
1134 3718 1274 3800 legifera
1289 3717 1471 3795 voluntate,
1496 3713 1548 3780 cui

298 3825 396 3891 homo
431 3825 581 3890 absolute
620 3824 810 3891 subiciatur.
870 3826 913 3891 Et
947 3825 991 3890 ad
1022 3825 1107 3890 hauc
1141 3824 1272 3907 quidem
1307 3822 1546 3890 conclusionem

298 3929 446 4012 legitime
473 3929 677 3996 inferendam
705 3929 820 3995 eadem
844 3929 901 3996 illa
925 3930 1129 4014 experientia
1153 3929 1395 4014 psychologica,
1425 3928 1454 3993 si
1477 3927 1547 3994 eius

298 4035 414 4102 modus
438 4040 473 4102 et
496 4035 657 4102 naturalis
681 4035 829 4101 efficacia
854 4037 1090 4115 consideratur,
1119 4036 1285 4102 sufficiens
1308 4036 1406 4120 plane
1429 4034 1547 4099 funda·

298 4147 444 4210 mentum
474 4141 712 4209 subministrat.
767 4142 840 4208 Huc
869 4143 1076 4226 potissimum
1106 4142 1335 4210 reverentialis
1364 4143 1419 4207 ille
1449 4141 1548 4207 timor

299 4252 334 4314 et
356 4247 553 4314 invincibilis
577 4269 681 4332 angor
704 4247 859 4332 pertinet,
892 4249 947 4332 qui
971 4270 1067 4315 omne
1089 4248 1217 4314 facinus
1240 4254 1357 4316 contra
1380 4247 1547 4313 conscien-

297 4354 366 4420 tiae
395 4353 559 4421 monentis
589 4374 703 4419 vocem
726 4357 952 4438 perpetratum
977 4354 1190 4420 concomitari
1218 4356 1304 4421 solet
1333 4359 1367 4421 et
1394 4354 1443 4422 ita
1465 4353 1547 4436 legi·

298 4457 403 4524 feram
435 4459 578 4542 aliquam
608 4460 815 4527 maiestatem
847 4464 881 4527 et
911 4461 1034 4526 ordinis
1061 4461 1143 4527 laesi
1171 4460 1334 4527 vindicem
1363 4483 1384 4528 a
1414 4461 1547 4545 propria

297 4569 418 4632 natura
442 4565 595 4632 rationali
612 4567 800 4634 distinctam
817 4567 911 4650 eique
930 4567 1081 4635 absolute
1102 4568 1369 4651 praeordinatam
1391 4567 1546 4633 insinuat.

298 4670 384 4737 Hinc
415 4677 475 4750 est,
507 4673 593 4755 quod
623 4673 735 4739 eodem
767 4674 862 4739 modo
893 4695 936 4739 ex
965 4674 1039 4757 lege
1069 4674 1212 4740 naturali
1236 4674 1389 4759 empirice
1413 4673 1547 4756 cognita

298 4779 422 4862 absque
445 4779 604 4862 petitione
626 4780 776 4864 principii
799 4781 899 4846 etiam
924 4781 966 4846 ad
982 4781 1044 4846 Dei
1067 4780 1294 4846 exsistentiam
1319 4780 1546 4847 demonstran·

298 4884 374 4950 dam
398 4890 626 4968 argumentum
651 4887 796 4970 depromi
820 4887 935 4971 possit,
963 4907 1080 4970 nempe
1103 4907 1146 4953 ox
1169 4887 1338 4970 analytica
1359 4886 1546 4953 considera-

297 4989 388 5056 tione
418 4990 560 5056 eiusdem
591 4991 678 5056 illius
705 4993 788 5075 forti
816 4995 959 5080 empirici
989 4996 1196 5061 eonscientiae
1218 4994 1261 5060 ad
1284 4994 1354 5059 eius
1377 4998 1545 5060 auctorem
