3909 5842
645 658 665 713 1.
685 658 766 713 Notio
784 658 852 713 iuris
869 658 1004 713 naturalis
1022 658 1078 713 late
1097 658 1162 713 dicti
1182 663 1232 713 etc.
1493 676 1564 713 mx

312 838 389 923 plus
404 858 510 921 aequo
526 838 568 903 ab
591 838 653 904 hac
669 841 751 905 eltae
765 841 911 905 realitate
927 837 1062 920 eiusque
1078 836 1225 921 practica
1241 836 1471 905 aestimatione
1487 838 1563 905 abs·

309 944 478 1011 trahatur.
524 944 712 1023 Enimvero,
744 944 808 1010 nisi
840 945 875 1009 in
897 965 1025 1010 morum
1048 965 1088 1009 aa
1111 943 1305 1027 praesertim
1329 944 1409 1009 iuris
1432 944 1564 1011 socialis

311 1051 454 1117 scientia
483 1056 519 1117 at
547 1054 745 1117 saeculoram
778 1053 916 1117 latoria
947 1059 975 1117 et
998 1054 1181 1136 praesentis
1213 1053 1363 1137 ternporis
1395 1054 1565 1117 actualitas

309 1155 437 1240 iugiter
458 1178 539 1242 praa
562 1156 665 1222 oculis
680 1156 851 1235 habeatur,
875 1157 973 1223 facila
990 1156 1130 1235 eveniet,
1156 1162 1193 1223 ut
1208 1158 1261 1223 vel
1277 1156 1446 1223 inutilibus
1462 1178 1562 1239 quao-

309 1264 477 1330 stionibus
499 1284 580 1348 prae
601 1263 736 1329 utilibus
752 1285 792 1329 ac
806 1264 1002 1331 necessariis
1017 1268 1148 1349 tempus
1168 1268 1202 1331 et
1217 1264 1305 1330 vires
1320 1264 1561 1348 impendantur,

310 1370 369 1435 vel
391 1370 541 1437 stabilita
563 1370 764 1438 universalia
792 1372 969 1457 principia,
1000 1375 1177 1453 utcumque
1207 1392 1247 1435 ea
1270 1370 1304 1435 in
1334 1392 1370 1436 se
1393 1392 1473 1435 vera
1496 1370 1564 1435 sint

311 1480 416 1559 atque
438 1483 477 1545 ut
498 1478 581 1543 talia
603 1478 727 1544 invicte
749 1479 938 1556 asserenda,
963 1478 1071 1543 minus
1094 1482 1206 1545 tamen
1230 1498 1307 1543 vere
1330 1480 1366 1542 et
1388 1481 1479 1543 recte
1502 1476 1563 1542 ali-

310 1582 446 1663 quando
468 1584 567 1649 rebus
590 1584 753 1651 concretis
776 1584 992 1669 applicentur.
1025 1584 1141 1666 Neque
1164 1584 1271 1649 minus
1295 1605 1315 1649 a
1338 1586 1458 1650 mando
1481 1586 1564 1650 reali

310 1689 356 1754 ad
387 1690 643 1773 marescaltiam
674 1712 710 1755 ss
740 1694 934 1757 convertere
964 1688 1178 1774 philosophus
1208 1689 1365 1755 dicendus
1395 1694 1464 1768 est,
1497 1690 1561 1773 qui,

310 1794 457 1876 undique
479 1795 553 1861 luce
577 1796 759 1863 christiana
781 1796 1016 1875 circumfusus,
1040 1798 1115 1862 huic
1137 1796 1257 1863 mentis
1280 1796 1392 1862 oculos
1415 1796 1562 1863 studiose

311 1901 485 1967 occludere
509 1907 544 1969 et
566 1907 784 1988 ipaaraatiam
807 1906 1019 1969 illustrissimi
1040 1904 1122 1987 facti
1145 1906 1346 1970 revelationis
1365 1906 1562 1971 christianae

311 2008 467 2090 affectare
486 2013 681 2094 praecurrit,
712 2010 884 2094 penuriam
907 2010 1067 2077 scientiae
1090 2009 1241 2076 ethnicae
1265 2010 1424 2075 ditissimo
1448 2010 1561 2076 lumini

309 2114 539 2199 philosophiae
561 2115 997 2199 christianaepraeferens1.
1029 2116 1176 2183 Tametsi
1199 2116 1283 2181 anim
1300 2119 1441 2199 utraque
1457 2117 1560 2201 philo·

312 2220 446 2303 sophiae
470 2244 508 2286 ea
530 2224 594 2287 solo
616 2225 764 2288 natarali
786 2225 906 2289 lamiae
926 2226 1064 2289 rationis
1087 2244 1148 2288 sua
1169 2226 1366 2305 argumenta
1388 2223 1560 2307 depromit.

313 2327 413 2409 longe
426 2332 539 2395 tamen
563 2331 656 2395 aliod
678 2330 784 2414 ipsum
803 2330 913 2395 lumen
929 2330 1067 2395 rationis
1083 2329 1275 2414 philosopho
1292 2328 1481 2409 christiano,
1506 2330 1560 2412 qui

311 2433 371 2498 illo
394 2435 498 2501 utitur
513 2436 720 2502 extrinsecus
740 2440 837 2502 aucto
854 2440 888 2502 et
904 2437 1107 2514 confirmato,
1131 2436 1223 2501 aliud
1238 2434 1378 2513 ethnico,
1403 2434 1458 2517 qui
1474 2434 1560 2500 eius-

310 2540 401 2605 modi
423 2542 568 2608 subsidio
590 2543 768 2609 infeliciter
790 2544 934 2609 carebat.

403 2648 527 2723 Quibus
551 2649 591 2713 de
614 2651 735 2715 natura
757 2653 793 2716 et
807 2648 941 2732 propria
956 2647 1085 2715 ratione
1100 2647 1180 2712 iuris
1195 2647 1357 2713 naturalis
1373 2648 1559 2732 propositis,

310 2772 379 2815 non
403 2757 464 2831 ast,
489 2754 574 2837 quod
598 2757 772 2838 praeterea
795 2755 930 2839 speciali
954 2754 1062 2839 capite
1086 2754 1211 2819 deeius
1237 2755 1390 2839 dipaitatc
1405 2755 1458 2820 vel
1474 2756 1559 2820 atili-

309 2866 376 2924 tate
399 2860 501 2925 verba
530 2861 702 2929 faciamus.
749 2862 814 2928 Ubi
844 2861 930 2927 enim
960 2882 1015 2927 res
1046 2862 1138 2945 ipsae
1161 2860 1313 2945 privatae
1342 2864 1377 2926 et
1399 2859 1558 2945 publicae,

310 2965 431 3048 quibus
446 2966 696 3045 circumdamur,
713 2968 783 3034 alta
795 2990 876 3033 voce
891 2968 1079 3051 loquuntur,
1097 2968 1200 3032 verba
1215 2968 1381 3051 superflua
1397 2966 1558 3031 videntur.

309 3074 359 3137 Et
380 3094 478 3151 vero,
512 3074 585 3157 quis
607 3074 704 3139 hodia
726 3074 801 3139 huic
832 3074 991 3141 scientiae
1021 3094 1154 3159 operam
1182 3074 1319 3139 daturus
1342 3072 1384 3137 ad
1408 3093 1479 3138 eam
1504 3092 1559 3137 aa·

311 3179 412 3244 cadat
440 3200 506 3245 non
535 3179 651 3245 intime
680 3201 874 3263 persuasus,
908 3201 951 3245 ex
982 3180 1055 3263 ipsa
1084 3179 1289 3265 potissimum
1321 3197 1414 3243 arma
1444 3180 1560 3243 contra

309 3284 512 3369 multiplices
535 3307 665 3351 errores
680 3308 781 3352 verae
804 3287 971 3352 hominum
990 3286 1142 3353 felicitati
1159 3290 1193 3352 et
1208 3285 1381 3350 universae
1396 3284 1559 3350 humanas

309 3391 464 3457 societati
486 3391 626 3458 infestos
649 3393 886 3476 conquirenda,
918 3414 961 3459 ex
984 3393 1056 3477 ipsa
1085 3413 1213 3476 quoque
1237 3390 1381 3457 remedia
1405 3410 1477 3455 esse
1500 3410 1559 3472 pa·

408 3564 475 3618 ¹De
499 3566 672 3633 philoaophia
696 3568 768 3619 iaris
792 3566 820 3619 in
846 3566 937 3636 spacia
961 3566 1035 3620 baud
1060 3564 1196 3619 immerito
1221 3565 1364 3634 profitetur
1389 3566 1422 3617 F.
1443 3565 1559 3617 Walter:

314 3652 422 3719 ,Wenn
449 3654 492 3707 die
510 3654 785 3725 Rechtsphilosophie
807 3654 885 3708 ihren
904 3654 1080 3724 Standpunkt
1104 3655 1132 3707 in
1160 3654 1207 3707 der
1226 3653 1301 3706 Welt
1327 3654 1375 3706 dar
1393 3651 1559 3721 Geganwart

311 3741 431 3795 nahmen
449 3758 534 3806 mass,
559 3760 591 3796 so
615 3742 685 3810 liagt
703 3742 781 3796 darin
798 3744 844 3796 fur
861 3742 902 3795 sie
921 3742 964 3796 die
983 3742 1218 3810 Notwendigkeit,
1244 3740 1313 3794 auch
1333 3741 1381 3794 das
1400 3738 1559 3794 christliche

312 3829 444 3883 Element
461 3831 489 3884 iu
507 3830 567 3885 sich
586 3831 799 3896 aufzunahman,
818 3832 889 3885 deun
908 3832 957 3885 das
976 3831 1161 3885 Christaulum
1180 3830 1217 3883 ist
1236 3828 1295 3883 aine
1313 3827 1477 3882 historisobs
1496 3828 1558 3882 rae

312 3918 406 3981 sacha
424 3919 528 3973 welche
545 3920 631 3974 durch
651 3920 694 3975 die
712 3920 814 3985 Maoht,
832 3920 876 3974 die
894 3936 924 3974 es
942 3920 993 3974 auf
1009 3921 1058 3973 das
1079 3918 1178 3973 Gemitt
1195 3920 1250 3972 und
1270 3918 1313 3971 dia
1326 3917 1493 3971 Erkenntnis
1510 3916 1558 3971 der

310 4006 462 4061 Monechen
486 4009 617 4074 austbto,
636 4008 705 4063 auch
732 4009 775 4063 dia
800 4016 911 4063 iussere
929 4008 1158 4077 Rechtsordnung
1183 4008 1233 4061 mit
1251 4008 1338 4061 ciuem
1357 4024 1445 4059 neuen
1464 4004 1558 4059 Gaiste

311 4096 406 4149 belabt
430 4097 485 4149 und
512 4097 654 4151 dersalben
680 4098 724 4150 ein
750 4096 975 4165 eigentdmliches
995 4096 1121 4167 Geprtge
1146 4094 1329 4165 aulgedrttckt
1346 4094 1420 4148 hat*
1459 4092 1557 4147 Natur-

311 4183 391 4237 racht
408 4185 462 4237 und
482 4184 593 4250 Politik,
612 4186 629 4252 θ
648 4186 672 4251 7,
692 4186 768 4239 Bonn
789 4186 867 4239 1871.
886 4214 921 4223 -
940 4186 1026 4237 Immo
1043 4188 1198 4238 uniuersam
1213 4184 1423 4252 philosophiam,
1442 4186 1474 4235 ut
1492 4198 1557 4233 suae

311 4272 380 4325 reali
405 4272 579 4327 destinationi
602 4273 630 4326 in
656 4274 794 4343 praesenti
819 4274 1008 4344 providentiae
1035 4272 1128 4327 ordina
1154 4272 1321 4335 consentiat,
1347 4271 1434 4324 instar
1455 4269 1557 4337 gradus

311 4360 463 4415 habandam
482 4379 543 4417 assa
561 4362 595 4415 ad
615 4362 796 4430 cognitionem
815 4362 1060 4432 supernaturalem,
1079 4366 1154 4415 racto
1172 4364 1264 4414 mouet
1282 4362 1326 4414 Dr
1338 4361 1472 4426 Haffaer:
1493 4357 1557 4422 ,Als

312 4448 509 4515 voretufsder
528 4450 766 4505 tharnetdrlichen
786 4452 952 4505 Ethenntnis
971 4451 1019 4506 des
1039 4450 1178 4505 Glaubens
1201 4449 1254 4503 und
1274 4448 1316 4503 als
1334 4444 1556 4515 Vorgeschmack

312 4539 386 4593 ihrer
404 4539 576 4607 Vollaudung
594 4540 623 4593 in
642 4541 690 4594 der
708 4541 814 4608 ewigen
832 4539 967 4607 Saligkeit
985 4540 1023 4593 ist
1041 4539 1084 4593 die
1098 4538 1272 4609 Philosophia
1291 4537 1333 4591 ein
1354 4537 1415 4589 darn
1433 4533 1556 4589 mensch·

312 4626 401 4681 lichen
420 4628 514 4681 Gaiste
537 4646 590 4681 von
610 4626 676 4681 Gott
701 4628 868 4696 gegabanas,
895 4645 948 4681 von
970 4628 1059 4681 Natur
1084 4645 1135 4681 aus
1161 4624 1434 4695 vargaschriebenas,
1460 4622 1555 4675 darum

313 4716 532 4769 unabwaisbarea
551 4716 665 4770 Streben
690 4718 760 4770 nach
779 4714 1004 4783 Verthnlichung
1028 4716 1079 4769 mit
1105 4716 1152 4768 der
1177 4713 1328 4782 ghttlichan
1347 4710 1483 4764 Waisheit
1500 4710 1555 4763 und

313 4804 380 4858 nach
399 4804 586 4873 Vereinigung
603 4806 655 4859 mit
673 4805 740 4860 Gott
758 4806 799 4859 als
818 4806 866 4858 der
883 4805 1024 4869 htchstsn,
1044 4803 1187 4857 absolutan
1205 4802 1260 4856 und
1280 4804 1371 4855 ersten
1383 4798 1552 4853 Wahrhsit.‘

314 4891 491 4947 Grondlinien
509 4893 557 4947 der
575 4894 749 4964 Philosophia
768 4893 809 4948 als
828 4894 962 4962 Auigabe,
982 4891 1146 4947 Geschichta
1166 4891 1220 4945 und
1234 4889 1320 4945 Labra
1339 4906 1386 4943 nur
1398 4887 1555 4955 llinleitnng

314 4981 338 5034 in
356 4982 400 5037 dia
418 4982 656 5053 philosophisohan
677 4983 790 5037 Studien
807 4983 829 5047 1,
848 4983 938 5037 Maian
958 4982 1036 5047 1881,
1056 4983 1098 5035 72.
