3909 5842
597 695 636 750 De
656 695 786 766 principio
805 695 979 764 obligationis
998 696 1068 764 legis
1087 696 1229 752 naturalis.
1476 699 1539 764 219

601 870 756 952 κηρύγμαθ’
780 866 843 932 ὥστ’
869 871 993 952 ἄγραπτα
1014 872 1143 951 κάσφαλῆ
1164 873 1238 932 θεῶν

602 967 705 1046 νόμιμα
728 967 860 1030 δύνασθαι
882 962 1059 1048 1111111111
1083 970 1275 1049 ὑπερδραμεῖν.

603 1064 642 1124 (ld
664 1065 715 1144 γάρ
736 1089 760 1126 τι
781 1069 826 1125 νῦν
847 1090 877 1143 γε
899 1066 1014 1146 κάχθὲς,
1037 1066 1093 1126 ἀλλ’
1117 1066 1163 1126 ἀεί
1180 1089 1246 1126 ποτε

602 1167 634 1240 ζῇ
656 1165 752 1234 ταῦτα,
774 1161 881 1228 κούδεὶς
903 1159 975 1222 οἶδεν
998 1162 1027 1231 ἐξ
1047 1162 1112 1223 ὅτου
1133 1155 1227 1242 ’11111Ι

383 1313 482 1388 [,Nou
504 1315 581 1373 enim
604 1333 655 1374 eae
677 1315 773 1390 (leges
801 1313 956 1390 principis)
978 1315 1114 1391 Iuppiter
1134 1315 1284 1385 edixerat,
1313 1333 1369 1375 nec
1390 1333 1465 1392 quae
1487 1314 1544 1374 diis

277 1397 400 1470 'inform
429 1409 542 1470 assidet
567 1410 694 1470 Iustitia.
743 1409 846 1486 Neque
876 1415 991 1468 tantum
1019 1412 1122 1470 valere
1150 1411 1262 1470 credidi
1289 1419 1339 1471 tuo
1366 1410 1482 1482 edicta,
1510 1416 1544 1470 ut

293 1510 366 1586 lepre
387 1527 444 1568 nen
464 1510 588 1583 smptus
607 1509 765 1584 firmosque
786 1509 881 1583 deum,
902 1506 1037 1567 mortalis
1058 1507 1191 1579 cumeis,
1211 1507 1313 1567 irritas
1326 1508 1428 1567 facere
1442 1527 1543 1584 queas.

294 1603 360 1663 Non
382 1605 460 1664 enim
481 1604 545 1664 heri
567 1604 703 1664 sancitae
723 1604 794 1664 illae
815 1610 886 1664 sunt
906 1609 937 1664 et
957 1605 1066 1665 nudius
1087 1605 1204 1676 tertius,
1226 1606 1279 1665 sed
1293 1605 1397 1681 vigent
1411 1607 1449 1665 ab
1465 1605 1544 1664 omni

296 1721 381 1774 aevo,
402 1721 458 1761 nee
479 1702 565 1761 novit
585 1702 748 1779 quisquam.
772 1723 790 1761 1
811 1707 922 1778 quanto
943 1707 1077 1779 tempore
1097 1702 1304 1779 prodierint.“]

383 1801 462 1860 Nota
483 1805 554 1860 sunt
573 1801 704 1860 Plutonia
725 1800 832 1860 similia
853 1801 952 1860 effata
981 1801 1062 1876 Lege
1082 1800 1161 1860 inter
1181 1801 1242 1860 alia
1262 1801 1388 1878 Apolog.
1410 1801 1543 1863 Socratis

295 1897 352 1968 (ed.
367 1897 521 1974 Stephan.)
535 1917 562 1974 p.
578 1897 617 1956 29
632 1897 668 1966 D,
683 1897 758 1956 elias
774 1917 837 1974 cap.
855 1899 907 1970 17;
929 1898 1068 1974 Respubl.
1084 1898 1102 1959 l.
1117 1901 1146 1969 4,
1160 1918 1189 1976 p.
1204 1899 1276 1969 4273
1301 1897 1390 1974 Gorg.
1403 1919 1431 1976 p.
1447 1900 1506 1959 483
1517 1918 1543 1970 9,

295 2014 321 2070 p.
344 1995 444 2065 4181,
467 2015 494 2071 p.
516 1997 676 2072 49lesqq.

382 2090 530 2166 Imprimis
553 2097 651 2151 autem
673 2093 762 2152 Tull-ii
777 2093 922 2152 Ciceronis
942 2112 1034 2169 opera
1054 2093 1184 2151 eiusdem
1207 2093 1250 2151 rei
1271 2093 1435 2169 praeclaris
1456 2093 1537 2153 testi·

295 2187 402 2247 moniis
424 2189 586 2260 abundant,
608 2209 730 2266 quorum
751 2208 848 2266 pauca
868 2195 991 2249 notasse
1012 2187 1156 2248 sufficiet:

385 2284 442 2343 Pro
458 2285 567 2345 Milone
590 2288 618 2357 4,
642 2289 696 2346 1οι
721 2287 792 2359 ,Ε91
813 2285 891 2344 enim
912 2287 987 2344 haec
1007 2305 1067 2344 non
1088 2286 1209 2363 scripta,
1232 2287 1285 2345 sed
1305 2294 1378 2346 nata
1399 2288 1466 2345 lex“
1484 2292 1539 2346 etc.

384 2381 509 2460 Philipp.
528 2384 573 2454 11,
591 2385 637 2456 12,
660 2385 713 2444 28:
740 2384 811 2458 ,Est
831 2385 909 2444 enim
930 2385 980 2443 lex
1001 2383 1190 2455 (naturaliter
1210 2385 1340 2460 sancita)
1361 2385 1434 2444 nihil
1449 2385 1539 2457 aliud,

295 2479 352 2539 nisi
380 2486 463 2540 recta
491 2486 522 2541 et
550 2501 568 2540 a
595 2481 713 2541 numine
741 2482 860 2542 deorum
888 2487 987 2542 tracta
1007 2481 1101 2552 ratio,
1129 2482 1279 2559 imperans
1306 2484 1448 2555 honesta,
1476 2504 1542 2562 pro-

296 2575 401 2636 hibens
423 2577 599 2638 contraria¹⁶

387 2677 430 2734 De
450 2676 508 2752 leg.
531 2679 557 2748 1,
579 2679 614 2736 6:
640 2677 720 2752 ,Lex
742 2683 789 2736 eet
809 2677 885 2736 ratio
908 2695 1031 2744 summa,
1053 2676 1145 2735 insita
1165 2677 1196 2734 in
1217 2680 1351 2737 natma‘

384 2773 428 2831 De
449 2773 506 2848 leg.
528 2775 555 2844 2,
578 2775 605 2834 4.
647 2773 740 2842 Quem
760 2774 856 2834 locum
878 2773 945 2832 vide
967 2773 1132 2834 exhibitum
1153 2793 1244 2850 supra
1264 2774 1303 2832 ad
1323 2793 1351 2833 n.
1374 2773 1441 2834 240.

385 2869 465 2928 Loco
486 2870 643 2929 multorum
665 2874 763 2929 autern
785 2875 831 2930 991
851 2871 1050 2946 fragmentum
1070 2870 1151 2930 elib.
1166 2872 1185 2928 3
1200 2871 1246 2930 De
1265 2889 1299 2929 re
1319 2871 1446 2948 publica,
1467 2872 1544 2946 quod

297 2966 375 3044 apud
396 2967 585 3026 Lactantinm
606 2968 693 3039 (1191,
715 2971 743 3038 6,
766 2969 796 3040 8)
817 2973 968 3028 servatum
989 2967 1151 3045 reperitur:

390 3065 462 3137 ,Est
490 3065 605 3141 quidem
628 3085 700 3126 vera
728 3066 777 3124 lex
798 3070 881 3124 recta
902 3067 997 3137 ratio,
1025 3073 1151 3125 naturae
1172 3085 1354 3141 congruens,
1384 3066 1492 3125 diffusa
1512 3066 1543 3124 in

297 3181 408 3232 111199,
431 3168 589 3234 constans,
611 3163 806 3240 sempiterna;
836 3182 911 3238 quae
931 3168 1020 3224 vocet
1041 3163 1078 3220 ad
1100 3163 1229 3222 officium
1250 3163 1393 3233 iubendo,
1415 3162 1543 3222 vetando

298 3277 316 3317 a
338 3259 441 3318 fraude
470 3258 636 3330 deterreat,
664 3279 738 3335 quae
766 3265 867 3319 tamen
896 3280 991 3336 neque
1013 3263 1120 3336 probos
1142 3261 1255 3319 frustra
1275 3260 1357 3318 iubet
1378 3266 1430 3318 aut
1451 3265 1543 3330 vetat,

298 3375 353 3415 nec
373 3357 523 3433 improbos
544 3357 671 3417 iubendo
700 3363 752 3418 111
772 3359 902 3417 vetando
925 3363 1034 3417 movet.
1075 3358 1154 3416 Huic
1175 3358 1234 3433 legi
1261 3377 1317 3416 nec
1338 3356 1476 3432 obrogari
1497 3357 1545 3418 fae

298 3459 361 3525 191,
388 3473 483 3531 neque
504 3453 640 3530 derogari
662 3474 700 3514 ex
720 3456 777 3514 hac
798 3455 908 3532 aliquid
935 3455 1021 3528 licet,
1051 3475 1146 3532 neque
1172 3461 1237 3515 tota
1264 3455 1403 3530 abrogari
1430 3461 1545 3536 potest3

298 3571 447 3612 necuere
468 3572 521 3628 per
542 3559 677 3612 senatum
698 3559 751 3613 aut
772 3573 825 3631 per
844 3553 985 3631 populum
1007 3553 1084 3612 solvi
1104 3554 1161 3612 hac
1175 3553 1242 3628 lege
1256 3573 1429 3630 possumus;
1451 3573 1546 3629 neque

299 3653 346 3708 est
373 3649 557 3724 quaerendus
587 3649 765 3726 explanator
793 3655 845 3709 aut
871 3651 1020 3727 interpres
1048 3650 1112 3709 eius
1140 3649 1233 3721 alius;
1262 3669 1318 3709 nec
1340 3650 1397 3709 erit
1417 3649 1477 3708 alia
1496 3651 1546 3708 lex

300 3747 426 3818 Romae,
449 3745 509 3804 elia
528 3747 672 3818 Athenis,
694 3747 754 3806 alia
774 3767 868 3818 nunc,
891 3749 951 3807 alia
971 3749 1114 3825 posthac,
1142 3747 1195 3808 sed
1217 3752 1248 3806 et
1268 3767 1370 3806 omnes
1391 3752 1496 3822 gentes
1518 3753 1549 3807 et

300 3843 379 3902 omni
400 3847 533 3920 tempore
553 3863 614 3902 una
634 3845 684 3902 lex
706 3849 737 3903 91
757 3844 938 3922 sempiterna
960 3855 991 3904 et
1010 3844 1204 3904 immutabilis
1219 3843 1392 3914 continebit,
1414 3863 1549 3920 unusque

301 3942 357 4001 erit
384 3941 546 4001 communis
575 3943 660 4018 quasi
688 3942 831 4018 magister
859 3949 890 4002 91
916 3943 1079 4019 imperator
1107 3941 1237 4002 omnium
1266 3943 1364 4012 Deus3
1395 3942 1447 4000 ille
1473 3942 1549 4018 legis

300 4039 388 4098 huius
409 4040 562 4109 inventor,
585 4039 782 4116 disceptator,
812 4040 904 4110 lator;
934 4041 982 4099 cui
1002 4039 1053 4115 qui
1074 4058 1134 4097 non
1155 4037 1287 4115 parebit,
1315 4038 1380 4115 ipse
1401 4058 1434 4098 se
1454 4039 1551 4114 fugiet

301 4156 337 4196 ac
357 4143 494 4196 naturam
515 4137 642 4196 hominis
664 4143 843 4214 aspernatus
864 4138 920 4198 hoc
940 4138 1007 4214 ipso
1028 4137 1092 4196 luet
1112 4136 1258 4195 maximas
1279 4154 1410 4212 poenas,
1432 4136 1550 4196 etiamsi

302 4239 401 4293 cetere
422 4235 577 4312 supplicia,
598 4255 674 4311 quae
696 4241 845 4311 putantur,
868 4234 1030 4310 effugerit.“
1115 4303 1118 4307 ἴ

774 4417 1017 4485 Articulue
1040 4417 1074 4485 3.

549 4543 597 4608 De
617 4545 778 4628 principio
802 4543 1003 4626 oblipotionie
1026 4544 1104 4626 lepte
1128 4543 1302 4606 naturalis.

303 4691 371 4764 252.
463 4693 545 4758 Tum
576 4713 618 4757 ex
648 4693 697 4770 iis,
729 4713 814 4774 quae
838 4693 877 4758 de
901 4693 985 4774 legis
1008 4691 1171 4758 naturalis
1195 4691 1328 4758 notione
1351 4691 1549 4768 dictasunt,

301 4803 371 4866 tum
395 4821 437 4865 ex
454 4800 667 4882 argumentis,
692 4800 808 4882 quibus
825 4799 894 4864 eius
912 4797 1108 4865 exsistentia
1124 4821 1144 4864 1
1160 4797 1261 4882 priori
1276 4797 1443 4881 probatur,
1468 4795 1551 4862 satis

303 4911 441 4990 apparet
464 4905 695 4989 obligationem
721 4905 804 4988 legis
827 4904 989 4970 naturalis
1012 4904 1196 4970 formaliter
1221 4904 1352 4969 aliunde
1375 4903 1551 4986 procedere

303 5031 367 5075 nou
396 5033 502 5095 posse,
534 5011 595 5076 nisi
627 5035 665 5078 91
693 5013 863 5076 uoluntatis
894 5012 1023 5076 divinae
1053 5011 1175 5074 decreto
1197 5011 1388 5094 hypothetice
1411 5006 1550 5089 (scilicet
