3909 5842
417 663 481 730 276
638 659 768 716 Sectiol.
805 659 887 715 biber
905 659 952 716 [V.
990 659 1079 732 Caput
1097 661 1117 716 1.
1156 660 1297 716 Articulus
1318 664 1340 716 l.
1379 662 1439 730 51.

416 841 486 906 fieri
509 840 615 906 nolles
638 843 718 915 etc.;
743 843 775 908 4.
793 863 858 926 pro
880 843 1001 906 iudicio
1020 844 1162 927 practico
1187 841 1227 906 de
1247 841 1363 908 morali
1379 841 1551 924 qualitate,
1576 841 1659 907 licei·

416 950 489 1014 tate
512 948 565 1013 vel
588 946 760 1014 illiceitate
783 947 1032 1031 particularium
1058 947 1222 1014 actionum
1238 949 1291 1013 vel
1308 949 1516 1014 omissionum
1534 953 1661 1014 nostra·

416 1075 498 1132 rum‚
522 1053 593 1118 sive
615 1052 819 1137 praeteritae
834 1053 911 1132 sint,
936 1053 1007 1118 aive
1023 1057 1100 1119 actu
1116 1057 1309 1138 praesentes
1324 1054 1395 1120 sive
1416 1054 1561 1122 futurae.
1596 1054 1662 1119 Hoc

415 1158 512 1225 modo
545 1162 683 1242 accepta
711 1157 922 1238 conscientia,
954 1159 1083 1242 quoties
1106 1159 1242 1244 respicit
1265 1164 1359 1227 actus
1383 1161 1522 1240 futuros,
1554 1159 1663 1242 quiin

417 1264 684 1331 deliberationem
708 1269 881 1344 vocantur,
905 1265 1000 1347 quasi
1023 1265 1115 1331 ducis
1139 1269 1173 1332 et
1196 1266 1377 1346 monitoris,
1406 1266 1434 1332 si
1457 1266 1603 1334 refertur
1625 1265 1663 1331 ad
1764 1247 1765 1284 ³

416 1371 563 1438 actiones
577 1371 777 1455 praeteritas
793 1374 851 1437 aut
867 1372 1046 1437 comitatur
1061 1375 1264 1455 praesentes,
1290 1371 1411 1438 interni
1426 1372 1543 1438 iudicia
1559 1371 1664 1437 officio

416 1478 566 1561 iungitur
576 1481 598 1546 ¹.
646 1480 677 1544 5.
702 1477 915 1545 Strictisaime
938 1479 1078 1545 sumitur
1094 1499 1153 1562 pro
1170 1478 1346 1545 dictamine
1362 1499 1421 1544 seu
1437 1481 1558 1545 iudicio
1572 1500 1664 1565 prce

415 1588 475 1651 tico
497 1588 534 1651 in
554 1607 668 1670 pencrc
691 1607 827 1664 morum,
851 1585 936 1671 quod
957 1585 1142 1650 immediate
1163 1594 1312 1651 ansatur
1335 1589 1423 1652 circu
1436 1587 1664 1674 particularia,

417 1713 499 1778 poce
529 1714 549 1757 α
579 1692 670 1758 nobis
700 1694 825 1778 apendc
859 1692 907 1756 oei
940 1692 1115 1756 omittendo
1149 1701 1232 1758 eunt.
1279 1692 1352 1758 Hac
1386 1692 1503 1758 ultima
1534 1695 1665 1758 tantum

415 1798 605 1883 acceptione
628 1797 828 1864 conscientia
850 1797 983 1882 proprie
1011 1802 1045 1864 et
1068 1797 1185 1865 stricte
1207 1802 1283 1885 lepis
1309 1803 1479 1885 applicatio
1504 1800 1568 1865 dici
1594 1803 1664 1883 pot·

416 1910 478 1985 eat,
511 1904 662 1989 quamvis
691 1925 750 1989 per
779 1925 816 1970 se
845 1925 910 1970 non
940 1904 1072 1972 differat
1102 1905 1143 1971 ab
1174 1905 1241 1984 illa,
1273 1926 1357 1989 quae
1389 1927 1448 1991 pro
1481 1905 1665 1972 actionibus

415 2011 605 2097 praeteritis
635 2011 731 2077 simul
761 2032 833 2077 cum
867 2013 1104 2096 approbatione
1139 2014 1192 2079 vel
1228 2013 1499 2080 condemnatione
1533 2014 1664 2079 interna

414 2119 619 2185 sanctionem
635 2138 763 2200 qnoque
778 2118 862 2200 legis
879 2117 1062 2186 denuntiat.
1095 2120 1143 2186 Eo
1159 2119 1261 2202 igitur
1277 2121 1482 2205 potissimum
1507 2141 1607 2186 sensu
1626 2118 1664 2184 de

415 2225 473 2292 illa
496 2225 557 2291 hoc
580 2225 652 2290 loco
675 2223 768 2290 nobis
792 2224 954 2307 agendum
978 2229 1040 2290 est.

504 2332 558 2398 Ita
586 2334 724 2415 accepta
754 2330 956 2396 conscientia
986 2334 1064 2414 apte
1093 2330 1263 2399 definitur:
1296 2334 1460 2399 Iudicium
1487 2335 1662 2418 practicam

416 2440 543 2505 dictam
566 2440 693 2525 aliquid
716 2461 737 2504 a
759 2441 850 2505 nobie
874 2461 940 2504 ease
960 2438 1147 2521 faciendam
1174 2447 1208 2504 ut
1225 2447 1430 2526 praeceptum
1452 2443 1500 2507 uel
1521 2443 1664 2506 omitten-

417 2547 493 2611 dum
517 2554 552 2611 ct
574 2547 768 2632 prohibitum
790 2549 837 2612 oei
859 2552 968 2610 nostro
993 2547 1129 2610 arbitrio
1149 2549 1341 2632 permissum
1366 2555 1402 2612 ct
1424 2549 1555 2612 licitum.

416 2683 487 2754 305.
578 2685 696 2768 Itaque
718 2685 803 2768 legis
823 2685 1000 2770 applicatio
1016 2687 1178 2770 proxima,
1203 2707 1287 2770 quae
1303 2707 1364 2771 ope
1380 2685 1601 2753 conscientiae
1616 2687 1662 2762 fit,

415 2796 487 2858 tota
510 2793 544 2858 in
567 2795 724 2858 activitcte
746 2795 884 2858 rationis
899 2793 1060 2872 consistit,
1086 2815 1150 2876 qua
1165 2794 1237 2878 ipsa
1253 2815 1454 2876 cognoscens
1469 2797 1539 2861 tum
1555 2793 1662 2875 legem
1764 2859 1765 2868 ,

415 2918 473 2963 seu
503 2919 651 2964 normam
682 2899 871 2982 generalem
901 2900 1031 2983 agendi,
1061 2905 1132 2967 tum
1160 2904 1312 2967 naturam
1336 2901 1485 2978 actionis,
1516 2921 1602 2982 quae
1630 2898 1663 2962 in

415 3003 650 3071 deliberatione
672 3010 836 3082 versatur,
860 3025 921 3091 per
944 3006 1159 3072 conclusionis
1182 3007 1349 3091 practicae
1372 3006 1601 3073 deductionem
1624 3003 1662 3069 de
1764 2999 1765 3002 ’

415 3107 554 3176 actionis
587 3109 820 3178 conformitate
852 3113 905 3178 vel
939 3113 1152 3179 difformitate
1181 3100 1255 3179 bum
1286 3114 1359 3196 lege
1389 3117 1423 3180 et
1452 3113 1493 3178 de
1515 3111 1663 3196 practica

416 3215 615 3284 necessitate
645 3216 720 3283 inde
748 3219 934 3284 resultante
956 3219 1157 3302 pronuntiat.
1204 3219 1312 3296 Quare
1342 3217 1542 3284 conscientia
1575 3215 1661 3284 aliud

506 3410 515 3442 ¹
537 3409 726 3476 ,Conscientia
754 3409 861 3480 proprie
888 3409 1022 3478 loquendo
1048 3426 1100 3464 non
1124 3413 1167 3464 est
1186 3409 1315 3480 potentia,
1340 3411 1388 3464 sed
1408 3413 1494 3464 actua.
1509 3451 1515 3463 .
1530 3450 1557 3463 ..
1594 3407 1662 3463 Con·

414 3497 530 3551 scientia
548 3497 620 3550 enim
645 3497 795 3550 secundum
820 3498 1014 3566 proprietatem
1034 3496 1160 3552 vocabuli
1184 3499 1315 3568 importat
1339 3498 1459 3552 ordinem
1478 3497 1609 3552 scientiae
1630 3496 1661 3550 ad

415 3584 532 3655 aliquid;
551 3603 614 3639 nam
634 3586 800 3640 couscientia
819 3585 920 3640 dicitnr
939 3604 1000 3640 oum
1020 3587 1073 3642 alio
1092 3588 1216 3642 scientia.
1248 3587 1402 3658 applicatio
1420 3591 1512 3642 antem
1531 3587 1662 3642 scientiae

414 3673 449 3726 ad
468 3672 570 3742 aliquid
590 3674 622 3726 lit
640 3691 689 3742 por
706 3673 826 3742 aliquem
845 3676 945 3728 actum.
959 3715 965 3726 .
981 3715 1009 3728 ..
1046 3675 1119 3729 ldem
1139 3678 1231 3729 autem
1250 3679 1363 3746 apparet
1382 3694 1415 3730 ex
1434 3675 1492 3740 his,
1512 3693 1582 3744 quae
1600 3693 1661 3728 con·

415 3761 546 3816 scientiae
564 3761 759 3815 attribuuntur.
790 3760 896 3815 Dicitur
915 3763 987 3815 enim
1005 3763 1173 3817 conscientia
1191 3763 1341 3829 testificari,
1360 3763 1447 3831 ligare
1465 3763 1510 3816 vel
1529 3763 1661 3831 instigare

416 3849 461 3904 rel
486 3851 569 3903 etiam
595 3867 725 3904 accusare
744 3850 789 3903 vel
813 3852 896 3905 etiam
922 3853 1077 3906 remordere
1097 3853 1157 3906 sive
1182 3852 1388 3922 reprehendere.
1426 3851 1461 3906 ut
1485 3852 1661 3907 haecomnia
1764 3867 1765 3916 5

415 3943 617 4007 consequuntur
642 3938 852 4008 applicationem
874 3939 991 3995 alicuius
1018 3945 1127 3995 nostrae
1153 3941 1316 4008 cognitionis
1341 3941 1387 3995 vel
1411 3941 1555 4002 scientiae,
1568 3941 1601 3995 ad
1621 3958 1660 4006 ea,
1764 3919 1765 3990 ss

416 4044 486 4096 quae
513 4027 629 4094 agimus.
671 4027 746 4092 Quae
771 4028 880 4097 quidem
909 4029 1057 4099 applicatio
1082 4029 1114 4082 fit
1140 4029 1300 4098 tripliciter:
1327 4047 1381 4083 uno
1408 4030 1486 4084 modo
1513 4030 1660 4084 secundum
1764 4029 1765 4072 ἶ

415 4115 487 4186 quod
505 4118 735 4184 recognoscimus,
754 4117 857 4185 aliquid
876 4135 926 4171 nos
945 4117 1046 4172 fecisse
1065 4118 1109 4171 vel
1127 4134 1181 4171 non
1202 4118 1300 4172 fecisse
1314 4161 1319 4172 .
1335 4161 1340 4171 .
1355 4137 1376 4179 .;
1397 4120 1426 4171 et
1443 4117 1592 4172 secundnm
1611 4115 1661 4171 hoc

415 4205 581 4260 conscientia
599 4204 699 4259 dicitur
716 4205 875 4268 testificari;
894 4205 948 4260 alio
966 4205 1045 4259 modo
1064 4205 1218 4276 applicatur
1236 4205 1383 4260 secundum
1397 4207 1468 4274 quod
1481 4223 1529 4276 par
1540 4209 1661 4260 nostram
1764 4265 1765 4282 ᾖ

416 4294 608 4348 conscientiam
628 4294 794 4360 iudicamus,
814 4294 917 4365 aliquid
936 4313 999 4349 esec
1018 4295 1171 4350 iaciendum
1192 4293 1238 4347 vel
1257 4311 1309 4346 non
1327 4292 1496 4358 faciendum
1523 4297 1551 4347 at
1568 4311 1661 4347 secun·
1764 4287 1765 4328 ἶ

415 4383 479 4437 dum
497 4382 549 4436 hoc
568 4383 667 4438 dicitur
684 4382 851 4437 conscientia
870 4383 958 4451 ligare
971 4383 1015 4437 val
1034 4383 1178 4452 instigare;
1199 4385 1280 4436 tertio
1299 4382 1377 4436 modo
1397 4381 1550 4452 applicatur
1568 4399 1661 4436 secun·
1764 4389 1765 4458 J

415 4471 478 4524 dum
497 4471 569 4540 quod
587 4488 636 4540 per
655 4471 848 4524 conscientiam
868 4470 1028 4534 iudicamus,
1048 4471 1118 4539 quod
1137 4469 1248 4538 aliquid,
1268 4468 1339 4538 quod
1359 4471 1526 4534 estfactum,
1545 4469 1661 4523 sitbene

414 4559 519 4613 factum
532 4559 577 4612 vel
595 4577 649 4612 non
661 4559 729 4613 bene
746 4560 864 4622 factum
885 4563 913 4612 et
930 4559 1078 4613 secundum
1098 4557 1149 4612 hoc
1168 4558 1334 4612 couscientia
1354 4558 1453 4611 dicitur
1472 4573 1603 4612 excusare
1616 4557 1660 4610 vel
1764 4557 1765 4562 ’

414 4665 544 4701 accusare
562 4663 610 4701 seu
629 4648 790 4702 remordere.
818 4647 898 4701 Patet
916 4650 1008 4701 autem
1027 4647 1098 4716 quod
1117 4647 1207 4700 omnia
1226 4645 1294 4700 baec
1313 4648 1515 4714 consequuntur
1526 4643 1660 4699 actualem
1764 4693 1765 4712 ¹

415 4735 624 4806 applicationem
643 4736 775 4790 scientiae
793 4737 829 4789 ad
847 4753 888 4800 ca,
908 4752 979 4804 quae
998 4735 1119 4804 agimus:
1139 4736 1210 4789 unde
1229 4735 1337 4805 proprie
1349 4733 1484 4804 loquendo
1497 4733 1660 4788 conscientia
1764 4791 1765 4808 χ

415 4825 538 4878 nominat
556 4829 655 4877 actum.
693 4823 762 4888 Quia
781 4827 873 4878 tamen
892 4823 1003 4879 habitus
1023 4828 1066 4878 est
1083 4825 1246 4894 principium
1266 4827 1311 4878 act
1312 4841 1358 4887 us,
1384 4824 1545 4894 quandoque
1563 4839 1659 4876 nomen
1764 4827 1765 4882 l

416 4912 1083 4983 conscientiaetribuiturprimohabituinaturali,
1094 4912 1370 4982 scilicctsynteresi.‘
1394 4913 1533 4980 .t..l'bom¹
1544 4909 1659 4965 Swtbaol
1764 4859 1765 4986 i

418 5007 441 5068 l,
462 5021 487 5072 q.
509 5005 550 5068 ta,
570 5020 594 5056 a
616 5005 657 5057 13.
