3909 5842
773 709 852 762 Notio
871 709 941 778 legis
959 708 1102 762 naturalis.
1495 711 1558 774 211

316 887 443 947 relative
464 887 646 948 Wahrheit.“
678 921 716 928 -
749 888 821 960 „nie
849 887 953 946 zweite
981 885 1085 945 Halfte
1113 886 1164 945 des
1194 885 1481 945 lantramnus
1508 885 1562 944 hat

317 985 395 1044 daun
418 985 464 1044 die
486 983 762 1044 evolationistische
783 984 1095 1060 Anachauungsweiee
1116 983 1194 1042 auch
1213 983 1244 1042 in
1265 983 1312 1042 die
1333 983 1430 1042 Natur
1449 983 1562 1042 hinein·

318 1087 463 1158 getragen
491 1081 563 1142 oder
591 1081 647 1140 den
675 1080 830 1156 logischeu
850 1081 1105 1140 Evolutionismus
1133 1081 1186 1139 der
1206 1080 1360 1139 Dialektilr
1379 1080 1410 1138 in
1432 1081 1488 1140 den
1510 1081 1563 1140 der

316 1177 624 1238 Naturwieaenechaft
652 1179 877 1254 umgewandelt.
919 1178 975 1237 Die
1003 1182 1138 1253 gesamte
1165 1177 1261 1238 Natur
1290 1179 1362 1238 wird
1390 1184 1478 1239 unter
1505 1181 1561 1240 den

317 1275 554 1353 Gesichtepunkt
574 1275 826 1351 geschichtlicher
846 1276 1053 1351 Batraohtnng
1073 1275 1210 1350 gastellt:
1253 1276 1307 1335 das
1327 1277 1562 1352 geschichtliche

290 1375 416 1434 ·Leben
445 1374 497 1433 der
517 1373 706 1433 Menschheit
726 1373 799 1432 wird
827 1373 1021 1448 eingeordnet
1048 1373 1131 1432 einer
1157 1375 1368 1434 umfaesenden
1396 1376 1561 1450 geschicht-

315 1472 414 1532 liohen
435 1471 645 1547 Entwieklung
673 1471 725 1530 des
753 1471 950 1546 organischen
971 1471 1105 1542 Lebens;
1134 1470 1231 1530 dieses
1259 1471 1351 1531 bildet
1378 1472 1465 1531 einen
1486 1474 1562 1533 Aus-

316 1569 430 1628 eohnitt
457 1588 512 1628 aus
540 1567 593 1628 der
612 1567 1015 1642 Entwicklungegeechiohte
1043 1567 1095 1626 der
1121 1567 1214 1639 Erde;
1244 1569 1295 1627 der
1321 1568 1561 1646 Lebensprozess

317 1665 369 1724 des
382 1665 528 1725 Planaten
548 1665 589 1724 iat
610 1665 720 1723 wieder
741 1664 895 1740 eingeftigt
917 1665 981 1723 dem
995 1664 1343 1741 Entwicklungeproaese
1365 1667 1417 1726 des
1431 1667 1562 1727 Sonnen·

316 1769 445 1839 systema
466 1764 526 1822 und
547 1763 601 1823 mit
620 1763 681 1822 ihm
704 1761 755 1821 der
775 1781 901 1822 unserer
921 1762 1105 1822 Erkenntnis
1126 1763 1186 1822 und
1206 1765 1301 1824 selbst
1321 1784 1445 1826 unserer
1465 1767 1562 1826 Phan-

315 1861 394 1920 tasie
415 1860 480 1920 sich
502 1861 715 1921 entziehenden
736 1861 927 1920 kosmiacheu
948 1861 1158 1936 Entwicklung
1178 1861 1353 1939 uberhaupt.
1383 1863 1450 1923 [lnd
1471 1864 1563 1923 damit

314 1959 356 2018 iat
376 1961 524 2034 gegeben:
553 1959 609 2017 wie
637 1959 695 2017 alle
716 1959 844 2018 Formen
871 1958 923 2018 des
943 1957 1062 2016 Lebens
1083 1957 1142 2016 und
1163 1957 1309 2028 Daseins,
1337 1980 1371 2019 so
1398 1959 1465 2020 sind
1486 1961 1562 2020 anch

316 2056 364 2115 die
384 2056 512 2115 Formen
540 2055 592 2114 dee
621 2056 763 2116 Denkens
791 2056 886 2116 selbet
914 2055 997 2114 nicht
1024 2056 1177 2128 absolute,
1205 2057 1334 2116 soudern
1362 2057 1560 2128 ‚historische‘

315 2153 522 2228 Kalagorien.“
538 2157 545 2187 ¹

396 2251 451 2309 Est
466 2251 542 2309 haec
556 2269 662 2310 revera
676 2257 724 2310 eat
738 2251 834 2310 tidelis
848 2249 946 2326 imago
960 2249 1109 2325 generalis
1123 2255 1221 2310 status
1235 2250 1380 2311 scientiae
1393 2253 1561 2325 modernae,

316 2345 490 2424 ubicumque
512 2352 542 2406 et
563 2353 709 2424 quatenus
730 2349 904 2408 christianae
925 2347 1097 2423 antiquitati
1117 2348 1237 2423 penitus
1257 2348 1449 2409 renuntiavit
1477 2351 1561 2410 illius

315 2449 416 2504 tamen
444 2446 543 2504 causis
559 2445 620 2524 ¹hic
648 2444 882 2505 commemoratis
911 2445 1017 2504 merito
1045 2445 1196 2505 addendus
1224 2451 1271 2506 est
1297 2451 1404 2523 potens
1431 2447 1561 2508 influxus

316 2541 450 2600 theoriae
472 2542 570 2603 Caroli
592 2543 705 2604 Marcii
725 2543 845 2618 eiusque
867 2542 942 2601 socii
962 2543 1079 2603 Frtder.
1099 2545 1222 2622 Enpele,
1249 2544 1299 2621 qui
1320 2565 1376 2622 ope
1397 2555 1563 2623 „conceptue

317 2641 455 2699 historiae
482 2661 559 2700 mere
585 2637 813 2702 materialiaioi“
838 2640 1038 2699 socialismum
1063 2642 1292 2715 ,scientificum“
1316 2644 1441 2704 fundare
1462 2644 1562 2704 conati

318 2740 396 2796 eunt.
428 2737 531 2797 Utrum
553 2744 650 2797 autem
673 2738 704 2796 in
719 2736 861 2796 eiusmodi
880 2737 1098 2809 „relativismo“
1116 2739 1212 2798 adhuc
1226 2741 1289 2798 veri
1304 2740 1430 2800 neminie
1444 2744 1562 2800 scientia

317 2834 441 2907 agnosci
462 2835 578 2910 possit?
612 2835 664 2894 Dr.
685 2837 809 2894 Panleea
828 2833 859 2892 id
879 2834 965 2894 nobis
987 2854 1047 2894 non
1067 2835 1147 2896 dicit.
1187 2836 1250 2895 Nos
1271 2842 1370 2896 autem
1390 2844 1424 2897 ut
1443 2838 1561 2897 unicum

316 2929 397 2989 illius
407 2932 566 2991 remedium
577 2933 814 2991 commendamus
829 2931 938 2991 serium
949 2939 980 2991 et
989 2951 1130 2993 reverens
1140 2934 1269 2993 studium
1287 2936 1379 3010 „legis
1394 2938 1562 2995 aeternae“.

790 3140 1033 3210 Articulue
1057 3142 1089 3211 2.

317 3266 367 3330 De
378 3267 442 3351 lepe
454 3273 585 3330 aeterna
596 3267 792 3331 naturaliter
806 3269 1006 3352 promulgata
1019 3289 1074 3332 ear
1091 3268 1129 3334 de
1140 3271 1205 3353 lopo
1218 3271 1366 3334 natarali
1378 3273 1561 3336 universim.

625 3431 642 3514 ξ
671 3435 697 3498 l.
745 3433 872 3498 Notio
896 3433 1006 3514 legis
1029 3435 1251 3502 naturalis.

316 3553 385 3624 242.
476 3557 545 3621 Lea
575 3559 738 3622 nataralia
762 3556 835 3638 (das
864 3557 1049 3622 nattirliohe
1076 3557 1312 3643 Sittengesetz)
1336 3580 1356 3624 a
1379 3561 1412 3625 S.
1428 3561 1562 3655 ¹Thema

316 3660 485 3728 delinitur:
512 3665 736 3748 „participatio
758 3667 835 3749 lepis
851 3672 1000 3730 ortanae
1014 3667 1050 3730 in
1065 3667 1220 3730 rationali
1235 3665 1405 3731 oreatnra“
1415 3668 1437 3731 2.
1469 3666 1561 3732 Idem

314 3787 413 3850 porro
437 3768 521 3834 hanc
547 3771 826 3854 participationem
849 3770 1018 3854 explicans
1047 3771 1110 3836 ait:
1145 3772 1245 3849 ,Lex‚
1276 3792 1348 3836 cum
1378 3772 1423 3839 sit
1444 3774 1561 3855 regula

315 3876 350 3938 et
378 3892 540 3953 mensura,
575 3875 747 3958 dupliciter
770 3881 975 3960 potestesse
998 3877 1032 3942 in
1055 3877 1181 3959 aliquo:
1213 3899 1277 3942 uno
1300 3878 1396 3943 modo
1419 3878 1505 3945 sicut
1527 3879 1561 3944 in

315 3979 489 4061 regulante
516 3985 551 4046 et
580 3987 800 4060 mensurante,
832 3983 897 4048 alio
927 3983 1023 4048 modo
1053 3983 1138 4049 sicut
1166 3983 1200 4048 in
1229 3985 1381 4066 regulata
1411 3989 1446 4050 et
1471 4006 1560 4050 men·

313 4090 446 4162 aurato;
470 4087 546 4168 quia
569 4086 602 4150 in
626 4091 784 4170 quantum
807 4089 986 4173 participat
1001 4089 1123 4171 aliquid
1140 4090 1180 4155 de
1196 4091 1311 4172 regula
1326 4092 1380 4154 vel
1396 4111 1558 4181 mensura,

314 4191 361 4257 sia
391 4193 562 4275 regulatur
591 4195 642 4259 vel
674 4199 893 4262 mensuratur.
940 4195 1037 4262 Unde
1066 4217 1139 4261 oum
1168 4196 1287 4274 omnia,
1318 4217 1402 4279 quae
1430 4197 1560 4262 divinae

406 4423 414 4456 ¹
433 4422 471 4476 111.
490 4422 641 4478 401-403.

405 4511 460 4565 ⁹S.
474 4510 556 4565 theol.
578 4513 600 4574 1,
619 4511 644 4576 2,
664 4529 690 4580 q.
710 4513 752 4576 91,
771 4529 795 4566 a.
816 4513 841 4566 2.
879 4512 997 4580 Analogi
1015 4515 1162 4583 concaptus
1180 4512 1252 4582 apud
1271 4515 1380 4566 veteres
1398 4513 1559 4576 emtabant;
1592 4505 1595 4509 ’

314 4600 349 4654 cf.
368 4601 464 4666 Zeller,
483 4598 656 4668 Philosophia
676 4599 724 4653 der
743 4599 877 4654 Grieohen
897 4601 934 4655 111
956 4603 978 4664 1,
997 4619 1060 4671 pag.
1079 4602 1147 4666 222,
1166 4604 1221 4654 not.
1240 4602 1272 4654 4:
1301 4601 1415 4666 ,νόμος
1432 4600 1470 4654 ist
1487 4601 1558 4656 uach

313 4687 448 4744 stoieeher
465 4687 611 4741 Definition
632 4687 730 4756 (Stoa,
751 4689 811 4742 Ekl.
832 4690 856 4742 11
878 4689 929 4743 190
950 4690 1013 4755 194)
1033 4690 1081 4743 (101
1098 4690 1179 4760 λόγος
1204 4691 1289 4758 ὀρθὸς
1306 4691 1494 4755 προστακτικὸς
1509 4693 1559 4755 μὲν

313 4776 366 4830 τῶν
384 4780 521 4846 ποιητέων,
541 4778 752 4846 ἀπαγορευτικὸς
770 4779 800 4830 δὲ
819 4783 871 4830 τῶν
889 4773 921 4831 oo'
942 4780 1072 4846 ποιητέων
1091 4807 1124 4816 -
1143 4777 1218 4832 seine
1235 4776 1318 4831 letzte
1333 4779 1421 4842 Oualla
1433 4778 1470 4831 ist
1487 4779 1557 4833 nach

314 4865 484 4936 Chrysippus
509 4868 524 4916 ὁ
544 4867 628 4932 ὀρθὸς
653 4865 734 4934 λόγος
759 4867 803 4919 διὰ
822 4868 926 4919 πάντων
945 4867 1102 4937 ἐρχόμενος,
1128 4868 1245 4927 hadrac
1271 4869 1306 4920 ὢν
1325 4862 1363 4933 τῷ
1383 4865 1425 4919 Διΐ
1438 4896 1474 4905 -
1492 4869 1557 4922 oder

312 4953 383 5008 nach
405 4953 504 5022 Cicero,
524 4953 589 5020 Leg.
610 4955 633 5020 1,
653 4954 677 5019 6,
699 4954 745 5008 18:
765 4954 843 5017 ‚ratio
861 4972 968 5008 summa
986 4956 1070 5010 insita
1087 4956 1115 5009 in
1128 4958 1234 5020 natura,
1254 4971 1324 5024 qnae
1339 4954 1468 5021 iubetea,
1487 4973 1556 5025 quae

313 5042 439 5096 facienda
458 5045 529 5107 sunt,
548 5041 726 5112 prohibetque
746 5043 914 5097 contradat*

1295 5131 1350 5184 14*
