3909 5842
417 648 481 712 408
640 640 729 695 Sectio
747 640 781 693 II.
819 640 899 693 Liber
917 640 952 695 II.
989 640 1079 710 Caput
1096 640 1117 694 I.
1154 638 1294 693 Articulus
1313 640 1339 693 4.
1377 638 1438 707 92.

415 819 559 887 manitus
583 822 739 896 erectum,
764 821 798 883 et
819 816 893 882 ideo
910 819 940 883 2.
958 818 1000 881 ab
1016 838 1055 883 eo
1070 816 1324 902 inseparabilem
1340 836 1414 881 esse
1428 816 1597 881 humanae
1614 818 1671 883 de·

415 926 636 995 factibilitatis
652 923 883 1001 condicionem,
897 944 961 1005 qua
973 923 1044 989 fieri
1056 923 1171 1008 possit,
1188 922 1413 1005 utaliquando
1426 921 1534 987 ordini
1549 924 1671 989 morali

416 1033 574 1100 divinitus
596 1034 771 1116 praecepto
795 1029 893 1113 plane
918 1028 1134 1107 contradicat,
1159 1033 1238 1117 puin
1261 1038 1367 1095 tamen
1388 1037 1560 1115 propterca
1584 1033 1672 1094 iuris

417 1144 554 1227 ciperem
577 1146 605 1204 et
627 1140 690 1203 vim
713 1136 874 1221 oblipcndi
898 1138 1032 1219 omittat,
1058 1134 1177 1219 quippe
1200 1134 1290 1221 quod·
1304 1134 1483 1203 etiamnum
1498 1134 1672 1201 mediante

417 1245 567 1329 legitima
588 1244 731 1309 humana
758 1241 957 1308 auctoritate
981 1245 1017 1307 iu
1036 1250 1189 1327 potestate
1212 1244 1369 1307 diuinitus
1391 1248 1519 1326 acepta
1543 1243 1672 1306 nitatur

309 1405 315 1415 ,
417 1354 433 1432 (
437 1351 627 1437 „reprendet
638 1349 702 1431 auf
718 1350 823 1414 Gottcs
840 1346 1141 1433 Ermutcbtipuup“).
1168 1348 1267 1433 Atqui
1282 1345 1438 1428 quidquid
1449 1346 1495 1412 sit
1506 1347 1548 1411 de
1558 1351 1671 1432 prinus
1776 1332 1778 1368 ἓ

416 1456 601 1541 hypothesi,
628 1476 712 1538 quac
736 1454 823 1520 infra
846 1453 1020 1538 specialius
1041 1453 1260 1519 examinanda
1284 1452 1358 1531 erit,
1375 1456 1478 1519 attera
1500 1458 1596 1519 certe
1613 1454 1671 1519 ad·
1776 1511 1778 1516 .

417 1562 505 1629 mitti
528 1561 642 1645 nequit
665 1566 699 1626 et
723 1560 853 1625 divinae
869 1558 1042 1627 sanctitati
1057 1563 1172 1643 aperte
1196 1558 1401 1625 contradicit.
1436 1559 1525 1643 Erpc
1541 1565 1579 1626 et
1595 1560 1670 1626 doc·

417 1668 515 1747 trina,
533 1689 617 1751 quae
632 1668 663 1734 ei
678 1666 927 1751 superstruitur,
944 1666 1083 1732 similem
1099 1666 1240 1731 indolem
1256 1665 1435 1750 participat
1449 1686 1590 1732 necesse
1607 1674 1669 1734 cst

506 1776 622 1843 Prob.
647 1774 791 1841 minor.
823 1774 939 1839 Potest
962 1794 1043 1839 sane
1066 1773 1208 1839 humana
1231 1773 1413 1839 auctoritas
1436 1794 1457 1837 a
1479 1794 1541 1838 suo
1560 1772 1670 1839 officio

418 1886 453 1948 et
483 1882 592 1947 divino
622 1882 778 1948 mandato
808 1902 911 1963 usque
936 1900 974 1945 so
999 1880 1148 1957 deficere,
1178 1882 1216 1944 ut
1239 1882 1356 1945 contra
1378 1878 1440 1945 Dei
1462 1880 1573 1962 legem
1597 1902 1670 1965 per·

418 2008 551 2052 versum
574 1988 751 2055 humanum
775 1986 947 2053 arbitrium
970 1986 1078 2052 instar
1099 1984 1180 2051 iuris
1203 1985 1330 2069 erigere
1354 1990 1389 2052 et
1410 1986 1446 2051 vi
1467 1991 1671 2070 extorquere

417 2098 617 2177 praesumat.
666 2094 788 2159 Potare
811 2096 922 2159 autem
946 2091 989 2170 id,
1014 2092 1101 2173 quod
1123 2092 1172 2157 ita
1195 2092 1237 2156 ab
1260 2090 1393 2159 homine
1415 2096 1534 2159 conus
1562 2094 1669 2159 Deum

419 2200 558 2285 erigitur
581 2204 615 2267 et
639 2204 864 2283 extorquetur,
895 2219 1010 2264 verum
1038 2218 1111 2264 esse
1134 2196 1185 2263 ius
1208 2197 1354 2264 retinens
1376 2219 1471 2263 suam
1494 2198 1564 2263 vim
1589 2200 1670 2265 obli·

418 2307 519 2391 gandi
542 2305 648 2388 („sein
671 2305 849 2371 bindendes
865 2304 1066 2387 Anseheffl),
1091 2308 1143 2371 est
1158 2312 1215 2369 aut
1229 2304 1328 2388 plane
1343 2305 1498 2387 ignorare
1514 2308 1670 2371 naturam

419 2414 630 2497 obligationis
663 2432 801 2496 eamque
834 2432 907 2477 cum
937 2411 1074 2495 physica
1104 2410 1243 2494 cogendi
1274 2412 1424 2496 potentia
1456 2412 1669 2486 confundere,

419 2529 475 2585 out
490 2520 595 2585 Deum
618 2518 724 2603 ipsum
748 2518 858 2583 iacere
882 2517 1006 2583 directe
1028 2516 1222 2601 participem
1238 2517 1400 2583 humanae
1415 2519 1598 2601 nequitiae,
1622 2520 1669 2583 di·

420 2625 497 2691 vina
527 2625 727 2693 auctoritato
757 2624 923 2690 iubentem
955 2628 989 2689 et
1012 2623 1214 2690 sancientem
1236 2624 1271 2689 id
1293 2624 1410 2708 ipsum,
1441 2626 1529 2708 quod
1553 2627 1667 2691 eadem

419 2733 619 2799 auctoritate
642 2732 793 2798 absolute
813 2730 974 2815 prohibet.
1022 2731 1107 2796 Illud
1129 2730 1210 2796 iuris
1233 2730 1372 2796 scicntia
1393 2732 1585 2814 indignum,
1608 2733 1668 2798 hoc

420 2842 531 2904 autern
554 2838 689 2921 insuper
712 2836 873 2903 obiective
889 2835 1127 2920 blasphemiam
1143 2836 1290 2903 continet
1304 2837 1338 2901 in
1357 2838 1473 2917 Deum,
1497 2844 1668 2905 auctorem

420 2945 524 3009 omnis
548 2942 757 3027 obligationis
780 2946 814 3009 et
837 2942 970 3009 moralis
995 2942 1115 3007 valoris
1138 2942 1266 3011 iunium.

509 3050 553 3117 Et
577 3072 656 3117 vero
680 3050 752 3133 quis
776 3070 836 3115 rex
858 3049 1020 3115 humanus
1043 3049 1252 3116 mediocriter
1273 3049 1381 3117 iustus
1397 3054 1432 3117 et
1446 3050 1609 3117 honestus
1622 3052 1670 3117 itu

420 3178 513 3224 suam
538 3158 734 3241 dignitatem
758 3156 899 3223 abiicere
923 3176 1077 3239 umquam
1101 3160 1223 3240 posset,
1248 3160 1286 3223 ut
1304 3155 1401 3222 alicui
1415 3156 1669 3238 magistratuia
1776 3189 1777 3218 1

420 3285 456 3330 se
487 3265 640 3349 delegato
671 3265 713 3330 ad
743 3262 871 3331 libitum
902 3261 994 3345 regio
1024 3261 1155 3327 nomine
1184 3261 1366 3347 imperandi
1397 3265 1578 3329 absolutam
1610 3286 1667 3348 po·

419 3375 577 3439 testatem
608 3371 708 3437 semel
740 3391 801 3455 pro
835 3389 964 3453 semper
996 3370 1230 3447 communicet,
1266 3374 1300 3436 et
1331 3373 1370 3435 ut
1401 3373 1438 3435 iu
1472 3377 1667 3436 antecessum

417 3476 543 3560 publice
573 3486 678 3543 rutum
704 3496 777 3542 esse
799 3474 891 3553 velit,
922 3474 1078 3557 quidquid
1104 3474 1160 3540 ille
1184 3474 1285 3541 etiam
1308 3480 1425 3542 contra
1446 3475 1574 3558 regiam
1598 3498 1666 3542 ma·

418 3582 573 3649 testatem
605 3587 753 3649 statuere
783 3580 1067 3666 praesumpserit?
1094 3616 1138 3625 —
1170 3579 1217 3647 At
1238 3601 1319 3646 vero
1341 3582 1412 3665 ipse
1434 3582 1542 3660 Deus,
1574 3604 1666 3648 sanc·
1776 3651 1777 3656 ,

419 3688 566 3754 tissimus
596 3688 707 3753 mundi
737 3688 921 3766 ordinator,
952 3686 1080 3752 aeterni
1109 3687 1237 3771 imperii
1268 3687 1389 3754 oblitus
1412 3686 1498 3753 serio
1520 3693 1665 3773 putetur,

420 3794 550 3860 dedisse
578 3794 740 3860 humanae
771 3792 961 3860 auctoritati
991 3798 1050 3860 aut
1079 3793 1137 3859 ulli
1160 3797 1332 3860 creaturae
1355 3792 1557 3861 ilhmitatam
1580 3796 1664 3861 eius·
1776 3855 1777 3858 ,

421 3900 508 3965 modi
537 3904 748 3985 potestatem,
781 3920 845 3982 qua
876 3898 1033 3965 divinitus
1056 3903 1132 3965 rata
1154 3904 1189 3966 et
1211 3899 1340 3967 sancita
1363 3900 1491 3966 censeri
1514 3901 1664 3978 debeant,
1776 3901 1777 3904 ’

420 4026 643 4089 quaecumque
663 4006 721 4071 illa
744 4005 815 4071 sivo
837 4005 1016 4071 secundum
1040 4005 1110 4071 sive
1133 4011 1249 4073 contra
1272 4027 1466 4091 expressum
1488 4007 1553 4073 Dei
1575 4029 1665 4073 man·
1776 4065 1777 4074 ,

421 4112 533 4180 datum
558 4112 754 4179 decreverit.
767 4109 804 4192 (i)

420 4234 486 4305 510.
575 4232 765 4306 corollaria:
801 4235 825 4303 Ι.
850 4236 986 4302 interna
1009 4239 1044 4301 et
1059 4234 1245 4302 essentialis
1260 4236 1389 4313 relatio,
1413 4256 1498 4318 quae
1513 4237 1566 4302 ius
1581 4237 1665 4303 inter
1776 4305 1777 4312 χ

420 4346 454 4409 et
487 4340 683 4409 obiectivam
713 4341 934 4409 moralitatem
968 4342 1151 4414 intercedit.
1183 4342 1368 4425 adaequato
1397 4342 1460 4407 hac
1483 4343 1664 4410 assertione
1776 4385 1777 4390 κ

420 4448 628 4532 exprimitur:

509 4557 566 4621 Ius
589 4578 644 4621 scu
668 4557 746 4621 ordo
769 4556 930 4620 iuridicus
956 4559 1001 4620 itu
1023 4558 1119 4641 plane
1135 4578 1167 4620 se
1182 4556 1276 4620 babet
1291 4557 1336 4620 od
1352 4557 1499 4620 ordinum
1515 4559 1664 4622 moratur

420 4662 618 4743 uniuersum,
649 4662 913 4747 quomadmodum
944 4662 1094 4727 obiectioc
1125 4664 1248 4727 iustitia
1277 4682 1331 4725 scu
1356 4662 1476 4726 iustum
1506 4682 1539 4727 se
1571 4662 1664 4726 babet

421 4766 467 4830 ad
490 4766 670 4831 obiectiocm
693 4769 884 4832 honestatem
907 4766 1160 4847 (rectitudinem)
1182 4769 1333 4831 moralem
1358 4770 1551 4833 universum.

508 4870 632 4937 Iustum
657 4876 768 4939 autem
782 4874 816 4938 in
831 4872 968 4939 honesto
985 4872 1159 4939 manifeste
1175 4876 1213 4938 ut
1228 4894 1306 4956 pars
1321 4872 1355 4937 in
1370 4876 1443 4939 toto
1460 4873 1662 4947 continetur;

420 4979 581 5043 honesturn
613 4978 732 5064 quippe
756 4978 951 5045 obiectivam
976 4980 1127 5045 moratum
1150 4980 1371 5045 rectitudinem
1395 4979 1533 5046 denotat
1554 5002 1663 5046 secun·
