3909 5842
402 621 466 685 202
623 617 712 671 Sestio
731 619 751 671 l.
790 618 869 671 Liber
889 619 934 671 lll.
974 617 1063 688 Caput
1082 619 1102 670 l.
1140 618 1324 672 1611661662.
1362 618 1424 686 §L

491 795 615 860 Eadem
638 795 721 878 legis
745 797 916 873 elementa,
946 815 1030 878 quae
1053 795 1191 860 totidem
1215 796 1285 860 eius
1308 794 1514 860 condiciones
1538 816 1657 861 essen-

402 901 499 966 tiales
515 902 727 980 constituunt,
753 905 876 970 Soorez
895 923 1032 984 quoque,
1057 902 1135 967 licet
1150 903 1210 967 sub
1227 902 1292 968 alia
1309 902 1482 967 verborum
1498 901 1655 978 formula,

403 1008 641 1092 complectitur,
672 1009 757 1074 hanc
780 1009 863 1092 legis
888 1009 1110 1074 definitionem
1139 1029 1341 1092 proponens:
1377 1009 1464 1089 ,Lex
1493 1017 1539 1073 est
1569 1030 1656 1073 corn·

403 1137 498 1180 mune
517 1124 729 1201 praeceptum,
754 1118 871 1180 iocatum
896 1138 933 1180 oc
956 1116 1077 1194 stabile,
1101 1116 1296 1200 sufficienter
1317 1113 1608 1201 promulgatum.“¹

403 1251 468 1322 231.
560 1251 779 1326 Corollarium.
812 1257 864 1322 Ex
888 1257 984 1322 dictis
1000 1255 1098 1321 facile
1114 1256 1327 1338 intellegitur,
1353 1278 1418 1337 qua
1433 1255 1562 1320 ratione
1578 1278 1656 1320 666-

404 1363 511 1426 6111666
535 1383 555 1426 6
578 1363 651 1443 lege
682 1361 821 1428 differat.
870 1361 1025 1439 Quamvis
1055 1362 1141 1426 enim
1167 1362 1335 1426 consilium
1360 1363 1394 1427 in
1418 1383 1456 1426 eo
1480 1381 1552 1426 cum
1578 1361 1655 1442 lege

404 1466 591 1540 conveniat,
623 1469 708 1549 quod
738 1468 892 1533 inducere
923 1469 964 1533 ad
988 1468 1150 1550 agendum
1174 1468 1350 1532 secundum
1375 1467 1536 1532 rationem
1560 1467 1655 1541 velit,

403 1571 437 1636 in
461 1594 499 1638 eo
522 1577 633 1640 tamen
658 1577 800 1640 maxime
816 1577 857 1641 ab
874 1575 988 1641 eadem
1006 1575 1228 1658 distinguitur,
1253 1567 1339 1657 quod
1355 1574 1478 1639 nullam
1494 1573 1656 1638 moralem

404 1680 562 1762 operandi
585 1685 797 1747 necessitatem
822 1681 968 1763 adeoque
992 1681 1116 1746 nullam
1140 1681 1374 1763 obligationem
1397 1677 1544 1763 imponit.

406 1818 474 1890 232.
563 1817 737 1890 Scholion.
766 1831 813 1888 De
833 1830 1071 1908 promulgatione
1092 1849 1111 1888 a
1126 1830 1277 1889 nonnullis
1292 1829 1456 1889 dubitatum
1478 1834 1533 1899 est,
1554 1833 1656 1887 utrum

405 1923 507 1982 verius
529 1924 564 1981 de
586 1925 718 1985 essentia
740 1926 815 2002 legis
837 1946 904 1986 esse
926 1927 1051 1998 dicatur,
1074 1947 1113 1986 an
1133 1928 1234 2006 potius
1256 1927 1320 1986 eius
1341 1931 1457 1986 tanturn
1478 1925 1655 2003 requisitum

405 2023 619 2092 necessarium,
648 2027 680 2082 ut
708 2043 791 2083 suam
820 2024 985 2084 efficaciam
1014 2029 1169 2084 externam
1189 2026 1300 2084 habere
1320 2023 1425 2101 possit.
1453 2057 1491 2065 —
1519 2023 1657 2082 Difficul-

405 2125 497 2179 tatem
519 2119 706 2197 aliquatenus
728 2123 820 2182 movit
844 2124 911 2196 ,lex
933 2125 1087 2193 aeterna“,
1116 2123 1151 2182 de
1173 2143 1230 2200 qua
1251 2122 1330 2182 infra
1352 2122 1507 2180 dicendum
1528 2120 1601 2189 erit,
1625 2126 1657 2178 et

406 2237 480 2294 quae
501 2219 621 2278 tametsi
642 2220 753 2278 nullam
776 2219 893 2292 (saltem
915 2223 1080 2288 externam)
1102 2221 1212 2280 habeat
1240 2219 1522 2296 promulgationem,
1550 2217 1656 2277 nihilo·

406 2313 502 2374 minus
524 2316 716 2375 communiter
736 2317 786 2376 lex
807 2323 940 2376 vocatur.
969 2355 1008 2364 -
1034 2318 1160 2388 Verum,
1190 2325 1223 2376 ut
1243 2319 1354 2378 Suorez
1374 2317 1524 2392 sapienter
1545 2320 1656 2377 monet.

407 2411 517 2489 duplex
544 2417 641 2472 statue
670 2415 745 2489 legis
767 2414 993 2490 distinguendus
1021 2421 1084 2487 est,
1116 2435 1209 2485 ,unus
1232 2420 1279 2474 est
1299 2435 1379 2474 mere
1399 2414 1540 2483 interior,
1567 2422 1658 2490 prout

408 2509 458 2568 lex
480 2511 686 2570 consideratur
706 2515 737 2570 in
758 2519 856 2572 mente
878 2513 1073 2588 legislatoris,
1096 2513 1172 2573 alius
1194 2518 1242 2574 est
1263 2513 1403 2582 exterior,
1425 2518 1514 2589 prout
1533 2512 1585 2570 lex
1605 2531 1656 2569 ex·

407 2606 488 2666 sistit
510 2613 595 2666 extra
616 2609 826 2684 legislatorem,
848 2609 898 2669 vel
918 2609 949 2668 in
970 2610 1046 2686 ipsis
1068 2610 1194 2669 subditis
1215 2609 1263 2668 vel
1284 2610 1316 2668 in
1338 2610 1436 2686 aliquo
1457 2609 1544 2684 signo
1564 2607 1657 2666 mani·

408 2703 539 2762 destante
570 2705 753 2766 voluntatem
783 2707 973 2782 legislatoris.
1017 2707 1219 2784 Promulgatio
1250 2726 1338 2782 ergo,
1369 2713 1403 2766 ut
1433 2726 1471 2765 ex
1500 2705 1531 2763 vi
1560 2703 1657 2780 ipsius

407 2799 491 2858 vocis
514 2810 647 2874 constat,
671 2804 778 2864 dicitur
798 2810 936 2882 respectu
958 2806 1034 2880 legis
1055 2811 1214 2873 externae;
1243 2825 1312 2864 nam
1334 2805 1405 2863 dicit
1425 2803 1657 2880 publicationem

408 2896 492 2972 legis,
515 2917 675 2976 perquam
697 2902 794 2977 possit
814 2923 832 2962 a
854 2903 982 2962 subditis
1004 2902 1153 2979 cognosci.
1190 2903 1255 2962 Lex
1275 2907 1375 2961 autem
1397 2905 1520 2960 aeterna
1539 2904 1658 2958 tantum

411 2993 482 3053 dicit
510 2995 605 3072 legem
634 2998 663 3056 in
692 3004 790 3058 mente
811 3000 868 3058 Dei
896 3006 1087 3077 conceptam,
1116 3006 1146 3059 et
1174 3000 1239 3059 ideo
1261 3019 1321 3059 non
1342 3002 1443 3075 potest
1462 3000 1560 3057 codem
1582 3000 1658 3055 ratio

409 3094 656 3170 promulgationis
685 3096 722 3154 ad
749 3115 813 3155 eam
835 3097 1030 3174 applicari.“²
1071 3097 1174 3168 Qualis
1196 3103 1296 3155 autem
1316 3096 1358 3154 illi
1381 3096 1550 3165 conveniat,
1579 3094 1658 3152 infra

410 3191 638 3251 examinandum
667 3193 731 3253 erit.
772 3193 877 3270 Itaque
906 3195 1121 3254 considerando
1149 3196 1244 3270 legem
1273 3193 1434 3254 secundum
1462 3193 1526 3251 eius
1546 3197 1657 3251 statum

409 3296 557 3349 externum
579 3291 731 3350 sufficiens
753 3293 950 3370 promulgatio
972 3293 1075 3369 procul
1097 3293 1184 3351 dubio
1203 3292 1256 3363 ,de
1270 3292 1336 3368 ipsa
1350 3290 1466 3350 ratione
1480 3289 1555 3366 legis
1570 3291 1654 3348 esse‘

410 3387 558 3446 censenda
588 3393 642 3448 eat.
692 3389 784 3460 Quam
814 3391 993 3449 sententiam
1025 3391 1178 3449 affirmans
1207 3389 1234 3449 S.
1265 3389 1415 3449 Thomas³
1447 3387 1658 3446 auctoritatem

408 3503 522 3560 quoque
544 3485 682 3544 Gratiani
702 3486 823 3545 invocat
845 3487 986 3546 dicentis:
1019 3494 1107 3557 ,tunc
1127 3488 1210 3562 leges
1231 3486 1364 3555 institui,
1386 3483 1503 3561 quando
1532 3484 1658 3561 promul·

410 3588 528 3658 gantur,
550 3583 660 3641 firmari
682 3588 790 3655 autem,
813 3585 929 3660 quando
950 3585 1081 3644 moribus
1102 3584 1301 3661 recipiuntur“
1315 3593 1333 3644 ⁴.

499 3679 588 3738 Plura
610 3680 684 3752 alia,
716 3701 791 3756 quae
814 3681 849 3742 de
870 3683 988 3742 ratione
1010 3683 1085 3757 legis
1107 3681 1270 3757 generatim
1292 3681 1342 3740 vel
1363 3680 1399 3738 de
1421 3679 1486 3738 eius
1506 3678 1659 3755 requisitis

410 3777 441 3835 in
466 3778 668 3852 quaestionem
689 3780 790 3839 vocari
818 3780 932 3852 solent,
963 3779 1123 3857 specialius
1153 3779 1188 3837 ad
1209 3781 1306 3854 legem
1327 3779 1486 3837 humanam
1507 3778 1659 3853 pertinere

411 3875 448 3933 ad
470 3893 592 3950 eamque
613 3875 711 3952 aptius
733 3876 889 3936 referenda
910 3877 1057 3937 videntur.

884 4057 1126 4125 Articulus
1150 4056 1183 4124 2.

808 4187 902 4250 116116
926 4186 1148 4270 distinguendi
1171 4185 1261 4266 16966.

486 4356 503 4435 g'
531 4357 557 4418 1.
607 4352 840 4418 Distinctio
865 4373 885 4416 a
909 4349 1096 4416 diversis
1120 4349 1231 4431 legis
1254 4348 1420 4414 actibus
1443 4345 1591 4430 petita.

412 4477 480 4548 233.
574 4477 683 4541 Prima
723 4474 941 4558 distinguendi
977 4473 1080 4551 ratio,
1120 4492 1204 4554 quae
1242 4470 1276 4535 in
1315 4469 1553 4535 consideranda
1586 4469 1661 4551 lege

413 4584 568 4658 occurrit,
601 4603 665 4647 non
699 4583 739 4647 ad
773 4581 920 4646 diversas
953 4581 1037 4663 legis
1071 4579 1208 4664 species,
1239 4576 1298 4642 sed
1328 4576 1370 4641 ad
1405 4577 1544 4642 diversos
1577 4575 1660 4657 legis

509 4776 516 4807 ¹
535 4773 575 4827 De
594 4774 701 4840 legibus
721 4771 738 4826 l.
760 4773 782 4832 l,
803 4790 825 4824 c.
848 4773 888 4824 12.
967 4773 977 4804 ¹
997 4771 1035 4824 lb.
1056 4787 1078 4823 6.
1100 4770 1141 4823 ll.
1216 4768 1226 4799 ³
1244 4766 1272 4820 S.
1291 4766 1374 4820 theol.
1396 4768 1419 4831 l,
1439 4767 1463 4828 2,
1483 4785 1509 4834 q.
1529 4765 1571 4827 90,
1591 4782 1615 4817 a.
1634 4765 1660 4816 t.

505 4866 515 4896 ⁴
529 4863 568 4916 De
582 4861 674 4915 eodem
689 4863 766 4914 textu
777 4859 901 4912 Gratiani
917 4859 1036 4927 (Decret.
1051 4875 1073 4911 c.
1090 4857 1135 4923 ,ln
1149 4855 1225 4909 ietie“
1241 4853 1304 4908 dist.
1317 4855 1335 4908 4
1350 4853 1483 4923 ,Leges‘l
1497 4854 1658 4917 61866166,

414 4951 454 5006 De
473 4951 579 5020 legibus
598 4949 615 5004 l.
639 4952 660 5012 l,
680 4964 703 5001 c.
724 4948 765 5009 11,
785 4947 801 5014 ἓ
821 4949 836 4999 5
857 4945 896 5014 7).
963 4995 966 5001 .
