3909 5842
427 693 467 747 De
485 692 639 764 praecipuis
657 692 728 762 legis
746 691 880 748 naturalis
899 691 1121 764 proprietatibus.
1141 722 1174 730 —
1195 691 1406 748 Universalitae.
1476 695 1542 760 237

296 890 395 952 quam
418 870 540 936 habere
562 871 678 955 possit,
702 870 745 936 ad
768 870 914 936 ordinem
937 872 985 936 vel
1007 869 1240 935 individualem
1263 872 1312 937 voi
1330 870 1483 936 socialem
1500 874 1546 938 uel

296 977 525 1055 universalem,
547 976 728 1061 explanata
742 977 850 1042 sunt1.
884 976 935 1041 Ex
951 975 993 1040 iis
1008 996 1149 1058 namque
1164 975 1278 1058 liquet,
1302 976 1546 1043 exsecutionem

297 1102 432 1167 poenae,
464 1082 555 1148 cuius
577 1081 769 1166 principalis
791 1083 865 1147 finis
888 1081 933 1148 sit
954 1081 1131 1149 rest‘tuere
1154 1082 1280 1148 laesum
1304 1082 1449 1148 ordinem
1473 1084 1545 1149 uni·

297 1188 469 1268 versalem,
498 1193 669 1255 transacto
699 1187 764 1254 iam
794 1187 890 1253 huius
920 1188 1011 1254 vitae
1044 1187 1204 1254 curriculo
1237 1187 1457 1255 emendationi
1492 1210 1545 1255 as·

295 1294 437 1377 signeto,
467 1293 563 1361 huius
591 1295 782 1361 ulteriorem
812 1299 999 1378 respectum
1028 1295 1153 1360 nullum
1177 1293 1321 1378 exigere,
1352 1315 1457 1378 neque
1487 1295 1545 1361 ad·

296 1397 495 1485 implendum
511 1420 645 1466 manere
661 1399 759 1466 alium
783 1402 881 1465 finem
904 1400 967 1464 nisi
991 1399 1226 1467 vindicativum
1251 1405 1285 1467 et
1307 1399 1393 1466 hunc
1416 1400 1545 1484 quidem
1634 1475 1637 1482 ,

297 1508 518 1586 essentialem,
535 1512 573 1574 ut
587 1512 682 1592 patet
697 1507 823 1602 exuloco
840 1509 871 1574 S.
889 1507 1035 1574 Thomas
1045 1507 1138 1574 Cont.
1150 1508 1245 1574 (ient.
1263 1528 1363 1592 supra
1379 1511 1491 1576 citato.
1504 1545 1544 1554 -

295 1616 351 1680 Ad
374 1618 509 1681 dimum
532 1635 611 1680 vero
635 1615 765 1679 omnino
788 1614 973 1696 negandum
995 1618 1056 1694 est,
1081 1614 1238 1680 eiusmodi
1255 1615 1399 1681 debitum
1416 1615 1546 1682 divinae

296 1720 539 1787 misericordiae
567 1721 755 1787 incumbere
785 1741 867 1804 erga
888 1741 991 1799 reum,
1023 1721 1088 1804 qui,
1116 1725 1289 1805 postquam
1313 1721 1346 1786 in
1369 1721 1440 1788 vita
1464 1722 1545 1790 coti-

295 1827 394 1893 diana
417 1827 548 1894 divinae
569 1827 728 1895 bonitatis
751 1833 786 1895 et
807 1827 1052 1894 misericordiae
1076 1829 1162 1894 dona
1176 1827 1278 1893 libere
1294 1827 1430 1912 sprevit,
1455 1827 1545 1893 dein·

295 1953 374 2018 ceps
395 1955 536 2018 poenam
558 1935 685 2019 patitur
706 1955 767 2019 per
789 1956 826 2000 se
848 1935 969 2001 iustam
993 1939 1029 2001 et
1051 1934 1210 2001 demerito
1233 1935 1362 2018 peceati
1388 1935 1544 2017 quodam·

296 2040 392 2105 modo
415 2040 541 2106 infinito
564 2039 638 2124 ipsa
653 2039 787 2124 perenni
804 2039 976 2104 duratione
992 2039 1285 2123 proportionatam.
1317 2038 1432 2122 Neque
1451 2039 1546 2106 huius

296 2147 465 2214 exsecutio
487 2147 522 2212 iu
538 2147 608 2212 Deo
631 2146 796 2212 defectum
812 2145 1055 2212 misericordiae
1071 2144 1191 2228 arguit,
1216 2145 1274 2210 sed
1290 2145 1434 2210 divinam
1450 2167 1545 2212 sanc·

295 2252 427 2320 titatem
460 2253 654 2319 manifestet
685 2258 721 2320 et
749 2272 894 2318 amorem
925 2251 1057 2332 ordinis,
1088 2251 1140 2317 cui
1169 2257 1337 2336 tamquam
1366 2253 1450 2318 bono
1474 2253 1545 2317 uni-

296 2359 519 2426 versaliseimo
554 2364 674 2426 cuncta
708 2359 922 2443 particularia
955 2379 1030 2424 esse
1064 2358 1291 2443 postponenda
1325 2359 1411 2427 ratic
1444 2359 1543 2426 etiam

296 2469 410 2531 creata
433 2465 592 2548 agnoscit

771 2577 1014 2645 Articulus
1037 2577 1071 2645 t.

509 2707 560 2770 Do
578 2707 765 2791 praecipuis
787 2707 864 2791 lepis
887 2705 1051 2770 naturalis
1073 2704 1331 2790 proprietalibus.

387 2830 478 2897 Inter
493 2829 553 2896 has
569 2829 727 2912 imprimis
749 2827 967 2895 nominandae
991 2831 1069 2893 sunt
1092 2830 1319 2894 universalitas
1342 2831 1376 2893 et
1398 2831 1544 2893 immula-

299 2939 417 3003 tilitas.
464 2937 514 3002 De
536 2939 677 3018 utraque
701 2934 857 3000 nonnulla
880 2933 1034 3000 dicemus.

694 3125 713 3209 ἕ
738 3131 767 3194 1.
816 3127 1148 3196 Universalitae.

298 3249 367 3322 267.
458 3249 588 3336 Duplici
611 3249 741 3316 ratione
767 3251 823 3315 lex
846 3249 957 3333 aliqua
981 3249 1176 3314 universalis
1200 3270 1273 3314 esse
1296 3251 1422 3332 potest:
1458 3253 1485 3317 1.
1509 3254 1543 3316 in

286 3380 331 3428 se
354 3361 505 3442 spectata
528 3377 585 3421 seu
609 3355 737 3422 ratione
760 3355 811 3420 eui
833 3354 1037 3421 fundamenti
1062 3358 1097 3420 et
1110 3355 1193 3434 linis,
1219 3358 1253 3422 et
1277 3359 1306 3420 2.
1323 3353 1451 3420 ratione
1466 3376 1546 3421 suae

296 3467 572 3550 promulgationis.

388 3571 510 3654 Legem
541 3571 726 3637 naturalem
750 3572 861 3657 priore
883 3592 977 3635 sensu
1003 3569 1210 3635 universalem
1237 3591 1310 3652 esse,
1341 3567 1361 3635 i.
1386 3590 1414 3636 e.
1439 3567 1472 3633 vi
1495 3572 1548 3634 soi

296 3679 505 3762 fundamenti
539 3686 566 3742 st
595 3677 672 3761 finis
705 3673 748 3741 ad
780 3697 908 3742 omnem
941 3675 1071 3742 omnino
1103 3675 1266 3741 hominem
1301 3696 1336 3740 se
1368 3674 1547 3740 extendere

299 3783 461 3866 simulque
495 3783 656 3849 obiective
691 3803 818 3848 omnem
854 3782 976 3848 ordinis
1008 3785 1135 3866 partem
1169 3780 1458 3865 comprehendere,
1492 3783 1547 3865 qui

298 3890 422 3956 homini
448 3889 624 3955 secundum
653 3888 761 3972 legem
785 3891 955 3955 aeternam
979 3888 1164 3966 conveniat,
1195 3889 1387 3974 probatione
1409 3909 1474 3954 non
1497 3889 1547 3954 in·

299 3995 401 4078 diget,
433 4018 505 4062 oum
534 3997 617 4062 haec
647 3995 882 4063 universalitas
911 3994 974 4080 ipsi
1004 3994 1087 4078 legis
1110 3993 1271 4061 naturalis
1295 3994 1466 4078 conceptui
1490 3995 1547 4060 im-

299 4101 443 4168 mediate
471 4101 654 4179 inhaereat,
683 4122 745 4166 nec
768 4100 892 4166 minore
915 4099 1134 4166 circumscribi
1159 4098 1283 4165 ambitu
1307 4100 1420 4183 possit,
1450 4122 1547 4183 quam

300 4211 374 4294 ipsa
397 4211 518 4274 natura
541 4205 723 4285 rationalis,
748 4228 832 4289 quae
855 4207 939 4289 legis
961 4205 1123 4272 naturalis
1146 4205 1395 4271 fundamentum
1419 4211 1480 4272 est,

299 4348 371 4421 268.
462 4349 578 4431 Neque
608 4348 714 4413 minus
744 4353 835 4413 certo
865 4351 1006 4424 constat,
1037 4367 1110 4412 eam
1140 4347 1241 4412 etiam
1264 4345 1547 4414 universalitatem

299 4457 366 4539 legi
395 4455 541 4522 naturali
561 4477 621 4540 per
642 4476 676 4519 ss
698 4457 895 4537 competere,
926 4473 1011 4535 quae
1040 4452 1073 4517 in
1098 4455 1275 4519 universali
1295 4454 1549 4538 promulgatione

300 4563 461 4629 consistit.
507 4563 539 4627 A
566 4561 668 4644 priori
691 4560 775 4626 euim
800 4564 892 4626 recte
915 4559 1148 4636 concludimus,
1172 4560 1279 4643 legem
1302 4558 1486 4625 naturalem
1510 4579 1548 4624 eo

299 4669 383 4753 ipso,
408 4668 492 4751 qnod
515 4668 587 4733 lata
609 4667 654 4733 sit
676 4688 698 4732 a
719 4665 962 4749 sapientissimo
978 4665 1058 4744 Deo,
1082 4666 1182 4732 etiam
1206 4665 1238 4730 in
1263 4665 1391 4732 ratione
1406 4665 1549 4732 humana

299 4775 543 4860 promulgatam
559 4773 671 4851 fuisse,
697 4777 854 4855 quantum
874 4772 946 4856 ipse
968 4772 1051 4856 legis
1074 4773 1147 4838 finis
1163 4772 1355 4856 requireret.
1387 4771 1422 4838 Si
1437 4778 1548 4841 autem

393 5021 401 5052 ¹
420 5018 463 5073 cf.
482 5034 603 5088 respons.
623 5019 652 5072 S.
675 5017 791 5070 nomae
808 5017 842 5072 ad
862 5016 976 5071 eandem
996 5015 1173 5070 obiectionem
1195 5015 1218 5080 l,
1238 5015 1263 5077 2,
1282 5031 1308 5084 q.
1327 5013 1370 5080 87,
1390 5030 1414 5068 a.
1434 5013 1450 5068 3
1469 5014 1503 5068 ad
1522 5015 1548 5069 2.
