3909 5842
453 653 517 718 332
736 645 826 700 Scotto
845 645 879 700 ll.
916 644 997 700 Liber
1016 646 1036 700 l.
1075 646 1164 716 Caput
1182 644 1202 700 l.
1240 643 1380 698 Articulns
1398 643 1424 697 3.

452 828 512 892 bus
536 846 600 891 non
625 823 764 908 amplius
787 825 975 907 respondet.
1023 823 1230 908 Quapropter
1256 823 1399 889 societas
1422 819 1628 886 universalis
1644 818 1683 884 ba

451 931 613 998 latissimo
636 949 734 995 sensu
758 933 897 1013 accepta
919 929 966 995 nil
989 929 1078 995 aliud
1101 949 1221 995 revera
1243 928 1419 1010 significat,
1447 948 1557 1009 quam
1582 928 1683 990 meaa

452 1041 582 1106 unionis
605 1039 789 1102 relationem
812 1036 844 1100 in
871 1035 964 1102 unius
981 1039 1121 1102 naturae
1137 1039 1172 1102 et
1186 1035 1260 1100 finis
1276 1035 1516 1101 communione
1533 1032 1685 1099 fundatam.

542 1153 759 1218 Particularia
783 1154 921 1216 vocatur
944 1151 1049 1216 omnis
1067 1151 1220 1229 societas,
1245 1169 1330 1232 quae
1345 1147 1559 1215 universalis
1574 1170 1633 1212 non
1646 1154 1687 1212 cst

453 1282 511 1326 seu
535 1279 619 1342 quae
642 1257 895 1325 determinatam
919 1260 1048 1341 partem
1064 1256 1335 1323 coexsistentium
1350 1255 1531 1321 hominurn
1555 1256 1689 1321 inordina

453 1367 496 1434 ad
518 1367 616 1430 finem
638 1364 872 1448 particularem
894 1363 982 1429 inter
1000 1384 1036 1428 se
1052 1363 1223 1428 moraliter
1238 1363 1430 1428 coniunctos
1446 1360 1688 1444 comprehendit.

455 1474 503 1540 De
525 1473 588 1537 hac
611 1469 816 1555 potissimum
840 1468 933 1535 uobis
957 1470 1121 1552 agendum
1145 1469 1218 1535 erit.

453 1612 524 1684 389.
616 1615 646 1679 2.
671 1613 807 1677 Ratione
832 1613 1063 1694 elementorum,
1088 1611 1202 1696 quibas
1221 1611 1368 1695 prosim
1383 1617 1515 1674 constat
1531 1647 1580 1656 -
1594 1608 1690 1672 inas

451 1723 564 1806 plicam
584 1723 618 1785 et
634 1720 847 1803 compositam.
879 1719 1022 1803 Simplex
1038 1721 1090 1783 est
1105 1716 1256 1795 sacietas,
1281 1736 1366 1798 quae
1382 1705 1522 1780 nonnisi
1540 1712 1690 1796 singular·

454 1827 514 1892 bus
544 1823 693 1908 personis
724 1822 893 1888 moraliter
920 1823 1021 1888 unitis
1044 1822 1212 1900 consistit,
1244 1821 1350 1905 qualis
1373 1825 1426 1886 est
1453 1841 1484 1886 c.
1513 1842 1552 1903 g.
1576 1819 1690 1886 societm

455 1931 653 2015 coniugalis:
678 1933 848 2016 composita
871 1933 993 2008 autem,
1018 1950 1103 2012 quae
1126 1950 1169 1994 ex
1192 1927 1341 2013 personis
1365 1927 1566 2006 moralibus,
1591 1927 1612 1991 i.
1627 1943 1691 1990 aer

456 2038 529 2105 aliis
551 2037 731 2102 minoribus
754 2036 969 2103 societatibus
986 2036 1153 2103 coalescit.
1186 2035 1361 2120 Multiplex
1377 2037 1494 2100 autem
1511 2055 1592 2100 esse
1607 2037 1691 2116 pata

455 2143 699 2227 compositionis
722 2143 855 2225 gradus,
880 2163 900 2207 a
923 2163 987 2224 qua
1010 2143 1133 2224 gradus
1157 2162 1285 2224 quoque
1307 2141 1543 2224 amplitudinis
1561 2141 1691 2219 cuiusque¹

455 2249 625 2316 societatis
655 2249 827 2333 dependet.
874 2248 1017 2314 Possunt
1047 2249 1134 2313 enim
1157 2248 1210 2313 vel
1241 2247 1418 2313 societates
1441 2247 1617 2331 simplices
1637 2244 1691 2309 sim

455 2356 602 2440 plicibus,
627 2357 681 2421 vel
704 2355 906 2439 compositae
929 2355 1119 2439 compositis
1142 2353 1310 2420 socialiter
1325 2353 1425 2430 uniri;
1450 2358 1562 2436 atque
1578 2353 1626 2418 ita
1638 2371 1689 2434 pos

456 2463 559 2528 sibilis
571 2465 710 2546 apparet
725 2461 811 2544 iugis
828 2461 989 2544 quaedam
1005 2461 1194 2545 progressio
1206 2459 1451 2545 compositionis
1464 2460 1581 2543 magis
1593 2456 1690 2538 maga

456 2590 519 2653 que
542 2569 748 2652 complexae,
781 2567 884 2632 donec
914 2566 1064 2632 ultimum
1095 2567 1310 2650 compositum
1340 2587 1414 2630 curn
1442 2565 1522 2649 ipsa
1553 2565 1689 2630 societate

458 2675 637 2742 universali
660 2673 889 2754 identificatur,
914 2695 979 2756 qua
1003 2696 1115 2740 omnes
1139 2674 1269 2740 demum
1291 2673 1469 2739 societates
1488 2671 1689 2758 particulare

457 2805 478 2848 a
500 2781 653 2848 maximis
677 2801 780 2862 usque
803 2781 844 2846 ad
868 2779 1019 2846 minimas
1035 2801 1212 2864 earumque
1227 2781 1391 2846 elementa
1406 2772 1687 2862 simplicissimam

458 2887 655 2971 completam
678 2885 866 2968 organicam
891 2886 1051 2953 unitatem
1074 2887 1177 2952 tatius
1200 2885 1331 2968 generis
1354 2885 1571 2952 reducantur.

457 3034 527 3107 390.
620 3040 650 3104 3.
667 3039 804 3104 Ratione
813 3037 1022 3120 fundamenti
1032 3045 1062 3102 et
1073 3040 1209 3123 oripinia
1222 3075 1263 3086 -
1275 3037 1310 3102 in
1321 3038 1542 3102 necessariam
1554 3038 1590 3100 et
1601 3035 1686 3099 man·

456 3145 576 3208 taniam
600 3163 658 3207 seu
682 3145 812 3228 ispalim
835 3147 869 3210 et
889 3147 1066 3229 paetitiam.

546 3257 694 3324 Societas
715 3262 897 3326 necessaria
922 3259 1057 3332 dicitur,
1088 3279 1189 3340 quae,
1220 3257 1292 3323 sive
1321 3258 1355 3322 in
1384 3256 1557 3322 individuo
1581 3250 1684 3320 sivein

456 3363 565 3449 specie
588 3365 812 3442 considerata,
842 3365 874 3430 in
900 3365 1010 3448 aliqua
1033 3369 1079 3432 acl
1108 3369 1248 3432 naturae
1271 3364 1470 3432 necessitate
1493 3368 1544 3431 ael
1565 3359 1683 3448 positia

457 3469 517 3534 Dei
541 3469 746 3536 ordinatione
776 3471 934 3537 fundatur
964 3491 1004 3537 ac
1033 3471 1127 3555 proin
1158 3475 1189 3535 ai
1212 3473 1289 3557 lepis
1313 3473 1443 3536 divinae
1466 3471 1524 3536 vel
1547 3463 1684 3536 naturas

457 3578 511 3642 vel
534 3577 695 3660 positivae
719 3577 851 3643 exsistit
874 3581 909 3642 ct
932 3577 1039 3658 viget3
1064 3597 1166 3659 quare
1181 3576 1297 3642 eadem
1313 3576 1412 3642 etiam
1428 3578 1543 3661 tepolis
1558 3576 1682 3641 vooamr.

457 3683 548 3748 Haeo
570 3682 680 3765 igitur,
706 3683 790 3748 uude
814 3683 920 3767 ipsum
944 3705 1010 3749 esse
1030 3683 1178 3761 sortitur,
1202 3682 1278 3748 inde
1294 3703 1423 3765 quoque
1438 3705 1536 3748 suurn
1554 3675 1683 3748 detenn'r

457 3791 571 3854 natum
593 3791 700 3866 finem,
725 3809 818 3854 suam
841 3792 995 3854 naturam
1019 3791 1054 3855 et
1077 3788 1287 3854 essentialem
1311 3789 1475 3854 internam
1496 3783 1682 3854 constitut-ia

457 3915 531 3960 nem
561 3894 767 3978 praefinitam
796 3895 919 3961 habeat
949 3915 1083 3960 necesse
1115 3899 1176 3960 est.
1229 3893 1325 3960 Unde
1358 3915 1463 3976 neque
1495 3887 1681 3961 auctoritati<

456 4001 588 4068 socialis
610 4021 715 4084 neque
732 4001 893 4066 sociorum
910 4001 1047 4067 arbitrio
1063 4000 1276 4084 permittitur,
1300 4000 1416 4065 horum
1433 4001 1611 4084 quidquam
1623 3995 1680 4062 sut

456 4107 613 4175 stantiale
643 4107 829 4173 rescindere
853 4109 905 4173 vel
936 4108 1120 4174 immutare.
1168 4108 1221 4174 Ita
1250 4128 1277 4175 a.
1302 4129 1335 4190 g.
1360 4107 1502 4172 societas
1526 4102 1680 4173 domestica

457 4215 489 4280 vi
513 4215 596 4297 legis
620 4213 794 4293 naturalis,
820 4214 958 4280 ecclesia
982 4214 1102 4280 Christi
1124 4213 1195 4279 iure
1219 4213 1329 4279 divino
1353 4213 1496 4296 positivo
1519 4207 1681 4280 sacomam

458 4341 530 4387 esse
553 4321 721 4404 probatur.

547 4437 734 4502 Voluntaria
758 4459 813 4502 aaa
835 4439 968 4522 partitio
993 4440 1146 4503 censetur
1169 4436 1328 4517 societas,
1360 4457 1445 4518 quac
1468 4437 1637 4502 secuudum
1654 4447 1679 4492 st

456 4542 672 4622 considerata,
697 4547 735 4609 ut
757 4541 802 4607 sit
824 4546 969 4608 autnon
993 4544 1047 4621 sit,
1073 4543 1202 4608 omnino
1227 4565 1247 4609 a
1270 4543 1405 4608 consilio
1429 4547 1463 4609 et
1486 4543 1620 4610 arbitrio
1637 4538 1678 4601 ha

456 4649 578 4715 minum
602 4649 780 4731 dependet,
811 4648 958 4732 adeoque
981 4654 1055 4717 tota
1077 4649 1111 4714 iu
1134 4649 1237 4715 libero
1268 4653 1366 4732 pacto
1389 4649 1550 4717 fundatur
1572 4650 1677 4725 eiusque

456 4756 579 4822 virtute
602 4755 762 4835 subsistit,
787 4755 835 4821 uti
859 4776 886 4821 e.
911 4777 942 4838 g.
968 4755 1111 4821 societas
1134 4755 1349 4822 industrialia
1390 4755 1508 4839 Itaque
1531 4755 1615 4822 sicut
1631 4746 1676 4815 ari·

456 4861 532 4944 gine
554 4862 602 4927 ita
626 4864 661 4927 et
684 4866 756 4928 tota
779 4881 839 4926 sua
861 4860 970 4926 indole
995 4865 1029 4926 et
1052 4861 1242 4927 condicione
1272 4861 1354 4927 haec
1376 4883 1397 4927 a
1420 4861 1583 4930 societate
1604 4848 1675 4939 legali

456 4969 631 5052 discrepat.
664 4967 816 5049 Namque
839 4966 908 5032 eius
932 4972 966 5034 et
990 4967 1064 5033 finis
1086 4968 1296 5051 particularis
1312 4973 1347 5045 et
1362 4967 1495 5034 interna
1510 4957 1674 5034 constitutit
