3909 5842
526 673 567 728 De
585 675 664 730 modo
681 675 813 730 indirecto
832 675 981 746 deponendi
1000 676 1111 731 dubium
1130 677 1290 748 practicam.
1465 683 1527 748 291

293 852 374 919 Nam
404 853 459 918 ubi
489 853 561 936 quis
584 857 703 920 secluso
726 856 813 920 omni
836 855 933 920 dnbio
955 857 1096 938 practico
1119 855 1153 920 id
1177 854 1264 936 agit,
1298 855 1384 938 qnod
1414 877 1531 922 revera

294 959 379 1024 nulla
396 959 470 1041 lege
485 959 687 1042 prohibetur,
705 963 763 1026 aut
778 958 813 1024 id
828 979 929 1042 agere
945 959 1079 1036 omittit,
1104 960 1145 1025 ad
1162 960 1248 1041 quod
1263 960 1427 1043 agendum
1443 962 1532 1028 nulla

293 1065 363 1148 lege
391 1065 625 1147 obstringitur,
656 1086 762 1148 neque
791 1066 972 1149 periculum
1002 1067 1129 1149 peccati
1159 1087 1265 1149 neque
1301 1067 1533 1152 „probabilitas

295 1171 514 1238 committendi
542 1172 689 1257 peecati“
722 1171 880 1239 imminet.
927 1172 1024 1238 Unde
1053 1193 1113 1256 per
1142 1193 1179 1239 se
1210 1173 1403 1258 simpliciter
1424 1177 1532 1241 tutum

294 1277 459 1344 dicendum
483 1282 545 1356 est,
569 1278 654 1360 quod
678 1277 727 1344 ita
750 1277 893 1360 eligitur.

337 1391 340 1395 ’
378 1387 408 1451 2.
432 1383 554 1461 Quodsi
569 1384 744 1466 aliquando
760 1384 878 1451 latiore
894 1405 992 1450 sensu
1007 1384 1092 1450 idem
1110 1384 1242 1451 axioma
1257 1389 1443 1471 usurpatur,
1468 1407 1532 1452 non

293 1495 513 1576 praeceptum,
537 1491 595 1565 sed
618 1493 785 1557 consilinm
809 1489 964 1556 exhibere
988 1490 1186 1556 censendum
1210 1494 1277 1568 est;
1302 1491 1532 1574 quodquidam

294 1616 334 1663 ex
356 1619 457 1682 supra
479 1596 576 1664 dictis
599 1601 690 1664 certo
714 1597 925 1679 consequitur
947 1601 982 1663 et
997 1596 1202 1679 gravissimis
1224 1597 1258 1661 in
1273 1617 1309 1662 re
1327 1597 1443 1663 morali
1459 1619 1533 1664 aue·

293 1704 482 1772 toritatibus
505 1705 725 1782 confirmatur,
750 1707 789 1770 ut
812 1703 844 1770 S.
862 1703 1022 1787 Alphonsi
1047 1704 1087 1769 de
1103 1703 1244 1786 Ligerio,
1269 1704 1302 1770 S.
1318 1703 1475 1770 Antonini
1498 1707 1533 1771 et

294 1810 427 1877 aliorum
451 1809 662 1894 plurimorum
671 1812 693 1877 1.
740 1811 856 1892 ltaque
885 1811 956 1876 sive
982 1810 1106 1876 arctius
1128 1809 1199 1876 sive
1221 1809 1321 1876 latius
1343 1810 1423 1876 illud
1447 1809 1533 1876 acci·

294 1916 410 2000 piatur,
434 1916 593 2000 principio
616 1916 861 2000 probabilistioo
884 1916 964 1982 nihil
987 1915 1084 2000 plane
1107 1915 1232 1998 vigoris
1255 1916 1407 1984 domabit.

379 2031 482 2115 Erpo,
513 2030 636 2096 invicte
665 2031 813 2096 stabilito
843 2029 1082 2098 fundamentali
1112 2031 1280 2097 doctrinae
1312 2032 1435 2116 eapite,
1469 2053 1532 2114 quo
1645 2103 1646 2106 Ἴ

295 2136 431 2203 assertio
454 2136 588 2202 nnnoris
611 2140 645 2202 et
669 2157 709 2203 aa
723 2135 889 2203 mediante
904 2136 1009 2202 thesis
1025 2137 1193 2220 proposita
1209 2137 1333 2217 nititur,
1358 2139 1440 2204 haec
1462 2138 1534 2223 ipsa

295 2242 364 2326 pari
386 2239 582 2307 certitudine
605 2246 756 2308 constare
779 2241 950 2307 evincitur.

586 2431 735 2505 Notuuda
757 2431 798 2504 nd
821 2430 994 2504 solvendas
1018 2429 1238 2504 difficultates.

295 2554 360 2626 323.
452 2561 480 2623 l.
509 2557 677 2624 Immerito
707 2556 863 2634 obicitur,
893 2555 1087 2640 principium
1116 2556 1336 2640 probabilismi
1367 2557 1472 2640 logice
1499 2563 1534 2626 et

295 2667 531 2745 consequenter
553 2662 596 2728 ad
618 2663 793 2729 laxismum
816 2663 945 2741 ducere,
970 2683 1009 2730 eo
1032 2663 1118 2746 quod
1142 2663 1241 2729 etiam
1265 2662 1372 2747 opinio
1391 2663 1534 2730 tenuiter

295 2769 470 2851 probabilis
491 2768 526 2833 in
548 2769 696 2834 favorem
718 2769 883 2838 libertatis
907 2769 1089 2854 opinionem
1114 2771 1311 2838 contrariam
1335 2771 1368 2836 in
1386 2771 1532 2838 favorem

296 2875 379 2957 legis
400 2876 519 2942 reddat
542 2875 671 2942 dubiam
695 2897 753 2942 seu
777 2898 841 2942 non
863 2877 962 2960 plane
985 2883 1127 2955 certam;
1151 2897 1247 2961 posse
1269 2877 1372 2960 igitur
1387 2877 1486 2944 etiam
1501 2877 1535 2944 in

294 2983 355 3048 hoe
378 3003 457 3049 casu
479 2982 631 3050 similiter
651 2983 845 3067 principium
869 2984 1028 3048 reflexum
1052 2983 1092 3048 de
1115 2983 1188 3065 lege
1212 2983 1310 3050 dubia
1334 2984 1501 3069 applicari.

381 3097 433 3164 Ad
453 3119 551 3180 quam
566 3099 728 3164 rationem
743 3098 951 3164 refutandam
968 3103 1102 3164 notasse
1117 3099 1249 3178 suffieit,
1272 3099 1424 3165 iudicium
1441 3121 1535 3185 prae-

293 3204 393 3270 tioum
417 3213 535 3271 certum
550 3205 791 3271 rationabiliter
805 3204 935 3271 fundari
959 3225 1023 3271 non
1039 3224 1135 3288 posse
1151 3204 1213 3270 nisi
1228 3205 1260 3269 in
1277 3205 1395 3270 iudicio
1411 3207 1534 3271 reflexo

292 3311 418 3395 pariter
441 3318 523 3376 certo
545 3314 616 3376 tum
638 3309 671 3375 in
694 3331 731 3375 se
755 3314 824 3376 tum
846 3309 881 3374 in
898 3331 959 3375 sua
974 3309 1194 3394 applicatione
1210 3310 1252 3376 ad
1269 3311 1449 3377 subiectam
1465 3333 1535 3378 ma-

292 3417 421 3484 teriam.
459 3416 512 3481 Ad
535 3417 598 3482 boc
620 3421 731 3483 autem
753 3416 927 3482 manifeste
949 3415 1137 3498 requiritur,
1162 3419 1200 3482 ut
1222 3416 1278 3482 lex
1293 3419 1347 3484 vel
1366 3418 1533 3502 obligatio,

292 3523 334 3588 de
357 3543 423 3604 qna
436 3521 557 3604 agitur,
581 3521 626 3588 sit
640 3527 731 3588 certo
748 3521 855 3601 dubia,
880 3542 945 3587 uon
960 3525 1089 3588 tantum
1106 3522 1405 3606 quomodocumque
1417 3524 1535 3609 proba·

291 3630 399 3694 biliter
421 3627 529 3694 dubio.
576 3627 682 3710 igitur
710 3648 751 3692 no
780 3632 905 3693 temere
934 3627 1007 3709 quis
1030 3631 1064 3694 et
1088 3632 1204 3694 contra
1226 3632 1349 3694 rectam
1374 3628 1535 3696 rationem

291 3734 451 3800 eiusmodi
474 3733 669 3818 principium
692 3738 847 3817 usurpet,
878 3754 1013 3799 neeesse
1037 3738 1104 3810 est,
1135 3739 1172 3800 ut
1195 3733 1303 3817 opinio
1328 3734 1535 3817 obligationis

289 3840 522 3906 exsistentiam
551 3839 747 3924 impugnans
769 3861 834 3906 non
856 3840 1001 3907 tenuiter
1024 3844 1170 3918 tantum,
1203 3841 1260 3905 sed
1284 3864 1354 3907 vere
1377 3864 1415 3908 cc
1437 3846 1536 3909 solide

283 3947 467 4033 probabitis
498 3946 624 4011 censeri
653 3945 768 4029 possit.
814 3945 908 4012 Alias
936 3947 1022 4012 euim
1053 3945 1125 4030 ipsa
1148 3947 1305 4028 obligatio
1329 3968 1533 4030 nequaquam

385 4231 393 4261 ¹
414 4230 442 4282 S.
463 4227 551 4294 Alpis,
571 4224 663 4279 Theoi
682 4224 776 4278 moral.
796 4223 814 4278 Ι.
836 4225 865 4285 l,
884 4241 911 4276 n.
931 4224 964 4276 79
984 4223 1051 4277 haec
1070 4223 1138 4278 citat
1156 4226 1240 4277 verba
1259 4223 1285 4278 S.
1305 4225 1448 4280 Antonini:
1477 4227 1533 4292 ,In-

287 4319 396 4372 ducunt
413 4315 495 4370 illud:
514 4315 545 4368 In
565 4314 653 4368 dubiis
671 4314 755 4368 tutior
773 4314 819 4366 via
839 4316 881 4366 est
899 4312 1032 4380 eligenda.
1070 4312 1272 4381 Respondetnr‚
1291 4313 1342 4367 hoc
1360 4331 1420 4367 esse
1439 4332 1534 4368 verum
1616 4327 1620 4342 ·

286 4407 325 4461 de
345 4405 489 4460 honestate
515 4407 543 4456 et
562 4403 651 4456 meriti
676 4403 830 4456 maioritate
856 4406 883 4454 et
909 4418 962 4453 non
988 4401 1021 4453 de
1040 4401 1137 4454 salutis
1155 4403 1320 4455 necessitate
1339 4403 1426 4470 quoad
1445 4402 1534 4457 omnia

286 4495 390 4557 dubia3
416 4492 536 4561 alioquin
562 4493 700 4562 oporteret
723 4507 816 4544 omnes
841 4489 999 4556 religionem
1025 4489 1151 4544 intrare*
1191 4488 1294 4544 Deinde
1311 4491 1370 4559 ipse
1389 4490 1415 4544 S.
1435 4489 1534 4546 Doctor

285 4583 398 4654 pergit:
426 4581 519 4648 ,Sicut
535 4580 632 4634 scribit
649 4580 677 4633 S.
696 4580 863 4641 Antoninus,
889 4577 930 4631 sie
947 4577 1030 4630 etiam
1049 4579 1133 4631 sentit
1152 4577 1213 4632 Job.
1232 4578 1326 4648 Nyder
1346 4577 1374 4646 (Τ
1395 4579 1475 4648 1438)
1495 4581 1532 4633 di·

285 4689 373 4726 cens:
399 4669 487 4735 ‚Viam
513 4669 640 4722 tutiorem
664 4667 766 4734 eligere
789 4671 833 4720 est
856 4666 977 4730 consilii,
1003 4683 1056 4720 non
1082 4667 1237 4736 praecepti!
1274 4667 1348 4720 ldem
1373 4668 1458 4722 sentit
1482 4668 1532 4722 'Pa-

284 4761 388 4814 biana:
414 4758 483 4825 ,Non
502 4757 591 4822 valet,
616 4756 688 4826 quod
712 4757 740 4810 iu
759 4756 848 4809 dubiis
865 4756 952 4809 tutior
969 4756 1016 4808 vio
1035 4759 1077 4809 est
1096 4756 1235 4824 eligenda,
1261 4756 1325 4825 quia
1350 4755 1400 4810 hoc
1418 4774 1471 4812 non
1491 4762 1534 4812 est

284 4851 483 4918 praeceptum,
508 4846 558 4899 sed
577 4845 736 4899 eonsilium!
772 4845 847 4897 Idem
872 4845 1041 4916 scripserunt
1058 4844 1213 4910 Novanus,
1237 4845 1312 4900 Dom.
1332 4843 1409 4910 Soto,
1433 4846 1533 4912 Abbas,

285 4935 445 5007 sylvester,
464 4935 573 4998 Sunrez,
593 4933 705 5001 Angles,
724 4933 892 5002 Henriquez;
912 4933 977 4987 item
997 4934 1023 4988 S.
1043 4933 1248 4998 bonaventura,
1268 4933 1372 4988 Garson
1391 4940 1441 4988 etc.
1461 4937 1533 5006 apud

284 5023 427 5076 Terillum
448 5022 494 5088 (de
511 5021 628 5076 Probab.
648 5039 673 5089 q.
693 5022 735 5086 26,
754 5037 780 5074 n.
800 5021 871 5089 21).‘

1276 5109 1328 5165 19*
