3909 5842
430 675 469 737 16
710 669 800 725 Sestio
819 672 840 725 1.
876 670 957 726 Liber
974 671 996 724 Ι.
1034 670 1124 740 Caput
1143 671 1163 725 Ι.
1201 670 1340 725 Aruculus
1360 671 1385 725 3.

513 848 630 930 Itaque
653 849 754 913 solum
777 847 892 913 tonum
915 850 1110 931 maceniam,
1134 850 1249 932 utpote
1266 846 1351 929 quod
1367 846 1472 912 solum
1490 848 1554 931 fini
1568 850 1678 914 ulfiam

425 957 605 1020 catastae
627 974 686 1037 per
709 975 745 1019 se
768 952 958 1038 respondet,
987 953 1149 1019 rationem
1173 954 1249 1019 boni
1272 954 1372 1019 habet
1392 957 1525 1040 proprie
1549 956 1630 1019 dicti
1654 964 1678 1019 rt

423 1085 483 1149 per
504 1084 547 1127 sc.
594 1060 679 1126 Nam
712 1064 745 1126 et
775 1059 856 1125 utile
878 1063 914 1126 et
936 1059 1131 1127 delectabile
1155 1060 1196 1126 ab
1220 1059 1276 1125 illo
1300 1080 1427 1125 omnem
1458 1080 1554 1126 suam
1584 1060 1678 1126 boui·

425 1170 528 1234 tatem
552 1170 760 1244 mutuantur;
785 1168 862 1231 utile
877 1166 1018 1248 quidem,
1043 1166 1120 1248 quia
1142 1165 1176 1231 in
1196 1166 1314 1231 finibus
1329 1168 1459 1231 tantum
1474 1169 1679 1233 intermediis

425 1272 609 1339 formaliter
631 1272 848 1341 consideratis
876 1272 1052 1349 invenitur,
1084 1272 1138 1339 isti
1169 1276 1279 1338 autem
1310 1293 1331 1337 a
1353 1273 1418 1337 fine
1441 1272 1558 1338 ultimo
1583 1294 1677 1339 suam

423 1378 605 1446 bonitatem
627 1377 751 1445 habent
774 1378 931 1460 (Axioma
953 1378 1094 1461 XVIII);
1121 1380 1300 1445 detectabile
1322 1400 1419 1457 vero,
1444 1378 1521 1461 quia
1546 1399 1567 1443 a
1591 1380 1678 1445 bono

425 1486 640 1553 conveniente
673 1485 837 1570 dependet
870 1491 1038 1567 tamquam
1075 1485 1197 1567 aliquid
1231 1486 1428 1551 naturaliter
1459 1506 1677 1567 consequens.

424 1592 502 1657 Ideo
526 1614 590 1675 qua
613 1596 682 1661 tale
705 1616 769 1660 non
793 1599 845 1661 est
869 1616 928 1678 per
951 1615 987 1659 se
1010 1594 1129 1659 bonum
1154 1592 1402 1678 (perfectionem
1426 1591 1594 1675 afferens),
1619 1594 1679 1658 sed

425 1720 497 1765 cum
521 1700 598 1766 boni
621 1701 827 1769 assecutione
849 1702 1110 1788 inseparabiliter
1133 1701 1351 1778 coniunctum,
1377 1704 1411 1765 et
1433 1704 1574 1766 eatenus
1597 1720 1678 1765 ean-

424 1806 498 1871 dem
528 1808 709 1875 bonitatem
738 1808 951 1892 participans.
999 1809 1121 1873 Sensus
1143 1806 1229 1873 enim
1253 1810 1367 1893 quietis
1396 1826 1454 1871 eeu
1479 1805 1680 1873 cessationis

424 1912 624 1991 tendentiae,
655 1936 740 1998 quae
762 1916 796 1981 in
824 1914 985 1981 facultate
1009 1914 1172 1982 obiectum
1201 1936 1258 1979 seu
1283 1916 1395 1979 bouum
1420 1914 1578 1997 obtentum
1602 1914 1678 1978 sut-

423 2024 575 2106 sequitur,
600 2022 775 2088 delectatio
799 2022 926 2088 dicitur.
1383 2096 1385 2101 ,

514 2136 670 2202 Similiter
693 2136 780 2203 ratio
804 2140 882 2203 mali
903 2141 1034 2224 propr-ie
1059 2138 1136 2203 dicti
1160 2145 1187 2203 ct
1207 2160 1266 2221 per
1289 2158 1321 2203 se
1344 2136 1376 2202 in
1400 2136 1472 2201 sola
1488 2134 1678 2219 privatione

424 2242 500 2307 boni
523 2247 733 2310 mucculentis
756 2244 943 2327 reponenda
966 2247 1029 2309 est.
1076 2242 1156 2307 Inde
1179 2244 1263 2308 enim
1288 2263 1380 2307 suam
1404 2240 1566 2307 rationem
1596 2242 1677 2307 mali

424 2348 575 2415 derivant
597 2354 667 2416 tum
692 2355 796 2430 actus,
828 2350 945 2433 quibus
968 2350 1009 2415 ab
1034 2348 1160 2415 obiecto
1187 2348 1384 2415 naturaliter
1410 2347 1521 2413 debito
1548 2348 1676 2413 recedi·

423 2459 487 2532 tur,
511 2459 582 2521 tum
604 2456 763 2523 tristitiae
786 2461 820 2522 et
843 2455 964 2522 doloris
988 2476 1112 2532 sensae,
1138 2454 1192 2537 qui
1216 2453 1333 2521 obiecti
1358 2453 1577 2537 privationem
1599 2476 1675 2519 con·

422 2566 614 2644 sequuntur.

424 2718 474 2789 29.
565 2716 701 2790 Axiam
723 2718 825 2792 XXII.
874 2725 1043 2803 Quamuis,
1077 2745 1157 2809 quae
1189 2722 1228 2787 de
1257 2722 1408 2787 relatione
1435 2718 1605 2801 facultatis
1627 2722 1675 2785 ad

422 2847 517 2893 suum
547 2828 696 2892 obiectum
728 2828 813 2892 dicta
843 2837 926 2911 suut,
956 2829 1025 2907 fere
1057 2831 1147 2893 etiam
1181 2828 1219 2893 de
1247 2828 1399 2893 relatione
1421 2827 1560 2909 caleant,
1590 2848 1675 2910 purae

422 2935 545 2999 exsistit
576 2935 661 2997 inter
683 2934 814 2999 subiecti
843 2937 937 3000 tatius
969 2943 1121 3000 naturam
1146 2943 1175 3000 ct
1204 2936 1387 3015 terminum,
1421 2932 1466 2995 ad
1497 2953 1586 3017 quern
1615 2954 1672 2997 cus

421 3043 615 3106 naturaliter
638 3042 800 3125 operando
823 3042 991 3125 contendit,
1016 3044 1146 3106 minime
1168 3048 1273 3105 tamen
1295 3040 1346 3103 aa
1362 3040 1517 3103 terminus
1534 3046 1673 3103 craturae

421 3170 491 3213 cum
515 3150 660 3213 terminis
683 3169 737 3211 seu
760 3148 886 3213 obiectis
909 3150 1112 3232 sinpularum
1132 3146 1325 3230 facultatum
1349 3144 1597 3227 confundendus
1615 3154 1669 3211 est.

422 3290 465 3299 -
488 3252 619 3319 Etenim

512 3371 541 3435 1.
572 3367 714 3444 Bonum,
745 3367 835 3447 finis,
859 3368 1019 3452 perfectio
1043 3368 1128 3434 entis
1151 3388 1188 3433 se
1210 3368 1311 3433 habet
1334 3368 1374 3433 ad
1398 3367 1535 3445 bonum,
1561 3368 1669 3443 finem,

420 3473 656 3559 perfectionem
687 3474 889 3555 singularum
921 3475 1135 3552 facultatum,
1166 3475 1251 3541 sicut
1281 3482 1344 3539 tota
1374 3483 1495 3541 natura
1525 3474 1669 3559 specifica

421 3580 507 3645 entis
538 3600 574 3645 se
603 3580 704 3645 habet
736 3579 778 3645 ad
808 3583 954 3666 stapulas
982 3581 1152 3664 facultates
1182 3580 1244 3647 siti
1273 3580 1518 3663 subordinatas,
1553 3601 1670 3665 nempe

420 3686 490 3752 fere
513 3685 598 3753 sicut
621 3686 786 3752 resultans
808 3686 927 3752 virium
951 3692 1028 3771 apte
1052 3686 1083 3751 in
1109 3708 1208 3751 unum
1236 3690 1383 3769 systema
1410 3690 1556 3751 motuum
1581 3708 1669 3752 com·

420 3792 602 3876 positarum
618 3792 660 3856 ad
676 3793 806 3857 easdem
823 3793 911 3857 vires
934 3798 1166 3877 componentes
1182 3792 1361 3875 singilatim
1384 3797 1543 3876 sumptas
1572 3792 1668 3857 llnde

510 3910 540 3974 2.
572 3906 696 3971 Bonum
729 3911 807 3974 eutis
838 3930 903 3973 non
933 3914 994 3986 est,
1026 3907 1180 3991 quidquid
1204 3912 1255 3974 est
1279 3908 1440 3975 obiectum
1466 3930 1525 3974 seu
1548 3909 1667 3976 bonum

421 4012 556 4080 alicuius
577 4014 753 4097 facultatis,
777 4014 835 4080 sed
859 4015 938 4080 illud
962 4019 1102 4091 tantum,
1129 4014 1214 4097 quod
1237 4014 1291 4080 fini
1316 4018 1411 4081 totius
1430 4023 1570 4082 naturae
1590 4020 1667 4099 apte

420 4124 472 4186 est
495 4118 753 4186 subordinatum.

510 4238 540 4302 3.
577 4234 661 4300 Hinc
694 4236 842 4318 vulgaris
874 4235 1077 4320 depromitur
1109 4234 1276 4303 distinctio
1310 4236 1386 4302 boni
1420 4240 1488 4304 ueri
1522 4240 1558 4302 et
1592 4234 1666 4301 boui

422 4346 608 4429 apparentis
636 4362 694 4407 seu
725 4342 812 4408 falsi.
858 4344 973 4409 Verum
999 4342 1117 4408 bonum
1142 4343 1228 4409 eutis
1252 4348 1312 4423 est,
1345 4344 1430 4427 quod
1451 4344 1576 4429 perficit
1599 4346 1666 4409 eius

420 4459 581 4532 naturam,
605 4449 725 4515 falsum
749 4453 859 4515 autem
883 4456 918 4516 et
941 4472 1112 4536 apparens,
1138 4450 1223 4531 quod
1246 4450 1376 4535 perficit
1398 4450 1468 4515 cius
1492 4470 1590 4515 unam
1614 4448 1666 4513 vel

419 4558 531 4641 plures
560 4556 739 4621 facultates
772 4558 946 4641 stup-itatius
979 4564 1006 4622 rt
1039 4580 1096 4643 per
1126 4578 1157 4623 sc
1188 4566 1358 4643 spectatas,
1392 4576 1457 4621 non
1487 4560 1599 4623 autem
1630 4558 1665 4623 ut

419 4667 559 4728 naturae
581 4662 821 4729 subordinatas

509 4782 539 4845 4.
571 4777 847 4857 Quemadmodum
876 4782 1027 4861 respectu
1061 4779 1254 4846 facultatum
1287 4778 1506 4860 singularum,
1539 4778 1588 4845 ita
1618 4802 1662 4844 rc-

419 4892 523 4970 spcctu
546 4888 642 4950 totius
664 4892 802 4950 natureae
826 4883 910 4949 entis
933 4885 1055 4967 triplex
1079 4886 1198 4951 bonum
1215 4886 1444 4969 distinguitur:
1470 4888 1662 4967 conueniens,

419 4994 510 5074 utile,
541 4991 728 5056 delectabile.
773 4990 899 5054 Bonum
924 4991 992 5055 enti
1016 4996 1201 5058 conueniens
1231 4996 1283 5059 est
1306 5013 1345 5058 eo
1365 4992 1436 5076 ipso
1461 5014 1569 5057 aerum
1596 4992 1661 5058 eius
