3909 5842
266 664 346 719 Finis
355 666 471 719 hominis
481 664 594 719 ultimus
603 665 631 719 iu
640 665 800 736 particulari
810 664 1110 719 determinatur-De
1120 664 1288 719 beatitudine
1298 664 1440 719 obiectiva.
1473 670 1514 732 45

360 844 394 923 a)
416 843 498 908 haec
521 842 631 907 omnia
646 846 784 908 eatenus
803 841 889 906 bona
909 845 996 911 sunt.
1021 844 1184 923 quatenus
1202 841 1244 906 ed
1260 839 1359 906 animi
1375 841 1428 905 vel
1445 862 1517 906 cor·

266 948 360 1031 poris
389 950 474 1014 bona
503 947 724 1032 comparanda
754 950 849 1013 utilio
878 951 972 1020 sunt,
1004 968 1042 1013 ac
1065 946 1201 1031 proinde
1224 968 1288 1012 non
1316 947 1443 1013 ratione
1467 948 1517 1012 sui

267 1055 472 1140 appetenda:

357 1161 394 1244 b)
416 1182 528 1226 eorum
552 1160 725 1243 acquisitio
748 1164 783 1225 st
806 1160 1013 1227 conservatio
1036 1180 1100 1225 non
1125 1164 1177 1225 est
1200 1161 1232 1225 in
1256 1160 1397 1226 omnium
1422 1165 1509 1245 pote-

266 1272 369 1345 state,
392 1271 533 1349 suntque
555 1286 685 1350 semper
706 1266 835 1331 incerta
857 1270 892 1332 st
913 1266 1098 1342 instabilia:

357 1371 390 1455 c)
413 1394 486 1439 cum
510 1374 623 1438 labore
644 1372 866 1455 acquiruntur,
891 1392 964 1437 cum
987 1372 1105 1437 timore
1128 1375 1163 1437 et
1178 1371 1396 1439 sollicitudine
1412 1373 1516 1457 possi·

267 1480 398 1556 dentur,
416 1500 488 1547 cum
506 1478 618 1544 dolore
633 1478 844 1558 amittuntur3
869 1476 1083 1561 cupiditatem
1099 1498 1164 1543 uon
1180 1478 1285 1543 solum
1302 1499 1367 1544 non
1382 1478 1517 1555 satient,

267 1583 325 1650 sed
349 1584 459 1668 potius
481 1584 603 1667 iugiter
624 1590 757 1661 acuunt,
781 1584 957 1665 aliquando
977 1588 1012 1649 et
1032 1604 1187 1651 nauseam
1208 1584 1362 1667 ingerunt
1378 1588 1413 1650 et
1427 1584 1517 1650 vitae

266 1690 425 1757 taedium.

357 1800 390 1865 4.
414 1798 564 1863 Omnium
589 1798 725 1883 denique
747 1799 881 1862 tamtum
906 1796 1059 1861 bonorum
1083 1799 1250 1882 conuertas.
1297 1795 1428 1861 Etenim

357 1905 392 1987 a)
426 1904 617 1971 inhabilitaa
653 1904 856 1985 singulorum
891 1903 1052 1969 eiusmodi
1086 1903 1243 1969 bonorum
1279 1902 1320 1969 ad
1355 1902 1516 1969 beandum

267 2008 432 2075 hominem
461 2034 527 2076 non
555 2032 598 2076 ex
626 2010 756 2077 ratione
783 2011 989 2091 quantitatis,
1020 2010 1078 2077 sed
1109 2010 1209 2075 solius
1232 2012 1397 2095 qualitatis
1420 2013 1517 2075 natu-

267 2116 363 2194 ralis,
395 2138 460 2200 qua
483 2121 560 2183 sunt
582 2139 642 2201 per
666 2138 702 2183 se
724 2116 929 2201 imperfecta,
954 2116 1169 2193 defectibilis,
1194 2116 1372 2183 derivatur.
1414 2116 1517 2198 Atqui

267 2223 295 2287 is
325 2212 475 2290 defectus
505 2244 566 2307 per
595 2224 718 2289 nullam
750 2223 1065 2306 agglomerationem
1095 2223 1225 2289 illorum
1258 2243 1412 2305 umquam
1444 2222 1516 2289 tolli

268 2334 388 2411 potest.

356 2434 392 2517 b)
417 2435 549 2501 Certum
572 2440 625 2501 est
647 2436 809 2501 neminem
834 2440 1001 2519 repertum
1018 2456 1172 2518 umquam
1188 2434 1299 2513 fuisse,
1323 2434 1388 2517 qui,
1413 2456 1515 2518 quan-

266 2544 478 2623 tumcumque
504 2543 663 2608 bonorum
692 2542 858 2608 finitorum
887 2542 1088 2626 possideret,
1119 2541 1233 2607 iisdem
1257 2540 1398 2607 satiatus
1421 2540 1516 2623 plene

268 2646 384 2713 fucrit:
408 2648 507 2713 immo
525 2647 688 2713 neminem
707 2648 854 2731 reperiri,
879 2649 1025 2731 quinon,
1049 2669 1113 2730 quo
1129 2648 1224 2732 plura
1247 2650 1452 2729 assequatur,
1477 2667 1516 2713 eo

268 2754 361 2837 plura
392 2758 540 2839 appetat.
584 2754 673 2836 Ergo
697 2755 890 2821 concludere
912 2755 1007 2831 licet,
1039 2754 1168 2823 etiamsi
1192 2754 1265 2837 quis
1294 2754 1383 2819 solus
1407 2753 1516 2821 omnia

268 2865 462 2943 occuparet,
495 2881 701 2943 nequaquem
731 2881 804 2925 eum
837 2860 912 2927 inde
941 2862 1076 2927 boatum
1106 2861 1187 2927 fore.
1237 2860 1330 2927 Alias
1360 2860 1445 2925 enim
1477 2881 1515 2926 eo

268 2966 373 3048 magis
397 2966 587 3033 decrescere
610 2967 745 3033 deberet
768 2968 945 3051 appetitus,
969 2990 1033 3051 quo
1050 2969 1123 3052 plus
1146 2969 1221 3034 boni
1238 2968 1309 3051 quis
1332 2967 1398 3033 iam
1413 2968 1515 3051 possi·

269 3070 361 3137 deret
383 3076 420 3138 et
435 3094 499 3156 quo
514 3072 620 3155 magis
636 3072 678 3139 ad
693 3072 815 3139 limites
830 3074 947 3157 plenae
962 3074 1128 3140 satietatis
1144 3073 1333 3141 accederet:
1357 3073 1514 3156 siquidem

270 3198 367 3244 causa
390 3181 495 3245 omnis
518 3179 686 3264 appetitus
710 3184 762 3245 est
785 3179 1041 3258 essentiatum,
1067 3180 1275 3247 decrescente
1298 3180 1399 3261 igitur
1416 3200 1516 3245 causa

269 3280 458 3351 decrescere
481 3286 581 3351 etiam
605 3286 742 3351 effectus
765 3285 863 3351 debet
872 3288 893 3351 ¹.

354 3390 444 3475 Erqo
459 3390 637 3457 universim
654 3394 745 3455 certo
762 3390 967 3457 concluditur
989 3390 1023 3456 in
1046 3391 1144 3457 nullis
1164 3390 1257 3457 bonis
1279 3390 1380 3458 finitis
1402 3410 1514 3455 veram

270 3494 465 3563 obiectivam
488 3496 725 3563 beatitudiuem
748 3497 927 3563 consistere
950 3498 1078 3580 posse².

270 3632 311 3704 ll.
404 3635 561 3707 Probatur
581 3660 664 3723 pars
687 3637 885 3720 affirmativa
909 3640 1114 3703 assertionis:
1137 3640 1175 3703 ln
1200 3640 1264 3704 solo
1288 3639 1378 3703 Dec.
1398 3691 1404 3703 .
1424 3688 1430 3702 .
1451 3640 1513 3705 etc.

355 3744 436 3808 Cum
470 3743 504 3807 in
538 3743 649 3826 aliquo
682 3744 811 3809 demum
844 3744 972 3809 obiecto
1003 3764 1146 3826 congruo
1178 3743 1347 3810 beatitudo
1380 3742 1515 3809 realiter

270 3846 444 3913 obtinenda
459 3848 504 3913 sit
521 3847 650 3933 (Thesis
666 3848 721 3930 V),
745 3850 818 3933 ipsa
841 3850 1029 3916 exclusione
1052 3850 1218 3916 finitorum
1241 3850 1407 3928 bonorum,
1431 3850 1513 3916 haec

271 3951 373 4019 altera
397 3975 475 4037 pars
496 3955 530 4020 in
554 3956 663 4039 priore
677 3956 835 4021 indirecto
851 3956 980 4038 quidem
1004 3956 1069 4021 iam
1090 3957 1228 4040 probata
1244 3956 1370 4022 censeri
1392 3961 1513 4041 potest.

270 4058 410 4125 Medium
439 4062 525 4127 enim
556 4064 643 4129 inter
673 4062 801 4128 finitum
831 4067 865 4130 et
893 4063 1054 4127 infinitum
1078 4084 1143 4127 non
1167 4062 1370 4145 relinquitur.
1416 4062 1514 4128 Iuvat

271 4172 377 4231 autem
402 4168 537 4233 eandem
562 4168 737 4234 veritatem
761 4168 894 4235 directis
917 4170 1120 4251 argumentis
1143 4170 1282 4234 firmari:

355 4286 381 4357 l.
404 4287 639 4380 Argumentum
661 4288 942 4380 psychologicum:
972 4314 1012 4359 eo
1038 4300 1176 4359 amarae
1203 4294 1363 4359 dumosae
1390 4294 1435 4357 ad
1465 4296 1513 4359 lo·

271 4393 392 4473 finitum
416 4395 565 4461 obscum
588 4396 786 4463 habdallae.

356 4500 441 4565 Illud
464 4502 570 4567 solum
594 4502 712 4567 bonum
735 4502 884 4569 ultimam
908 4502 1070 4570 humanae
1093 4509 1233 4571 naturae
1254 4506 1371 4571 afferre
1386 4505 1512 4588 perfec-

272 4603 390 4672 tionem
420 4612 520 4689 atque
549 4608 597 4673 ita
625 4608 789 4674 hominem
813 4630 892 4673 vere
915 4610 1013 4675 beare
1037 4614 1157 4695 potest,
1188 4612 1272 4694 quod
1298 4612 1432 4677 realiter
1455 4612 1512 4677 ad-

359 4816 367 4847 ¹
386 4814 427 4869 cf.
447 4817 591 4885 Dmocoskr',
611 4816 707 4871 Ethica
726 4818 738 4870 I
758 4818 782 4871 2.

356 4900 368 4934 ²
381 4902 423 4957 Cf.
435 4905 462 4957 S.
476 4905 577 4973 Thou,
590 4905 691 4959 Contra
701 4904 804 4961 Gentes
815 4906 834 4960 l.
846 4906 869 4972 3,
883 4925 905 4960 c.
917 4907 1038 4973 22-36;
1052 4908 1078 4963 S.
1091 4909 1174 4963 theol.
1187 4911 1209 4975 1,
1223 4912 1247 4975 2,
1261 4928 1286 4979 q.
1300 4912 1324 4964 2.
1346 4912 1458 4978 Suom,
1471 4909 1511 4964 De

275 4984 322 5039 fine
331 4987 446 5045 hominis
456 4992 525 5061 disp.
536 4994 560 5057 5,
573 4997 640 5047 sect.
653 4994 677 5059 1,
689 4994 735 5048 ubi
746 4998 774 5047 el
783 4999 906 5049 veterum
917 4996 1092 5065 plurimorum
1110 5014 1142 5051 ss
1151 4998 1184 5052 de
1197 5016 1226 5052 re
1236 5000 1375 5053 discursus
1384 4998 1511 5053 citantur.
