3909 5842
427 669 492 731 422
645 662 735 718 Sectio
754 664 789 718 11.
826 662 906 718 Liber
924 664 958 719 11.
997 664 1087 735 Caput
1104 664 1138 719 ll.
1175 663 1316 719 articulus
1334 664 1360 717 2.
1397 664 1459 731 51.

427 862 542 908 versus
573 840 775 923 singulorum
806 840 978 906 arbitrium
1002 841 1137 907 realiter
1161 845 1195 907 et
1217 845 1290 907 tuto
1314 840 1456 907 obtineri
1486 843 1522 905 et
1554 840 1681 905 servan

427 949 542 1031 nequit
565 947 628 1013 nisi
650 946 788 1031 physica
811 947 981 1013 coactione
1004 946 1194 1027 invincibili,
1225 947 1278 1013 oui
1306 948 1487 1031 respondet
1512 946 1682 1013 institutio

423 1055 570 1142 prcblicoe
598 1057 761 1138 potestatis
792 1056 927 1121 ciciliae
973 1054 1038 1120 Per
1068 1054 1154 1121 hanc
1177 1054 1281 1121 solam
1305 1054 1446 1136 denique
1467 1053 1622 1121 libertati
1644 1074 1682 1118 ac

426 1160 552 1225 iuribus
584 1159 785 1242 singulorum
816 1160 1037 1227 determinata
1066 1161 1236 1244 quantitas
1266 1164 1301 1226 et
1330 1161 1430 1227 realis
1453 1159 1605 1226 definitio
1628 1180 1683 1225 ac·
1770 1163 1771 1176 ¹

428 1265 515 1331 cedit
526 1266 549 1331 ².
574 1302 618 1311 —
642 1268 752 1348 Atque
776 1266 824 1333 ita
847 1266 978 1348 quidem
1002 1266 1073 1333 fere
1095 1267 1274 1333 secundum
1289 1270 1468 1351 praecepta
1483 1266 1684 1333 Roussesvii

428 1374 632 1439 domoc-otico
663 1372 845 1440 constituta
875 1373 1013 1440 civitate
1042 1396 1081 1439 ac
1105 1378 1272 1456 potestate
1295 1373 1394 1452 civili,
1425 1373 1502 1439 huic
1525 1373 1683 1457 deinceps

428 1478 540 1559 (titulo
564 1480 743 1545 communis
767 1480 910 1547 tuendae
932 1478 1112 1563 libertatis)
1135 1481 1193 1547 vix
1215 1481 1422 1547 tolerabilem
1446 1480 1588 1563 politiae
1614 1500 1684 1544 am·
1771 1475 1772 1506 ³

427 1586 529 1651 bitum
546 1586 707 1653 attribuit.
739 1586 778 1651 ln
793 1592 864 1653 toto
881 1585 1021 1669 deniquo
1043 1590 1226 1670 systemate
1247 1586 1363 1652 eadem
1386 1586 1457 1651 fere
1471 1586 1555 1651 iuris
1572 1586 1683 1669 alege
1771 1623 1772 1636 κ

427 1692 544 1757 morali
564 1692 819 1776 independentia
835 1694 1038 1777 supponitur,
1063 1714 1148 1775 quae
1162 1714 1264 1777 penes
1279 1693 1439 1759 Kantium
1454 1696 1577 1759 notata
1593 1694 1682 1759 est':

428 1798 698 1881 quemadmodum
716 1800 878 1881 utrimque
894 1799 1100 1883 philosophia
1115 1799 1195 1865 iuris
1210 1798 1331 1883 publici
1347 1798 1467 1883 partim
1483 1798 1683 1865 Rousseavii
1772 1867 1774 1893 Ι

427 1902 547 1987 partim
574 1904 729 1969 Hobbesii
753 1905 896 1989 vestigia
918 1904 1095 1971 manifeste
1118 1926 1197 1988 prae
1220 1926 1257 1969 se
1280 1904 1356 1971 fert.

903 2051 932 2106 O.
952 2050 1044 2107 boholt
1061 2050 1200 2107 meana

429 2147 498 2220 523.
590 2150 688 2216 Nova
703 2150 783 2216 iuris
799 2150 1005 2236 philosophia
1020 2151 1199 2235 peripsam
1216 2150 1380 2218 libertatis
1391 2156 1567 2227 tesseram,
1586 2174 1683 2234 quarn

427 2276 508 2338 prae
537 2278 573 2321 se
603 2256 742 2333 ferebat,
773 2256 857 2323 satis
884 2277 944 2341 per
966 2277 1003 2321 se
1026 2257 1214 2323 coaetaneis
1238 2257 1546 2333 commendabatur3
1582 2280 1685 2341 quare

428 2362 514 2427 illico
547 2363 704 2446 plurimos
736 2362 921 2430 imitatores
954 2368 1055 2445 atque
1086 2364 1231 2430 cultores
1260 2367 1359 2429 nacta
1388 2369 1450 2431 est.
1502 2364 1589 2429 Inde
1613 2374 1685 2431 orta

427 2468 508 2533 iuris
536 2470 697 2535 naturalis
728 2470 851 2547 schola,
883 2490 968 2551 quae
992 2492 1013 2536 a
1036 2470 1159 2536 Kantio
1181 2492 1301 2536 nomen
1316 2471 1417 2537 habet
1439 2474 1476 2536 et
1497 2472 1542 2536 ab
1566 2470 1685 2538 ultimo

429 2574 586 2641 decennio
616 2575 739 2640 saeculi
762 2575 882 2641 XVHI.
911 2577 1081 2658 usquead
1104 2581 1259 2658 quartum
1282 2576 1352 2643 fere
1374 2598 1462 2641 nunc
1483 2578 1596 2659 elapsi
1618 2580 1685 2645 late
1773 2641 1774 2652 ,

429 2680 668 2749 dominabatur.
702 2683 807 2749 Huius
824 2683 910 2749 enim
933 2704 1136 2749 communem
1158 2684 1300 2749 indolem
1315 2684 1519 2767 participant
1533 2684 1685 2768 plerique

429 2787 469 2852 de
482 2788 552 2853 iure
563 2794 702 2856 naturae
719 2794 884 2857 tractatus
902 2794 936 2857 et
948 2790 1033 2869 libri,
1051 2790 1106 2872 qui
1117 2790 1206 2857 intra
1222 2790 1303 2855 illud
1320 2790 1479 2873 temporis
1490 2791 1642 2873 spatium
1653 2793 1684 2857 in

431 2892 606 2959 Germania
630 2894 835 2977 potissimum
860 2895 1062 2979 prodierunt,
1087 2901 1122 2963 et
1145 2917 1226 2979 quos
1249 2897 1304 2961 vol
1327 2916 1524 2962 enumerare
1547 2896 1684 2980 longum
1774 2919 1776 2924 ·

430 3002 551 3065 essetl.
598 2998 636 3064 Iu
666 3000 707 3065 iis
736 3000 859 3084 passim
889 3000 960 3066 fere
984 3000 1153 3067 Kantiaua
1181 3002 1262 3067 iuris
1291 3001 1452 3086 principia
1478 3002 1588 3068 variis
1612 3025 1684 3069 ver·

430 3106 738 3116 ——u—*--

429 3140 521 3207 potest
540 3142 678 3209 ,voluntas
697 3144 845 3193 comnrunls
863 3143 997 3193 omntum‘
1018 3168 1054 3179 -·
1074 3142 1139 3209 ,der
1152 3142 1326 3207 qenreinsome
1337 3138 1441 3205 Wille‘,
1459 3140 1557 3193 eadem
1578 3141 1683 3195 scilieet

429 3243 510 3294 quam
530 3232 610 3282 vocat
628 3228 769 3283 Rousasau
792 3228 916 3293 ,voloutd
930 3228 1082 3296 generula*
1104 3232 1132 3281 et
1143 3246 1214 3297 quae
1226 3228 1373 3298 respondet
1383 3227 1565 3297 problemati:
1590 3230 1682 3295 ,einen

430 3315 532 3370 Willen
550 3335 584 3371 zu
602 3317 708 3383 finden,
734 3318 761 3371 in
788 3316 918 3371 walchem
937 3316 1108 3371 Privatwills
1133 3317 1188 3370 und
1207 3317 1407 3385 gemeinsamsr
1424 3316 1607 3387 synthetisch
1626 3336 1682 3373 ser·

430 3404 514 3473 eiuigt
534 3407 589 3459 sei‘
611 3406 627 3473 θ
648 3408 680 3459 16
702 3406 739 3475 (p.
761 3406 832 3474 151).

523 3496 531 3527 ¹
550 3494 566 3563 fi
588 3496 620 3549 16
634 3512 666 3564 sq
687 3496 725 3565 (p.
747 3494 909 3561 150-210).
1018 3495 1029 3526 ²
1048 3494 1065 3561 ἓ
1083 3495 1100 3547 9
1120 3496 1158 3563 tp.
1180 3494 1228 3547 lll
1243 3494 1299 3562 sq).

520 3583 531 3615 ³
549 3581 639 3653 Opera
658 3582 762 3637 Fiohtei
787 3583 839 3637 sub
864 3580 946 3635 finem
966 3580 1040 3635 vitae
1065 3582 1168 3651 scripta
1193 3582 1293 3651 partim
1313 3580 1446 3649 quasdam
1464 3580 1683 3635 modificationes

430 3670 560 3735 afferunt,
587 3688 657 3739 quae
682 3672 799 3740 aliquem
819 3670 1046 3739 qualemcumque
1064 3670 1093 3725 in
1111 3688 1141 3724 re
1159 3670 1255 3723 morali
1274 3672 1303 3723 et
1321 3670 1451 3737 religiosa
1468 3670 1628 3739 profectum
1645 3678 1681 3725 te

430 3762 546 3813 stautur.
572 3758 642 3814 Sunt
654 3764 759 3815 autem:
782 3761 853 3827 ,Das
867 3759 976 3829 System
996 3760 1045 3813 der
1057 3757 1251 3813 Rechtslshre⁸
1268 3758 1338 3812 1812
1352 3757 1498 3826 (Nachgel.
1511 3757 1621 3813 Werks
1632 3761 1682 3819 lll:

434 3847 497 3913 ,Dis
517 3847 686 3903 Staatslehre
705 3848 769 3902 oder
787 3848 854 3901 ther
873 3848 922 3901 das
940 3847 1100 3901 Verhtltnis
1119 3848 1167 3899 des
1186 3847 1331 3900 Urstaates
1349 3864 1410 3899 zum
1424 3847 1682 3904 Vernunstreiehe·.

433 3936 501 3991 1813
523 3936 628 4003 (sumu.
649 3936 751 3989 Werke
771 3935 830 4003 IV).

520 4026 530 4057 ⁴
549 4024 603 4079 Eos
621 4023 781 4091 singillatim
801 4028 828 4077 et
848 4022 1036 4089 chronologica
1055 4028 1180 4076 recenset
1201 4023 1381 4091 Warnlcdatq,
1406 4020 1683 4094 Rechtsphilosophie

429 4112 447 4167 1.
470 4114 498 4178 l,
519 4132 541 4168 c.
561 4116 593 4179 4,
612 4114 628 4179 ξ
647 4114 690 4167 48.
729 4112 771 4165 Ex
789 4112 871 4179 longa
889 4111 960 4165 seris
978 4110 1047 4165 haec
1065 4114 1173 4164 tantum
1191 4110 1300 4163 uomina
1318 4128 1579 4167 commemoramus:
1606 4114 1682 4178 Har-

432 4204 525 4271 houer,
543 4201 710 4257 Naturrecht
728 4218 778 4253 aus
797 4200 858 4253 dem
872 4200 990 4267 Bsgriffs
1003 4200 1051 4253 des
1064 4198 1167 4253 Rechts
1186 4198 1352 4263 antwickolt
1373 4198 1451 4261 1799,
1470 4198 1496 4252 2.
1510 4200 1584 4253 Aufl.
1601 4201 1682 4255 less:

431 4291 630 4359 Heydenrrs'clr,
657 4290 766 4358 System
786 4288 834 4341 des
853 4286 1048 4351 Naturrechts,
1076 4287 1159 4349 1794,
1186 4286 1212 4340 2.
1230 4286 1301 4339 Aufl.
1323 4285 1407 4342 1801:
1438 4288 1581 4353 Tufinoer.
1604 4288 1683 4343 Lehr-

430 4384 505 4433 sttze
524 4380 572 4433 des
590 4378 785 4443 Naturrechts,
813 4379 897 4441 1794;
922 4378 1009 4430 Jacob
1015 4417 1024 4445 ,
1050 4374 1274 4447 Philosophische
1293 4374 1473 4429 Rechtslehre
1499 4376 1567 4429 odor
1585 4377 1684 4431 Natur-

432 4469 515 4531 recht,
538 4468 614 4531 1795,
634 4467 659 4520 2.
673 4466 743 4519 Aufl.
766 4466 848 4529 1802;
870 4467 1021 4533 Hufolund,
1040 4465 1187 4519 Lshrsttze
1200 4462 1449 4527 desNoturrechts,
1468 4463 1495 4517 2.
1509 4464 1582 4518 suu.
1599 4466 1681 4520 1795».

433 4559 567 4625 Schmied,
594 4555 743 4611 Grundriss
763 4554 810 4607 des
828 4553 1024 4619 Naturrechts,
1052 4554 1136 4617 1795;
1163 4554 1302 4618 Schmolz,
1329 4550 1386 4605 Das
1404 4550 1492 4605 Rcoht
1516 4552 1568 4606 der
1585 4553 1682 4610 Natus.

431 4644 456 4699 2.
476 4645 547 4699 Aufl.
568 4646 635 4699 1795
658 4644 695 4712 (1.
715 4642 786 4696 Aufl.
808 4642 884 4707 1792,
904 4642 960 4695 Das
979 4643 1054 4695 reiue
1070 4642 1264 4707 Naturrecht);
1284 4642 1408 4710 Formiae,
1427 4639 1636 4711 Vorbereitnng
1652 4660 1684 4695 zu

431 4733 518 4787 eiuem
537 4734 685 4804 popultlren
704 4730 885 4793 Naturrscht,
907 4731 990 4793 1795;
1010 4730 1182 4797 Fruerdach,
1201 4728 1291 4783 Kritik
1312 4729 1361 4782 des
1378 4728 1551 4782 nathrlichen
1571 4728 1683 4785 Rechts.

433 4822 515 4886 1796;
536 4824 719 4885 Saltoumann,
738 4818 863 4873 Versuch
883 4817 957 4871 sines
975 4835 1064 4870 neuen
1077 4818 1202 4887 Systems
1214 4816 1263 4869 des
1278 4815 1452 4870 uattlrlichou
1464 4814 1576 4881 Rechts,
1597 4818 1682 4871 1796:

436 4909 586 4977 Tieflrunlc,
606 4896 679 4962 llber
698 4906 786 4959 Recht
803 4906 859 4959 und
878 4904 963 4971 Staat,
985 4906 1069 4968 1796;
1089 4906 1200 4973 Mollia,
1220 4902 1418 4971 Gruudleguug
1436 4920 1484 4956 zur
1502 4903 1680 4975 hletaphysil·

433 4994 480 5051 des
499 4996 685 5059 Naturrechts,
708 4996 789 5059 1796;
810 4996 927 5061 Leisler,
948 4993 1098 5063 Popultres
1117 4992 1291 5057 Naturrecht,
1313 4992 1396 5052 1799:
1420 4994 1596 5063 caasser,
1616 4994 1680 5047 Yet·
