3909 5842
636 681 676 736 De
695 681 838 736 nativitate
856 679 950 735 sociali
970 678 1077 750 proprie
1096 677 1176 732 dicta.
1464 682 1528 746 325

272 863 386 930 veluti
409 861 573 928 laboriosa
595 861 752 926 semontis
776 860 817 925 ad
841 879 979 925 messem
1005 857 1209 941 frugiferam,
1238 856 1341 922 veluti
1369 856 1530 922 sacrificia

274 969 470 1054 praesentia
493 989 552 1051 sps
574 966 678 1034 futuri
700 966 866 1051 patienter
888 965 1002 1031 oblata
1026 964 1068 1030 ad
1084 962 1269 1048 praevisam
1286 962 1529 1046 perceptionem

274 1075 558 1160 compensationis
582 1079 682 1157 atque
705 1073 879 1139 redituum.

275 1210 349 1283 375.
442 1209 633 1282 Corollaria:
664 1213 688 1278 Ι.
714 1211 814 1277 Nulla
837 1210 981 1276 societas
1003 1213 1115 1293 potest
1137 1229 1210 1274 esse
1232 1208 1306 1274 finis
1333 1208 1367 1274 in
1396 1229 1442 1288 se,
1472 1209 1531 1275 esd

275 1318 368 1384 sicut
383 1317 525 1400 ,reliqua
555 1317 664 1384 omnia
693 1317 836 1384 humana
859 1323 1028 1399 tamquam
1052 1315 1193 1381 madium
1217 1335 1370 1399 supremo
1393 1315 1450 1380 fini
1473 1315 1531 1381 ho·

276 1424 378 1490 minis
402 1424 643 1490 subordinatur.
680 1424 757 1490 Ideo
780 1428 871 1490 recte
887 1423 1023 1490 dicitur:
1046 1424 1123 1506 finis
1138 1424 1353 1504 immediatas,
1377 1422 1531 1504 adquam

277 1531 407 1598 directe
431 1535 526 1597 actus
549 1530 717 1597 societatis
741 1551 801 1596 sua
824 1535 945 1596 natura
967 1528 1085 1606 tendit,
1110 1537 1155 1594 est
1173 1530 1288 1594 bonam
1304 1549 1465 1594 mmmnnc
1481 1551 1530 1594 ea-

277 1646 419 1722 tevnvm,
452 1639 507 1703 sed
536 1639 722 1703 ordinatam
754 1640 799 1703 ad
829 1637 1031 1702 individuale
1063 1637 1179 1701 bonam
1206 1637 1368 1700 internum
1391 1638 1532 1700 omnium

280 1747 494 1810 membrorum
520 1766 687 1830 earumque
707 1745 768 1828 fini
791 1745 901 1809 nltivno
924 1742 1180 1808 subordinatum.

279 1883 350 1955 376.
442 1883 483 1950 ll.
515 1883 607 1950 Sicut
637 1884 757 1950 bonum
787 1884 926 1949 hominis
957 1882 1158 1949 individuale
1186 1883 1235 1948 ita
1266 1887 1300 1948 st
1328 1882 1450 1948 sociale
1473 1886 1532 1948 ant

283 2012 391 2055 veram
421 1993 479 2056 aut
509 2011 670 2076 apparens
701 2010 773 2054 csse
803 1992 924 2074 potest,
954 1994 1053 2072 prout
1082 1988 1228 2073 practice
1250 1987 1412 2055 rationem
1434 1988 1532 2054 medii

282 2097 325 2161 ad
349 2097 446 2161 finem
470 2094 562 2160 illum
585 2115 771 2179 supremum
798 2115 877 2178 prae
900 2116 936 2160 se
958 2093 1026 2160 fert
1049 2095 1103 2160 vel
1126 2114 1222 2160 secus
1244 2093 1300 2177 (cf.
1324 2115 1356 2160 n.
1382 2092 1448 2176 29).

282 2235 350 2306 377.
442 2236 498 2303 III.
524 2237 644 2303 Nullus
668 2241 773 2314 actus,
798 2236 853 2319 qui
877 2237 1046 2303 essentiali
1062 2235 1202 2302 hominis
1218 2236 1302 2301 bono
1317 2257 1375 2301 seu
1391 2235 1448 2301 lini
1463 2235 1531 2301 eius

282 2343 398 2408 ultimo
422 2343 597 2410 manifeste
620 2348 794 2427 repugnat,
826 2344 867 2409 ab
895 2343 1095 2410 auctoritate
1118 2341 1232 2407 sociali
1255 2342 1364 2407 valide
1386 2341 1533 2426 praecipi

282 2453 404 2534 potest,
428 2471 631 2533 quocumque
647 2450 835 2532 ceteroquin
858 2449 955 2515 titulo
979 2450 1034 2514 vel
1056 2451 1232 2533 praetextu
1256 2448 1332 2514 boni
1354 2447 1533 2514 communis

284 2556 446 2637 exigatur.

284 2693 350 2765 378.
441 2697 498 2763 IV.
530 2697 582 2762 Ex
612 2697 675 2762 fine
706 2701 799 2762 actus
830 2695 961 2762 socialis
991 2700 1131 2780 apparet
1159 2695 1332 2761 discrimen
1356 2695 1532 2762 essentiale

285 2801 372 2868 inter
395 2806 613 2868 anctoritatem
636 2803 788 2868 socialem
814 2805 848 2868 et
872 2803 1057 2886 dominium,
1082 2802 1169 2868 inter
1191 2802 1394 2887 superiorem
1417 2807 1451 2869 et
1474 2803 1531 2868 do-

284 2909 416 2989 minum,
447 2909 535 2975 inter
564 2909 711 2974 subditos
742 2913 777 2974 et
806 2929 929 2975 servos.
977 2908 1021 2973 Vi
1043 2909 1252 2976 auctoritatis
1275 2909 1361 2974 enim
1384 2909 1532 2994 superior

285 3014 325 3080 ad
357 3017 470 3080 bonnm
501 3037 662 3081 commane
693 3023 815 3080 tantvm
847 3015 995 3097 obligare
1023 3018 1144 3099 potest,
1175 3014 1324 3081 dominus
1355 3021 1466 3082 autem
1498 3015 1531 3080 vi

285 3120 419 3186 dominii
441 3143 535 3187 suum
556 3126 719 3208 privatum
744 3125 859 3188 bonnm
882 3122 1113 3206 praecipiendo
1136 3122 1287 3188 intendit.

285 3257 351 3328 379.
443 3261 484 3330 V.
513 3262 713 3328 auctoritati
744 3283 833 3327 mere
862 3262 1026 3327 humanae
1049 3265 1144 3328 actus
1164 3284 1300 3346 pro-rans
1323 3265 1444 3328 interni
1466 3283 1531 3328 non

284 3367 470 3445 subiacent;
492 3391 552 3455 per
574 3391 606 3436 se
629 3368 714 3434 enirn
739 3373 773 3435 et
796 3391 860 3454 qno
883 3371 961 3435 tales
977 3368 1019 3434 ad
1036 3368 1155 3433 bonum
1172 3388 1343 3434 commune
1359 3371 1531 3432 externum

285 3473 329 3537 nil
354 3473 541 3550 confersam
572 3475 743 3540 subiacent
774 3479 883 3540 autem
908 3475 1091 3540 immediate
1118 3473 1310 3540 auctoritati
1340 3471 1469 3537 divinae
1493 3493 1531 3538 ac

284 3579 377 3662 proin
400 3579 465 3662 legi
488 3585 637 3646 naturae.
670 3581 746 3646 Ideo
770 3581 798 3645 si
813 3586 907 3646 actus
924 3584 1083 3645 externus
1097 3579 1184 3646 iuste
1198 3580 1379 3663 imperatus
1394 3577 1532 3661 requirit

286 3684 328 3750 ad
357 3705 449 3750 suam
480 3691 606 3754 rectam
630 3687 875 3754 exsecutionem
898 3690 1145 3774 cooperationem
1168 3691 1290 3753 interni
1312 3689 1459 3770 bominis,
1490 3687 1530 3752 ad

286 3791 370 3856 hanc
400 3791 500 3856 ctiam
531 3791 689 3874 obligatio
720 3792 862 3868 exsistit,
894 3793 951 3858 sed
982 3814 1047 3858 non
1071 3792 1196 3858 directe
1219 3813 1278 3877 per
1300 3793 1531 3860 auctoritatem

285 3896 448 3975 socialem,
472 3897 530 3962 sed
551 3919 611 3983 pei·
633 3901 729 3985 lepcm
753 3908 900 3965 naturae.

286 4026 354 4099 380.
445 4029 501 4096 VI.
532 4031 570 4096 In
600 4032 807 4097 assecutione
838 4032 914 4096 boni
944 4032 1124 4098 communis
1155 4032 1378 4098 convenientis
1401 4031 1532 4118 proprie

287 4137 411 4201 socialis
433 4137 583 4224 perfectio
607 4157 665 4202 seu
686 4138 826 4221 felicitas
849 4137 1010 4205 consistit.
1045 4139 1211 4222 Respectu
1233 4139 1404 4207 societatis
1427 4138 1532 4204 civilis

288 4243 319 4308 in
348 4243 456 4326 specie
486 4243 568 4308 hacc
598 4243 729 4310 socialis
758 4245 917 4328 perfectio
946 4249 1082 4311 civilitas
1113 4244 1227 4329 (vulgo
1252 4245 1439 4328 civilisatio)
1462 4245 1531 4312 lata

288 4369 383 4414 sensu
406 4355 554 4417 vocatur.
601 4349 725 4416 Eadem
749 4371 828 4416 vero
851 4351 884 4416 in
908 4351 1030 4435 duplici
1054 4353 1167 4418 ordine
1186 4353 1388 4419 considerari
1410 4355 1531 4436 potest,

287 4455 320 4520 in
349 4455 462 4521 ordino
491 4459 654 4524 materiali
683 4459 718 4523 et
747 4457 779 4521 in
809 4457 921 4522 ordine
944 4461 1070 4525 inmoti.
1118 4459 1256 4526 Socialis
1278 4459 1438 4544 perfectio
1461 4479 1532 4524 ma·

288 4561 411 4629 terialis
440 4563 572 4646 proprio
599 4563 729 4629 nomine
753 4567 877 4630 coitura
886 4587 900 4646 ;
928 4566 1063 4632 moralis
1085 4586 1164 4632 vero
1188 4567 1354 4634 strictiore
1376 4586 1473 4631 sensu
1498 4569 1533 4631 et

287 4689 344 4752 per
367 4668 596 4734 excellentiam
620 4671 756 4736 civilitas
779 4669 1013 4753 (Zivilisation)
1033 4672 1171 4738 dicenda
1187 4675 1248 4752 est,
1273 4671 1413 4754 eoquod
1430 4692 1531 4737 essen·

288 4776 391 4840 ticlcm
420 4778 548 4858 partem
580 4773 751 4841 felicitatis
774 4775 906 4842 socialis
930 4777 1110 4845 coutinet1.
1159 4779 1295 4844 Cnltnra
1318 4777 1448 4860 quidem
1472 4798 1533 4843 sua

293 4891 537 4987 ω-Τέἓ-ί-ιι-ιίΙιεῖιῖ
544 4893 735 4989 civilisationis
754 4935 843 4990 ideam
862 4937 989 5007 proponit
1007 4935 1100 4991 Waltz
1120 4935 1348 5006 (Anthropologie
1366 4936 1415 4990 der
1432 4935 1532 4990 Natur-

289 5019 382 5073 vdlker
401 5019 412 5074 1
434 5020 518 5089 ltaJ:
547 5021 611 5087 „Die
629 5021 797 5077 Zivilisstion
818 5025 854 5077 ist
873 5024 932 5078 eins
959 5024 1142 5079 fortianlendc
1161 5025 1331 5094 grossartige
1350 5025 1445 5079 Arbcit
1463 5025 1533 5078 aller
