3909 5842
409 684 474 746 414
679 675 769 731 Sectic
787 676 821 730 II.
858 676 939 732 Liber
956 677 991 731 Il.
1029 675 1118 747 Caput
1135 676 1170 731 Π.
1207 673 1347 730 Articulus
1368 676 1390 729 1.

408 857 555 924 homines
585 875 664 922 suae
695 853 875 922 debilitatis
905 854 967 920 sibi
990 853 1121 934 conscii,
1152 858 1190 921 ut
1213 854 1373 920 adversus
1395 855 1600 945 potentiores
1622 877 1661 921 11

409 967 592 1042 tuerentur,
615 960 698 1027 inire
721 961 865 1044 aliquam
888 959 967 1026 iuris
992 961 1249 1026 communionem
1273 959 1335 1026 sibi
1357 960 1439 1027 utile
1454 960 1526 1026 fore
1542 961 1660 1028 existi·

409 1070 582 1137 maverint.
618 1067 770 1136 Getarum
793 1067 940 1135 fortioris
963 1067 1064 1134 animi
1087 1066 1234 1133 homines
1258 1087 1297 1132 eo
1312 1087 1377 1132 non
1392 1067 1552 1152 impediri,
1577 1089 1660 1152 quo-

408 1177 515 1243 minus
548 1195 661 1242 1111111
690 1178 830 1241 naturae
860 1175 978 1257 legem,
1009 1173 1265 1265 scilicetlegem
1288 1174 1444 1241 utilitatis
1467 1178 1659 1257 sequantur.

410 1281 566 1349 Similiter
588 1281 659 1347 fere
686 1281 953 1367 sileresymoctea,
978 1283 1091 1347 orator
1113 1279 1400 1346 Chalcedonensis:
1425 1284 1604 1363 regnantes
1627 1280 1661 1345 id

409 1390 482 1471 lege
506 1387 643 1465 sancire,
675 1387 761 1470 quod
784 1387 846 1452 sibi
869 1386 966 1463 utile;
998 1391 1033 1454 et
1056 1391 1107 1452 ius
1131 1389 1224 1453 aliod
1247 1410 1311 1454 noo
1333 1409 1399 1454 ease
1423 1410 1518 1474 quom
1541 1389 1660 1454 11111111·

410 1504 547 1562 mentem
571 1516 687 1578 eorem,
712 1496 767 1579 qui
788 1497 928 1579 potentio
948 1495 1091 1580 gaudent
1100 1494 1122 1560 ¹.

497 1604 551 1670 lnt
536 1608 589 1670 ter
635 1604 818 1668 recentioris
841 1599 963 1667 aetatis
986 1599 1198 1684 philosophos
1221 1599 1317 1666 huius
1339 1600 1455 1666 classis
1478 1597 1659 1684 principem

408 1708 514 1775 locum
538 1713 630 1776 tenet
653 1709 787 1790 Hobtes,
812 1707 903 1772 cuius
926 1705 1104 1791 praecipua
1127 1705 1296 1773 doctrinae
1319 1706 1430 1790 capita
1452 1707 1562 1773 relata
1580 1710 1660 1772 sunt

409 1812 845 1900 111111110114111334).
893 1812 1028 1878 Diceres
1057 1812 1207 1897 profecto
1243 1833 1318 1878 eum
1340 1814 1412 1898 ipso
1435 1815 1581 1880 Koilitie
1603 1833 1658 1878 so·

409 1921 518 2005 phista
547 1943 642 1988 usum
673 1941 746 1986 esse
768 1918 939 2001 magistra
971 1940 1045 1984 111111
1069 1920 1110 1985 ab
1133 1919 1249 1985 eodem
1271 1920 1401 2003 plane
1393 1920 1473 1985 111111
1495 1919 1659 1987 naturalis

409 2031 569 2112 conceptu
601 2026 826 2112 proficiscatur
861 2025 991 2091 dicens:
1025 2027 1178 2108 „Nature
1213 2026 1301 2090 dedit
1334 2028 1507 2113 unicuiqae
1537 2029 1590 2092 iao
1623 2027 1659 2091 io

409 2135 535 2202 omoio“
552 2189 558 2200 .
575 2188 580 2200 .
597 2187 626 2201 ..
651 2135 704 2200 Ec
727 2156 786 2220 quo
811 2136 907 2200 eiiam
929 2134 1131 2218 inteliepiiur,
1156 2135 1191 2198 in
1214 2140 1301 2198 statu
1319 2141 1459 2199 ceturae
1473 2153 1659 2198 mensuram

409 2243 492 2307 ioris
523 2263 586 2308 ease
616 2239 839 2307 otilicooen.“²
884 2238 1001 2322 Neque
1030 2238 1061 2305 ei
1084 2238 1251 2304 dissimilis
1274 2243 1334 2318 est,
1367 2239 1424 2304 ubi
1445 2239 1549 2306 initas
1571 2237 1660 2322 posi·

408 2347 499 2414 tivao
522 2345 757 2412 communionis
780 2345 898 2411 iunium
921 2345 1009 2411 inter
1031 2345 1179 2410 homines
1195 2348 1230 2411 et
1247 2343 1352 2410 civilis
1368 2344 1579 2412 subiectionis
1594 2343 1660 2409 ori-

408 2453 517 2536 ginem
548 2451 702 2536 explieat.
749 2451 835 2518 Nam
868 2455 902 2518 et
931 2451 984 2516 hic
1013 2451 1080 2516 alia
1110 2450 1180 2516 eius
1208 2451 1295 2516 ratio
1325 2471 1392 2516 non
1414 2455 1564 2535 apparet,
1595 2449 1658 2515 nisi

408 2570 507 2626 metus
525 2559 675 2625 debilium
691 2579 731 2624 ao
745 2559 889 2643 prudens
904 2557 1172 2634 accommodatio,
1195 2578 1261 2640 qua
1276 2556 1397 2640 singuli
1411 2556 1571 2624 adversus
1590 2557 1661 2637 ,ius

410 2668 565 2732 naturae“
593 2663 815 2748 potentiorum
839 2668 953 2732 mutua
976 2663 1194 2730 conventione
1216 2663 1279 2729 sibi
1302 2663 1502 2748 praesidimu
1522 2683 1659 2746 quaere-

409 2775 493 2837 rent.
533 2770 570 2835 In
592 2791 631 2835 eo
647 2774 777 2838 1111111111
792 2770 959 2836 Kalliklen
974 2770 1269 2855 praetergreditur,
1294 2771 1380 2852 quod
1395 2771 1497 2838 semel
1513 2775 1659 2838 erectam

410 2877 567 2943 eiusmodi
595 2875 724 2942 civilem
748 2877 998 2943 conventionem
1020 2897 1081 2961 per
1103 2875 1224 2942 nullius
1247 2876 1402 2961 deinceps
1423 2877 1658 2960 particularem

411 2983 655 3050 utilitatismum
679 2982 776 3049 titulo
804 2982 901 3062 ,iuris
921 2984 1080 3049 1111111111ι
1098 2981 1259 3066 perfringi
1274 2982 1456 3066 permittat.
1491 2983 1569 3049 Ideo
1585 3004 1659 3049 eam

412 3089 557 3154 obsoleto
587 3089 697 3172 aliqua
726 3089 857 3174 publica
886 3092 1054 3173 potestate
1077 3088 1287 3173 (,imperio“)
1318 3089 1552 3156 communitam
1574 3089 1659 3168 vult,

409 3214 493 3278 qnae
517 3216 538 3260 a
560 3195 651 3261 nulla
673 3196 862 3264 resistentia
885 3195 1019 3280 privata
1041 3194 1190 3279 superari
1213 3199 1313 3277 queat
1322 3195 1345 3262 ⁸.
1385 3195 1485 3262 utin
1507 3196 1571 3263 hac
1586 3196 1659 3280 ipsa

409 3322 563 3386 suprema
594 3307 629 3369 11
660 3304 795 3387 physice
826 3303 951 3369 invicta
984 3307 1150 3386 potestate
1182 3302 1288 3368 civilis
1320 3301 1448 3386 imperii
1479 3300 1660 3366 secundum

411 3407 610 3474 Hobbesium
639 3409 714 3491 fons
744 3418 772 3474 ct
801 3412 914 3475 ultima
937 3412 1022 3475 rotie
1045 3412 1148 3475 omnia
1171 3411 1255 3474 ioris
1278 3417 1305 3474 et
1327 3409 1493 3474 obieciicae
1516 3409 1661 3473 iustitiae

410 3515 606 3581 continetur.
654 3514 782 3599 Nempe
817 3521 913 3594 ,ante
943 3515 1081 3600 imperia
1109 3514 1231 3582 iustum
1262 3519 1296 3581 et
1324 3513 1481 3580 iniustum
1510 3534 1574 3579 non
1599 3533 1658 3578 ex·

409 3619 525 3686 stitere
540 3673 547 3686 .
562 3671 569 3686 .
585 3673 591 3686 .
607 3673 614 3688 .
633 3621 742 3705 Reges
757 3621 905 3704 legitimi,
924 3641 1009 3704 quae
1024 3620 1198 3704 imperant,
1217 3619 1307 3686 iusta
1316 3619 1443 3686 faciunt
1453 3619 1660 3704 imperando,

410 3746 494 3808 quae
518 3731 645 3807 vetant,
670 3729 812 3794 vetando
836 3728 975 3796 iniusta“
992 3731 1014 3795 4.

500 3832 558 3898 Cui
582 3833 666 3899 adde
688 3836 855 3900 modernos
872 3835 1065 3914 Hobbesios,
1090 3856 1171 3917 quos
1194 3840 1310 3902 nostra
1331 3834 1395 3900 hac
1417 3838 1529 3902 aetate
1551 3831 1659 3916 philo-

409 3937 525 4022 sophia
548 3941 951 4008 otteistioo-ootorolisiico
974 3941 1008 4006 in
1024 3941 1094 4006 dies
1109 3941 1316 4022 multiplicat,
1341 3945 1376 4008 et
1391 3960 1528 4024 quorum
1543 3959 1659 4004 exem·

408 4045 498 4129 plum
521 4066 622 4130 supra
645 4047 690 4130 (n.
718 4048 794 4131 144)
818 4047 1020 4132 descriptum
1042 4048 1154 4114 habes.

409 4183 476 4255 518.
567 4186 623 4252 lII.
649 4189 869 4272 Spioozismos
893 4187 1042 4270 denique,
1073 4188 1206 4254 tametsi
1230 4209 1290 4273 per
1311 4209 1348 4253 se
1371 4187 1562 4272 primariam
1585 4207 1657 4251 mo·

409 4291 500 4357 derni
524 4293 722 4376 pantheismi
744 4293 883 4360 formam
908 4293 1074 4370 exhibeat,
1102 4313 1167 4358 non
1189 4294 1296 4358 minus
1318 4297 1431 4359 tamen
1454 4296 1573 4376 suapte
1595 4312 1660 4357 na-

408 4401 485 4464 tura
514 4399 750 4465 materialismo
774 4419 870 4482 quam
894 4399 1063 4465 idealismo
1087 4404 1247 4482 cognatus
1269 4401 1331 4465 est.
1378 4397 1657 4476 Quemadmodum

409 4505 504 4583 enim,
530 4505 662 4572 sublata
685 4505 771 4570 omni
786 4505 941 4572 libertate
956 4504 1205 4584 indifferentiae,
1223 4505 1327 4570 omnis
1341 4525 1442 4569 11111
1457 4503 1661 4570 moralitatis

409 4611 630 4678 condicionem
655 4613 796 4680 destruit
819 4615 853 4678 et
876 4611 924 4678 ita
946 4611 1022 4677 boni
1047 4615 1082 4677 et
1104 4613 1192 4691 mali,
1215 4611 1349 4679 virtutis
1373 4615 1407 4678 et
1429 4609 1503 4677 vitii
1523 4610 1662 4676 nomina

501 4832 508 4864 ¹
528 4830 680 4886 Secundum
699 4829 770 4883 Plat
790 4827 871 4898 Resp.
891 4827 904 4881 1
923 4828 975 4884 338
989 4827 1010 4882 G
1022 4843 1083 4896 sqq.

499 4921 567 4974 ⁹De
587 4920 653 4976 cire
673 4921 684 4974 l
705 4921 746 4975 10.
856 4919 866 4950 ³
886 4917 927 4973 (tl.
947 4917 988 4972 Da
1007 4916 1074 4972 Cive
1092 4915 1131 4970 Vl
1151 4916 1184 4972 13
1205 4917 1238 4971 14
1258 4915 1299 4970 18.

499 5008 567 5062 *De
586 5007 652 5062 cive
670 5007 722 5061 Xll
742 5009 765 5062 1.
