3909 5842
444 646 506 709 122
677 642 767 697 Scotio
786 643 806 696 Ι.
843 642 924 697 Liber
941 642 975 696 11.
1014 643 1102 714 Caput
1120 644 1140 696 Ι.
1178 643 1318 699 Articulus
1340 645 1362 698 l.
1400 643 1461 711 52.

529 824 561 886 2.
586 821 759 886 secandam
783 822 967 907 hypothesin
992 822 1111 887 liberae
1136 824 1343 887 institutionis
1368 822 1507 887 divinae.

531 926 564 1007 a)
588 925 748 1009 Quidquid
779 926 1006 1011 metaphysica
1036 927 1232 995 certitudine
1255 948 1369 993 verum
1393 931 1455 1006 est,
1486 928 1535 993 ita
1558 934 1607 992 est
1627 928 1673 991 ah

440 1035 548 1101 solute
572 1054 695 1111 verum,
720 1033 871 1099 utnulla
894 1032 1080 1117 hypothesi,
1105 1055 1146 1099 ne
1170 1054 1229 1118 per
1245 1035 1350 1099 Deum
1372 1034 1513 1116 quidem,
1537 1054 1673 1115 umquam

442 1162 515 1207 esse
538 1146 596 1208 aut
618 1140 689 1207 fieri
712 1139 818 1223 possit
839 1139 968 1205 falsum.
1006 1139 1096 1205 Talis
1120 1144 1172 1205 est
1195 1160 1226 1207 v.
1243 1160 1275 1222 g.
1292 1140 1435 1206 veritas:
1460 1139 1510 1205 bia
1527 1140 1601 1204 hina
1616 1158 1674 1203 esse

442 1250 607 1330 quattuor,
638 1246 793 1311 circulum
824 1265 897 1311 esse
927 1246 1112 1323 rotundum,
1144 1246 1210 1313 alia
1240 1246 1368 1324 similia,
1398 1266 1537 1328 quorum
1560 1252 1675 1311 eontra·

442 1353 614 1420 dietarium
646 1350 852 1435 intellegitur
887 1373 961 1418 esse
995 1352 1173 1418 absurdum
1205 1372 1265 1437 pro
1299 1352 1386 1417 omni
1417 1352 1589 1419 intellectu
1618 1352 1676 1417 sive

441 1464 553 1527 creato
576 1460 647 1525 sive
669 1458 827 1524 increato.
859 1459 960 1543 Atqui
989 1458 1104 1524 eadem
1126 1458 1352 1541 metaphysica
1376 1458 1574 1524 certitudine
1588 1478 1676 1523 enun-

442 1566 545 1633 tiatur
568 1565 609 1631 de
632 1563 796 1630 nonnullis
819 1563 1004 1629 senonibus
1019 1564 1185 1641 honestas,
1211 1564 1250 1629 de
1268 1563 1341 1629 aliis
1356 1567 1468 1629 autem
1484 1564 1676 1632 inhonestas:

442 1672 475 1737 id
499 1671 585 1737 enirn
609 1669 746 1753 perinde
769 1690 805 1735 se
828 1669 938 1747 habet,
963 1690 1003 1736 ac
1027 1670 1172 1737 dicatur:
1197 1671 1343 1737 actiones
1366 1690 1425 1736 seu
1441 1674 1551 1736 motus
1567 1670 1677 1743 finales,

442 1783 581 1844 naturae
604 1778 659 1842 lini
682 1797 742 1861 per
764 1797 800 1842 se
823 1776 1019 1853 conformes,
1043 1798 1108 1859 qua
1131 1778 1217 1844 tales
1240 1797 1304 1843 non
1320 1780 1458 1861 possunt
1474 1776 1572 1841 simul
1587 1776 1676 1842 eidem

443 1906 517 1951 esse
540 1884 715 1962 difformes,
740 1888 775 1951 et
798 1885 946 1951 actiones
969 1884 1017 1949 illi
1040 1906 1100 1969 per
1123 1906 1159 1950 se
1175 1884 1346 1969 oppositae
1361 1904 1426 1948 non
1442 1886 1582 1967 possunt
1595 1882 1677 1947 simul

442 1990 546 2057 eidem
577 2011 649 2055 esse
679 1989 864 2056 conformes
887 1989 986 2070 (conf.
1011 1992 1103 2074 prob.
1127 1990 1166 2072 Ι).
1214 1992 1301 2077 Erpo
1332 1995 1402 2057 tam
1431 2012 1549 2074 parum
1579 1990 1676 2055 divim

442 2098 596 2163 voluntas
608 2096 650 2174 id,
663 2096 749 2180 quod
765 2095 827 2163 hoc
838 2097 935 2164 modo
949 2097 1124 2164 honestum
1139 2118 1211 2163 esse
1225 2096 1438 2180 intellegitur,
1454 2102 1569 2181 posset
1581 2096 1678 2160 facere

441 2204 649 2270 inhonestum
663 2204 714 2268 vel
734 2202 926 2281 siceranes,
944 2224 1044 2287 quam
1060 2204 1169 2269 faeere
1185 2208 1296 2287 potest
1312 2204 1467 2270 circulum
1484 2203 1677 2285 quadratum.

531 2310 566 2393 b)
589 2312 742 2377 Rationes
771 2314 962 2393 contrariae,
994 2332 1075 2395 qaae
1099 2310 1292 2393 afferuntur,
1320 2331 1459 2396 prorsas
1482 2332 1585 2375 aanor
1606 2314 1677 2373 sual.

531 2417 576 2481 Et
599 2417 809 2501 Pufeadorfio
832 2417 963 2499 quidem
986 2418 1236 2502 respondemus:
1268 2417 1497 2501 Metaphysica
1512 2416 1678 2483 necessitas

444 2523 615 2590 voluntate
643 2523 755 2588 divina
778 2522 882 2589 libera
904 2523 1011 2606 logice
1035 2524 1125 2608 prior
1148 2524 1189 2589 ab
1214 2544 1317 2605 eaque
1340 2522 1564 2607 independens
1585 2522 1677 2588 nulla·

443 2634 540 2695 tenus
554 2630 710 2713 supponit
726 2630 857 2712 aliquod
877 2629 1089 2714 ,principium
1106 2631 1176 2696 Deo
1193 2636 1412 2709 coaeternum,
1437 2630 1677 2697 extrinsecum.

443 2735 476 2799 in
506 2756 570 2818 quo
593 2736 651 2801 illa
674 2736 846 2813 fundatum
873 2757 946 2803 cum
969 2736 1051 2803 nulli
1074 2738 1127 2825 vel
1150 2737 1305 2803 mediocri
1328 2736 1521 2821 philosopho
1544 2736 1677 2819 ignotum

444 2862 518 2907 esse
539 2842 645 2926 possit
668 2863 751 2920 eam,
776 2842 839 2908 etsi
862 2864 927 2909 non
948 2844 982 2908 in
1002 2844 1105 2911 libera
1122 2844 1182 2910 Dei
1198 2844 1379 2921 voluntate,
1404 2842 1437 2908 in
1454 2842 1567 2909 divina
1580 2846 1679 2909 tamen

444 2948 588 3015 essentia
611 2948 752 3014 fundari.
800 2948 916 3032 Neque
938 2949 1067 3015 felicius
1091 2950 1176 3015 idem
1199 2954 1316 3016 auctor
1339 2950 1380 3015 ad
1400 2948 1616 3027 ,liberrimam
1631 2967 1679 3011 vo·

444 3055 624 3121 luntatem“
652 3055 812 3137 confugit,
837 3077 901 3139 qua
924 3057 1014 3123 Deus
1038 3056 1086 3123 uti
1109 3056 1274 3133 mundum,
1299 3056 1349 3121 ita
1371 3060 1406 3122 et
1420 3054 1584 3120 hominem
1600 3074 1679 3120 crea·

444 3160 547 3237 verit3
571 3160 647 3227 inde
670 3163 866 3228 concludens
894 3164 945 3243 ,in
969 3162 1175 3247 beneplacito
1196 3163 1255 3227 Dei
1279 3162 1392 3239 fuisse,
1417 3162 1546 3243 qualem
1570 3159 1679 3227 homini

445 3273 597 3335 naturam
621 3270 723 3335 vellet
746 3270 935 3352 assignam‘
963 3290 1023 3335 ceu
1046 3269 1195 3352 regulam
1218 3270 1388 3336 moraliter
1411 3268 1540 3352 agendi.
1578 3266 1679 3348 Nega·

445 3396 516 3441 mus
546 3374 633 3440 enim
657 3375 761 3441 Deum
791 3376 893 3441 libere
923 3376 1065 3442 creando
1096 3378 1251 3441 homiaem
1282 3375 1379 3441 simul
1402 3376 1503 3441 etiam
1528 3377 1678 3441 eesauian

443 3479 583 3547 hominis
605 3480 744 3547 idealem
768 3502 826 3547 seu
849 3482 956 3548 ideam
981 3482 1202 3565 exemplarem
1227 3502 1367 3561 creasse,
1391 3482 1512 3565 quippe
1527 3502 1610 3565 quae
1625 3500 1678 3545 non

444 3608 538 3653 secus
561 3608 601 3653 ac
624 3592 808 3654 ceterarum
832 3609 943 3653 rerum
965 3592 1153 3653 creatarum
1175 3587 1249 3654 idea
1272 3608 1330 3653 seu
1346 3587 1477 3654 interna
1492 3586 1680 3673 possibilitas

444 3694 479 3759 vi
510 3693 640 3759 divinae
672 3694 881 3761 aeternitatis
914 3698 1051 3760 aeterna
1082 3698 1134 3759 est
1164 3698 1199 3759 et
1228 3694 1259 3757 in
1285 3694 1346 3759 Dei
1375 3694 1520 3761 essentia
1543 3692 1680 3758 fundata.

444 3800 595 3879 Proinde,
620 3822 815 3883 quamquam
840 3800 979 3866 hominis
1004 3802 1186 3867 econtratio
1206 3798 1396 3881 (secundum
1420 3800 1505 3866 hanc
1528 3800 1632 3865 ideam
1652 3800 1679 3861 et

445 3906 635 3988 essentiam)
659 3928 723 3971 non
754 3910 806 3973 est
836 3907 1032 3982 necessaria,
1064 3906 1122 3972 sed
1153 3906 1318 3972 liberrime
1341 3904 1454 3984 volita,
1486 3922 1678 3988 nequaquam

445 4019 558 4078 tamen
586 4011 709 4077 inferre
736 4014 813 4079 lieet
843 4034 884 4078 ea
907 4033 1044 4095 quoque,
1077 4033 1160 4096 quae
1183 4013 1360 4080 intrinsece
1383 4012 1557 4078 humanam
1579 4030 1679 4077 essen·

445 4118 527 4186 tiam
556 4138 614 4183 seu
644 4122 797 4183 naturam
827 4102 1081 4202 consequuntur,
1113 4118 1264 4186 similiter
1294 4118 1398 4185 libera
1429 4120 1490 4184 Dei
1520 4120 1679 4185 voluntate

445 4226 580 4291 inducta
603 4244 683 4290 essa.

537 4332 674 4398 Cartesii
696 4335 806 4396 autem
830 4332 1037 4398 ratiocinium
1061 4336 1166 4398 totum
1188 4332 1335 4415 procedit
1352 4352 1393 4397 ex
1409 4352 1547 4397 erroneo
1562 4328 1678 4394 divinae

445 4437 609 4503 libertatis
640 4443 810 4520 conceptu,
842 4459 938 4519 quem
967 4438 1002 4503 in
1031 4437 1204 4503 theodicea
1228 4438 1310 4505 satis
1333 4438 1514 4503 refutatum
1537 4434 1677 4501 hocloco

446 4544 565 4610 merito
588 4564 772 4627 supponere
794 4544 882 4621 licet,
913 4544 942 4609 si
965 4548 1076 4610 tamen
1101 4543 1209 4628 opinio
1233 4548 1301 4609 tam
1326 4564 1384 4629 per
1406 4564 1442 4608 se
1466 4541 1606 4609 absurda
1627 4538 1677 4604 ali·

447 4672 512 4733 qua
540 4650 740 4717 refutatione
769 4650 927 4731 indigeat.
978 4648 1057 4727 Quis
1087 4650 1173 4715 enim
1203 4670 1302 4715 sanus
1332 4648 1392 4713 sibi
1423 4648 1617 4732 persuadeat
1643 4642 1677 4709 ad

447 4756 655 4824 essentialem
679 4754 810 4821 divinae
832 4756 1016 4822 voluntatis
1040 4754 1327 4838 independentiarn
1352 4754 1404 4819 vel
1427 4754 1612 4822 libertatem
1633 4750 1675 4815 vel

447 4861 717 4947 omnipotentiam
746 4862 778 4927 id
809 4862 909 4927 etiam
933 4861 1064 4943 requiri,
1097 4866 1133 4926 ut
1156 4862 1226 4946 ipse
1249 4862 1327 4927 ordo
1351 4864 1570 4929 intellectualis
1591 4865 1676 4940 atque

449 4978 592 5037 internae
614 4968 843 5053 possibilitatis
867 4989 976 5035 rerum
1008 4970 1048 5033 ab
1075 4968 1144 5033 eius
1170 4968 1272 5035 libero
1298 4968 1504 5052 beneplacito
1530 4964 1675 5052 pendeat?
