3909 5842
703 1517 871 1633 Sestio
908 1520 1087 1657 primo.

519 1716 1284 1839 Ethicageneralis.

640 2038 842 2139 Liber
887 2038 1154 2171 primus.

307 2234 366 2307 Dc
395 2233 571 2307 elucentis
600 2238 632 2307 ct
660 2232 921 2307 condicionibus
947 2231 1175 2306 naturalibos
1203 2238 1300 2304 octos
1327 2232 1485 2305 hnmani.

770 2434 1026 2527 Prologus.

273 2580 299 2650 1.
394 2535 438 2646 Α
461 2582 641 2649 scrutanda
669 2582 785 2648 intima
816 2586 937 2649 natura
959 2586 1054 2649 actus
1079 2581 1228 2660 humani,
1261 2580 1342 2646 duce
1365 2579 1524 2665 imprimis

273 2679 503 2763 psychologia,
524 2679 653 2746 initium
669 2679 854 2746 faciendum
872 2684 933 2756 est,
950 2680 979 2745 si
994 2678 1200 2745 rectitudinis
1216 2699 1346 2744 normas
1361 2678 1525 2745 humanae

274 2786 445 2852 activitati
475 2805 639 2870 congruas
668 2786 812 2852 naturali
844 2786 966 2851 lumine
997 2786 1060 2852 rite
1090 2805 1288 2869 cognoscere
1318 2806 1357 2851 ac
1388 2784 1522 2851 definire

275 2891 429 2959 velimus.
460 2892 668 2975 dianamque
691 2891 796 2958 omnis
820 2891 977 2958 scientiae
993 2890 1159 2976 practicae
1183 2890 1362 2957 communis
1379 2890 1523 2956 condicio

275 3002 337 3074 est,
360 3002 401 3063 ut
415 3018 528 3064 carere
544 3019 750 3082 nequaquam
766 2999 871 3083 possit
885 2998 1099 3064 fundamento
1116 2996 1273 3064 scientiae
1289 2996 1523 3081 speculativae,

273 3103 386 3187 logice
414 3104 606 3183 anterioris,
638 3105 689 3170 cui
718 3106 791 3189 ipsa
814 3105 916 3171 veluti
947 3108 1115 3170 structura
1138 3104 1298 3185 quaedam
1323 3123 1524 3184 consequens

274 3210 446 3278 innitatur.
471 3210 509 3275 In
521 3210 670 3277 iaciendo
683 3210 840 3277 eiusmodi
853 3210 1076 3288 fundamento,
1093 3210 1268 3275 universae
1279 3230 1405 3274 morum
1418 3208 1523 3293 philo-

275 3318 412 3402 sophiae
436 3318 598 3384 communi
621 3340 661 3385 ac
676 3318 873 3396 necessario,
897 3316 993 3383 huius
1009 3316 1080 3382 libri
1106 3320 1335 3399 argumentum
1359 3320 1523 3384 versatur.

274 3424 320 3489 Et
344 3444 425 3489 vero
448 3424 490 3489 de
512 3427 589 3491 actu
612 3424 764 3502 humano,
789 3445 885 3506 quem
909 3423 1099 3489 examinare
1122 3422 1333 3507 suscipimus,
1358 3425 1421 3487 duo
1445 3443 1524 3506 prae

276 3530 398 3595 ceteris
425 3529 628 3612 investigare
651 3529 810 3596 scientiae
832 3529 967 3596 moralis
989 3530 1145 3609 interest,
1176 3532 1335 3616 primum:
1364 3528 1425 3605 Qui
1447 3529 1523 3611 finis

276 3634 323 3700 illi
352 3636 553 3702 naturaliter
581 3637 769 3720 propositus
792 3636 859 3701 sit?
889 3672 932 3681 -—
961 3638 1116 3703 oderam:
1146 3656 1252 3717 aquo
1282 3635 1410 3702 interno
1432 3639 1523 3721 prin·

279 3744 359 3828 cipio
392 3746 426 3808 et
456 3763 520 3824 qua
544 3742 733 3807 condicione
764 3744 944 3828 procedat?
975 3781 1017 3791 -
1050 3742 1137 3820 Quas
1162 3740 1289 3825 quidem
1315 3742 1524 3825 quaestiones

278 3868 335 3931 per
350 3868 389 3913 se
405 3846 653 3931 psychologicas
677 3869 750 3913 esse
773 3853 928 3932 apparet;
953 3868 1067 3915 verum
1091 3847 1139 3915 ita
1162 3846 1412 3931 psychologicas
1436 3850 1523 3927 suut,

279 3958 315 4019 ut
344 3974 411 4019 non
439 3952 547 4017 miuus
577 3974 650 4019 cum
673 3954 873 4037 cosmologia
897 3959 932 4021 et
954 3953 1100 4021 naturali
1122 3952 1290 4036 theologia
1314 3953 1522 4021 cohaereant.

279 4060 376 4125 Unde
405 4059 617 4142 consequitur
646 4082 704 4126 eas
730 4082 837 4143 neque
867 4082 909 4126 ex
937 4060 1076 4126 internis
1106 4060 1271 4126 rationum
1301 4059 1525 4125 fundamentis

279 4167 376 4249 plene
399 4165 483 4231 solvi
506 4186 612 4250 neque
636 4166 819 4232 omnimode
841 4166 1002 4233 illustrari
1018 4188 1125 4251 posse,
1149 4166 1211 4231 nisi
1227 4166 1389 4232 invocatis
1404 4164 1525 4232 identi-

281 4272 352 4339 dem
376 4272 479 4338 variis
508 4272 712 4341 documentis
735 4272 987 4357 metaphysicis,
1019 4294 1103 4356 quae
1127 4294 1144 4337 e
1168 4272 1306 4355 singulis
1330 4272 1395 4338 illis
1418 4270 1524 4357 philo·

281 4380 414 4465 sophiae
436 4378 638 4446 theoreticae
660 4380 809 4465 partibus
833 4379 926 4463 quasi
949 4383 1063 4445 mutuo
1088 4378 1301 4463 accipiantur.
1335 4380 1447 4445 Visum
1473 4383 1525 4446 est

283 4491 466 4571 propterea,
491 4490 667 4567 antequam
691 4486 732 4551 de
747 4485 819 4571 ipso
836 4489 913 4551 actu
928 4486 1072 4551 humano
1088 4486 1120 4550 in
1137 4484 1246 4569 specie
1264 4484 1346 4551 binis
1362 4484 1524 4569 capitibus

284 4596 410 4675 agatur,
436 4591 661 4674 compendium
685 4592 816 4675 aliquod
840 4591 998 4657 eiusmodi
1020 4592 1238 4677 philosophiae
1258 4594 1525 4677 propocdcuticuc

284 4718 340 4778 per
367 4698 498 4763 modurn
529 4698 724 4779 syntheseos
754 4697 984 4781 praemittere,
1016 4718 1100 4779 quae
1127 4697 1173 4762 illi
1205 4696 1363 4763 discursui
1395 4698 1465 4763 sive
1487 4702 1525 4765 ut

286 4803 434 4884 generale
457 4802 588 4886 aliquod
612 4802 781 4869 doctrinae
804 4804 1050 4887 praeambulum
1067 4804 1137 4868 sive
1161 4806 1198 4868 ut
1221 4824 1391 4868 commune
1406 4803 1525 4869 funda·

286 4915 425 4977 mentum
456 4907 652 4975 subserviat.
699 4908 748 4974 Eo
778 4908 923 4993 pertinet
953 4914 1069 4993 caput,
1105 4908 1189 4991 quod
1220 4908 1324 4993 primo
1354 4909 1425 5007 loco
1449 4910 1525 4975 huic

286 5012 364 5082 libro
386 5015 608 5100 praefigimus.

333 5126 441 5179 loyor,
455 5126 495 5168 Ius
509 5126 621 5168 naturale
644 5126 662 5167 1.
687 5124 727 5168 m.
741 5126 761 5169 2.
1305 5122 1316 5173 l
