3909 5842
776 685 815 740 Ds
833 685 895 754 lega
913 687 1039 756 positiva.
1461 688 1525 752 255

283 859 387 943 igitur
415 859 565 943 probata,
598 858 670 942 ipsa
700 881 828 942 quoque
857 859 891 925 in
921 859 1051 926 dubium
1084 857 1194 926 vocari
1223 858 1289 924 iam
1319 881 1384 925 non
1406 864 1525 944 potest.

285 965 384 1032 Patet
407 985 486 1030 vero
509 965 608 1032 etiam
626 965 759 1042 directe,
783 988 856 1032 cum
872 967 1010 1032 rationis
1025 967 1192 1051 practicae
1209 965 1369 1032 obiectum
1386 965 1527 1032 maxime

285 1072 452 1157 proprium
472 1077 507 1139 et
521 1073 706 1152 essentiale,
723 1072 850 1139 scilicet
865 1075 944 1139 ordo
960 1075 1169 1160 operabilr‘um
1185 1072 1335 1154 cognitus
1350 1075 1388 1138 ut
1405 1072 1528 1158 simpli·

285 1178 369 1244 citer
392 1178 596 1244 necessarius
618 1183 653 1245 et
675 1179 867 1258 servandus,
892 1199 956 1244 non
981 1177 1086 1262 possit
1108 1199 1173 1244 non
1190 1199 1262 1244 esse
1278 1177 1364 1243 inter
1379 1177 1528 1244 notiones

285 1285 452 1368 practicus
474 1285 646 1351 notissima
669 1289 704 1350 et
726 1286 870 1352 evidens.
917 1285 979 1367 (ef.
1005 1307 1035 1352 n.
1060 1286 1101 1350 47
1129 1286 1192 1350 184
1216 1285 1306 1366 223.)

318 1392 322 1397 ’
376 1405 406 1466 4.
431 1401 569 1468 Praeter
592 1402 765 1466 verborum
789 1400 1035 1485 praecisionem,
1060 1421 1131 1466 earn
1155 1399 1359 1484 significandi
1376 1399 1529 1466 determi-

286 1506 453 1572 nationem
476 1527 556 1591 prae
579 1528 616 1572 se
634 1505 710 1586 fert,
734 1511 772 1573 ut
786 1529 846 1591 pro
860 1507 1019 1573 scientiae
1034 1528 1094 1572 usu
1111 1505 1166 1590 (ad
1182 1506 1280 1572 alium
1297 1505 1417 1590 quippe
1432 1507 1538 1572 finem

286 1612 479 1696 principium
503 1634 567 1678 non
591 1611 786 1696 adstruitur)
809 1614 896 1679 omni
919 1613 1081 1680 obiectiva
1105 1613 1321 1697 ambiguitate
1344 1616 1472 1686 careat;
1496 1611 1530 1676 id

288 1719 373 1802 quod
397 1718 517 1802 partim
542 1739 584 1784 ex
606 1717 679 1803 ipsa
702 1719 853 1799 formula,
881 1719 1003 1804 partim
1027 1739 1069 1785 ex
1093 1719 1203 1786 allatis
1227 1719 1407 1786 rationibus
1431 1718 1486 1802 (ad
1512 1723 1527 1782 l

288 1829 323 1890 et
347 1823 381 1906 2)
404 1816 486 1890 satis
508 1846 567 1909 per
590 1846 626 1892 se
649 1826 767 1892 elucet.

289 1962 360 2035 286.
453 1967 668 2051 Confirmatur
697 1987 825 2049 quoque
854 1966 967 2032 eadem
996 1967 1169 2046 sententia,
1200 1966 1291 2033 facta
1320 1987 1380 2051 per
1402 1965 1532 2048 singula

290 2071 448 2153 requisita
471 2071 714 2156 comparatione
738 2072 808 2137 eius
823 2093 895 2137 cum
911 2073 1030 2138 ceteris
1046 2093 1130 2155 quae
1146 2073 1358 2158 perhibentur
1373 2072 1530 2139 formulis.

291 2177 378 2242 Nam
400 2182 632 2261 praeterquam
655 2178 741 2260 quod
764 2178 941 2261 pleraeque
964 2179 1152 2245 necessaria
1176 2179 1447 2246 determinatione
1476 2199 1532 2244 ca·

292 2286 374 2360 rent,
400 2285 497 2350 facile
520 2285 621 2351 etiam
645 2284 827 2369 apparebit,
851 2305 908 2350 sas
931 2284 1061 2350 demum
1080 2287 1120 2350 ad
1137 2285 1227 2351 illam
1243 2289 1411 2368 tamquam
1426 2284 1532 2368 logice

292 2389 488 2456 anteriorem
512 2395 547 2457 et
568 2391 601 2456 in
626 2393 739 2456 ordine
763 2389 959 2473 cognitionis
982 2391 1119 2476 primam
1143 2392 1262 2458 reduci.

806 2595 927 2708 Gaput
952 2595 1021 2682 Ill.

727 2757 783 2831 De
810 2758 893 2851 lege
920 2757 1093 2853 positiva.
1150 2788 1151 2791 ¹

802 2959 1022 3043 Prologus.

293 3095 361 3168 287.
452 3099 523 3165 Hoc
546 3100 617 3166 loco
641 3121 706 3166 non
720 3101 771 3165 'de
794 3101 868 3183 lege
891 3099 1035 3185 positiva
1058 3100 1090 3165 in
1110 3099 1228 3184 specie,
1253 3099 1322 3164 sive
1338 3098 1448 3164 divina
1464 3097 1533 3164 sive

293 3203 445 3282 humana,
476 3206 535 3270 sed
564 3206 809 3289 generalissime
840 3227 939 3289 agere
961 3206 1170 3284 intendimus
1202 3225 1258 3271 eas
1288 3208 1416 3272 tantum
1447 3204 1534 3270 illius

293 3310 499 3376 condiciones
529 3312 774 3390 considerando,
803 3333 886 3395 quas
914 3313 966 3379 vel
995 3312 1066 3396 ipse
1093 3311 1271 3378 communis
1294 3309 1535 3394 philosophicus

293 3417 363 3483 eius
386 3421 563 3502 conceptus
585 3418 761 3501 implicitas
783 3417 893 3496 habet,
918 3422 952 3483 et
974 3437 1034 3501 per
1049 3437 1132 3499 quas
1146 3417 1202 3482 lex
1217 3416 1359 3501 positiva
1375 3439 1447 3482 curn
1464 3416 1536 3502 ipsa

294 3525 367 3606 lege
383 3523 444 3589 Dei
466 3523 609 3589 naturali
632 3523 809 3591 intrinsece
832 3522 1016 3590 conectitur
1038 3522 1172 3605 eiusque
1196 3522 1415 3589 necessarium
1432 3523 1534 3606 quod·

295 3631 369 3696 dam
392 3630 425 3695 in
448 3629 568 3695 mundo
591 3630 709 3696 morali
724 3629 997 3714 complementum
1014 3649 1087 3694 esse
1102 3629 1314 3712 intellegitur.
1346 3629 1391 3696 Et
1405 3629 1535 3713 plurimi

294 3757 384 3814 sane,
417 3736 506 3802 hisce
535 3737 678 3802 maxime
707 3737 918 3820 temporibus,
947 3736 1096 3815 interest,
1129 3740 1166 3802 ut
1197 3735 1249 3801 hio
1278 3735 1426 3802 internus
1449 3735 1535 3801 illius

295 3863 400 3908 nexus
429 3863 493 3908 uon
524 3841 629 3908 obiter
654 3847 785 3909 tantum
807 3843 973 3920 innuatur,
1005 3861 1117 3908 verum
1142 3863 1183 3908 ex
1206 3841 1277 3925 ipso
1301 3841 1400 3908 etiam
1424 3842 1536 3907 ordine

295 3969 404 4014 rerum
426 3949 674 4016 tractandarum
696 3949 926 4032 praesignatus
946 3951 1115 4032 appareat.
1163 3947 1377 4032 Quapropter,
1401 3947 1535 4014 tametsi

296 4075 380 4136 qnae
403 4054 443 4120 de
466 4056 540 4139 lege
562 4055 705 4139 positiva
727 4056 909 4138 generatim
934 4055 1072 4121 dicenda
1094 4059 1180 4133 sunt,
1211 4057 1367 4140 pleraque
1397 4055 1466 4120 fere
1493 4055 1535 4120 ad

296 4161 402 4243 legem
433 4163 474 4226 ab
504 4163 703 4228 anctoritate
726 4161 838 4227 sociali
860 4163 1004 4227 humana
1027 4161 1129 4227 latam
1154 4161 1314 4227 obiective
1337 4161 1535 4237 referuntur,

297 4267 388 4333 cuius
411 4267 635 4352 philosophica
657 4267 871 4336 fundamenta
893 4268 1020 4334 nonnisi
1045 4268 1181 4334 inferius
1204 4267 1303 4351 (Soet.
1328 4267 1372 4350 Il)
1395 4267 1537 4351 penitius

297 4374 497 4442 adstruenda
526 4379 670 4452 manent,
700 4375 810 4459 aptius
832 4379 943 4442 tamen
967 4374 1247 4441 communissimas
1270 4375 1352 4457 legis
1376 4373 1536 4458 positivae

297 4479 441 4545 rationes
463 4480 528 4546 iam
552 4481 605 4547 hic
627 4482 805 4548 tradendas
829 4483 989 4548 duximus.

385 4585 486 4669 quue
509 4608 548 4652 eo
570 4587 678 4652 miuus
699 4587 894 4653 incommodi
917 4587 1039 4653 habere
1058 4587 1196 4664 videtur,
1221 4585 1306 4670 quod
1323 4607 1373 4664 ea,
1397 4605 1481 4667 quae
1497 4585 1537 4650 de

298 4694 371 4775 lege
394 4693 536 4758 humana
558 4693 591 4758 in
615 4694 804 4776 particulari
829 4694 1021 4777 complenda
1037 4697 1221 4777 supersunt,
1246 4692 1315 4757 lere
1332 4691 1418 4757 circa
1433 4691 1536 4757 solam

296 4798 403 4881 legem
434 4798 563 4864 civilem
593 4805 778 4876 versantur,
809 4800 850 4865 de
880 4800 1000 4882 quain
1025 4800 1132 4865 altera
1155 4797 1317 4883 (speciali)
1339 4802 1435 4883 parte
1459 4795 1537 4862 iuris

298 4904 457 4971 naturalis
480 4905 675 4972 luculentius
698 4907 860 4989 agendum
885 4907 957 4973 erit.
989 4905 1105 4988 Neque
1128 4906 1207 4971 illud
1223 4906 1322 4971 etiam
1339 4923 1538 4988 magnopere

298 5009 442 5093 impedit,
474 5010 559 5092 quod
589 5010 764 5076 universim
795 5013 836 5078 de
864 5012 937 5095 lege
966 5012 1110 5096 positiva
1135 5012 1313 5078 secuudum
1336 5011 1537 5094 analyticum
