3909 5842
378 656 521 712 Generalis
538 656 613 711 notio
631 661 742 712 actuum
761 656 934 711 naturalium.
952 686 988 695 —
1007 656 1144 726 Principia
1162 655 1342 725 cosmologioa
1361 660 1412 711 eto.
1501 658 1521 723 5

268 832 298 903 7.
396 837 506 917 Atque
529 834 611 900 baec
633 834 729 901 simul
745 837 897 901 scientiae
912 836 1045 901 moralia
1063 832 1203 901 firmitas
1218 836 1279 912 est,
1304 834 1423 918 qnippe
1439 854 1522 917 quae

269 962 348 1007 oum
379 942 526 1007 omnibus
556 941 625 1007 suis
654 940 904 1007 deductionibus
932 961 1032 1024 snper
1060 938 1123 1006 hoc
1150 941 1279 1007 demum
1309 940 1521 1008 fundamento

268 1053 341 1113 tarn
372 1048 557 1115 necessario
581 1068 678 1129 quam
708 1050 783 1113 tuto
806 1047 1017 1113 construitur.
1065 1045 1157 1123 Quod
1187 1050 1223 1113 ut
1253 1046 1388 1131 praevio
1411 1046 1521 1129 aliquo

269 1158 453 1239 conspectu
482 1159 658 1239 appareat,
688 1153 865 1238 praecipua
894 1153 1057 1237 quaedam
1087 1152 1255 1219 doctrinas
1278 1153 1441 1219 elementa
1470 1152 1522 1219 hic

269 1280 446 1325 recensere
468 1261 571 1339 iurat,
595 1280 680 1343 quae
694 1259 728 1325 in
748 1259 833 1325 binis
852 1260 918 1325 illis
940 1258 1160 1341 cosmologiae
1175 1258 1343 1344 principiis
1364 1258 1522 1342 implicita

269 1364 494 1443 continentur,
506 1386 655 1449 quaeque
667 1366 799 1449 singula
809 1365 929 1433 iterum
941 1364 1202 1431 conclusionibus
1218 1364 1421 1431 fertilissima
1435 1369 1522 1431 sunt.

270 1472 391 1539 Potest
413 1470 516 1551 enim,
545 1472 632 1555 quod
653 1473 712 1539 illa
734 1472 928 1539 brevissimo
952 1472 1143 1557 compendio
1167 1471 1355 1551 enuntiant,
1385 1472 1418 1537 in
1442 1473 1523 1537 haec

269 1578 343 1645 fere
367 1579 565 1646 documenta
587 1579 725 1647 resolvi:

366 1687 395 1752 1.
425 1686 525 1769 Deua,
555 1688 649 1750 acuti
674 1688 785 1771 prima
814 1706 914 1751 cauae
944 1687 1084 1750 omnium
1112 1706 1230 1766 rerum,
1262 1686 1309 1749 ita
1333 1692 1360 1749 et
1383 1686 1521 1750 omnium

267 1791 348 1873 finis
378 1793 552 1856 wmmame
581 1798 610 1858 et
638 1794 771 1857 ultimus
800 1800 855 1875 eat,
887 1791 1015 1876 ,Alpba
1039 1794 1073 1857 et
1096 1791 1258 1872 Omega“;
1289 1790 1375 1857 unde
1397 1790 1439 1856 ad
1462 1788 1522 1855 Dei

270 1896 430 1979 gloriam,
462 1918 560 1980 quam
591 1902 762 1964 externam
792 1897 945 1976 dicimus,
976 1918 1089 1963 omnes
1117 1902 1151 1963 et
1179 1896 1328 1980 singulae
1352 1899 1523 1963 creaturae

271 2024 333 2087 per
356 2004 562 2071 voluntatem
587 2004 747 2071 creatoris
769 2004 956 2071 destinatae
979 2002 1047 2069 sint
1070 2007 1211 2088 oportet.

367 2115 398 2177 2.
429 2111 493 2177 Sed
523 2112 606 2177 baec
627 2110 689 2177 Dei
719 2111 874 2178 voluntas
904 2132 992 2177 vana
1021 2130 1094 2176 esse
1124 2110 1253 2193 nequit,
1283 2110 1341 2175 sed
1366 2109 1464 2176 debet
1490 2108 1523 2174 in

273 2217 355 2301 ipsis
386 2220 544 2283 mentulis
575 2218 751 2303 efficaciam
779 2240 873 2284 auom
902 2218 1123 2302 rnanifestare,
1154 2239 1217 2283 non
1249 2219 1347 2282 sotum
1369 2240 1427 2302 per
1448 2238 1523 2302 pro·

252 2308 488 2407 ‘ponionutum
519 2324 683 2407 quandam
714 2324 934 2410 aptitudinem,
965 2345 1079 2390 verum
1110 2322 1209 2391 otiam
1239 2343 1299 2407 per
1322 2324 1523 2387 directionem

274 2431 309 2494 et
339 2450 521 2511 congruum
550 2433 732 2517 impulsum,
762 2451 827 2513 quo
855 2432 896 2497 ad
924 2432 1021 2496 finem
1046 2430 1109 2497 sibi
1132 2430 1313 2515 praefixum
1336 2448 1395 2513 pro
1418 2428 1524 2510 gradu

274 2556 334 2601 suo
358 2541 395 2601 et
417 2534 513 2601 modo
536 2558 596 2602 suo
619 2537 845 2620 complendum
868 2536 1018 2619 singulae
1040 2538 1267 2603 moveantur1.

365 2644 397 2709 3.
432 2642 535 2708 Recte
569 2642 671 2725 igitur
704 2651 769 2709 toto
803 2666 911 2709 rerum
943 2646 1137 2709 universitas
1169 2664 1242 2708 cum
1274 2640 1423 2707 omnibus
1456 2636 1524 2705 suis

275 2747 425 2831 partibus
447 2750 480 2813 oi
501 2751 605 2835 ipsius
628 2752 798 2815 creationis
820 2759 983 2835 tamquam
1006 2753 1042 2815 in
1064 2757 1149 2815 motu
1170 2751 1276 2834 positu
1293 2748 1416 2832 infinite
1434 2750 1525 2813 vario

278 2862 304 2917 et
321 2876 386 2919 uno
402 2854 446 2919 ad
463 2856 558 2939 finem
574 2876 766 2921 communem
786 2876 808 2921 a
823 2862 973 2924 creatore
988 2858 1169 2941 praefixum
1187 2854 1387 2921 considerari
1402 2856 1522 2937 potest.

276 2959 339 3025 Hic
362 2965 473 3027 motus
492 2962 696 3028 naturatibus
716 2970 940 3029 creaturarum
960 2963 1197 3049 operationibus
1213 2960 1373 3028 consistit.
1409 2960 1524 3043 Itaque

276 3070 325 3132 tot
350 3066 422 3132 eius
445 3067 538 3149 quasi
561 3068 775 3136 intermediae
798 3070 961 3137 stationes
985 3068 1142 3152 distingui
1164 3072 1319 3152 possunt,
1344 3070 1424 3149 quot
1447 3070 1525 3133 sunt

275 3174 357 3239 lines
391 3194 499 3239 rerum
531 3172 749 3256 particulares
781 3195 820 3240 ac
852 3174 976 3259 proprii
1008 3195 1066 3241 seu
1099 3179 1180 3257 quot
1211 3176 1288 3239 sunt
1319 3177 1524 3259 nosnatura

275 3279 436 3359 diversae,
460 3284 498 3346 ut
520 3279 603 3345 adeo
620 3280 750 3347 diverso
766 3281 822 3346 tini
844 3281 1038 3366 particulari
1054 3280 1204 3348 diversus
1227 3284 1336 3347 motus
1355 3300 1412 3345 seu
1429 3282 1524 3345 actus

276 3386 446 3465 naturalis,
471 3386 602 3454 diverso
625 3388 729 3456 motui
752 3388 884 3453 diversa
907 3388 1046 3467 entitas,
1071 3410 1091 3453 a
1115 3409 1179 3470 qua
1202 3388 1257 3452 ille
1280 3385 1447 3470 procedat,
1471 3404 1523 3449 re·

275 3494 446 3575 spondeat.

364 3602 396 3665 4.
422 3601 528 3666 Causa
552 3600 648 3665 huius
670 3605 779 3666 motus
802 3604 910 3686 prima
926 3602 1015 3667 Deus
1039 3604 1169 3668 creator
1191 3604 1226 3668 et
1244 3601 1446 3683 gubernator
1461 3602 1522 3675 est,

276 3725 396 3771 causae
418 3707 575 3772 secandae
600 3706 635 3771 in
662 3707 735 3791 ipsa
758 3728 867 3772 rerum
890 3708 1031 3773 entitate
1054 3708 1264 3774 continentur
1286 3726 1423 3789 eamque
1447 3726 1523 3771 con·

276 3811 427 3877 stitnunt.
466 3812 530 3877 Per
551 3834 645 3878 suam
669 3813 754 3878 enim
778 3812 951 3879 entitatem
976 3814 1142 3897 quaelibet
1164 3834 1218 3879 ras
1241 3812 1283 3880 ad
1306 3834 1399 3879 suam
1423 3810 1523 3879 desti·

276 3918 441 3984 nationem
464 3918 662 3993 naturaliter
676 3920 841 4004 operando
857 3920 1083 4004 complendam
1108 3924 1243 4004 aptatur
1264 3924 1364 4002 atque
1380 3918 1523 4003 disponi·

276 4025 344 4099 tun
378 4029 413 4092 et
441 4024 514 4091 ideo
536 4026 610 4091 vice
632 4046 732 4093 versa
758 4030 889 4094 constat
920 4048 1066 4105 ,omnem
1098 4030 1207 4093 actum
1231 4025 1364 4093 entitati
1393 4024 1523 4107 agentis

276 4132 442 4213 tamquam
465 4134 617 4198 affectum
640 4154 720 4199 suae
744 4154 863 4200 musae
885 4132 1143 4217 proportionali*
1157 4134 1180 4199 ².

363 4295 489 4350 Ceterum
508 4298 605 4352 merito
624 4298 820 4352 consideranda
838 4301 916 4361 sunt,
942 4314 1012 4366 quae
1031 4298 1086 4351 iam
1105 4298 1208 4368 pridem
1228 4296 1261 4351 de
1280 4297 1373 4351 eodem
1391 4296 1523 4351 scientiae

278 4383 441 4449 problemate
465 4386 604 4455 praeclare
629 4386 740 4457 scripsit
760 4388 862 4454 Anpelo
881 4387 974 4441 Seccbi
993 4385 1019 4439 S.
1041 4387 1082 4450 J.,
1106 4386 1212 4440 t’uniu
1237 4386 1309 4440 della
1327 4387 1401 4440 forne
1418 4385 1523 4451 tisicba,

279 4466 359 4525 Roma
380 4472 465 4538 1864,
489 4474 569 4527 ena
594 4474 663 4529 1872
689 4474 856 4543 (germanice
874 4472 987 4545 Leipzig
1007 4475 1089 4538 1876;
1117 4474 1522 4544 deinBraunscbweig1892).

365 4562 374 4593 ¹
396 4560 503 4627 ‚Motis
521 4564 641 4617 omniurn
660 4564 820 4619 ordinantur
837 4564 872 4619 ad
891 4568 1008 4629 motum,
1028 4582 1081 4633 quo
1100 4567 1264 4619 moveantur
1282 4564 1310 4617 in
1328 4563 1430 4629 Denm;
1450 4564 1523 4618 sicut

279 4650 372 4712 motus,
391 4649 438 4718 qni
456 4656 522 4705 eunt
540 4652 575 4706 ed
594 4652 663 4707 linea
680 4652 822 4717 secundos,
841 4652 1002 4707 ordinantur
1021 4653 1056 4707 ad
1073 4656 1185 4717 motum,
1205 4651 1252 4721 qui
1270 4654 1314 4706 ast
1332 4650 1366 4705 ad
1383 4651 1465 4705 finem
1483 4652 1522 4705 ul·

280 4731 394 4791 timum*
423 4740 452 4793 S.
476 4740 576 4810 tuom,
596 4740 627 4794 In
640 4740 820 4795 commentar.
840 4742 867 4795 in
881 4742 911 4797 Β.
924 4741 1049 4813 Dionysii
1068 4742 1114 4797 lib.
1128 4743 1160 4797 da
1180 4743 1234 4797 div.
1254 4760 1325 4797 nom.
1339 4760 1362 4798 a.
1376 4744 1400 4809 4,
1420 4743 1482 4797 lect.
1497 4744 1522 4797 6.

363 4827 375 4859 ¹
391 4826 431 4881 Oi.
446 4829 475 4882 S.
492 4830 592 4899 Tbom„
606 4830 706 4887 Contra
720 4829 822 4885 Gentes
835 4830 852 4884 l.
867 4830 890 4894 3,
905 4849 928 4885 c.
944 4834 966 4897 1,
986 4832 1032 4885 ubi
1046 4832 1079 4886 ab
1093 4830 1190 4887 iisdem
1203 4832 1260 4887 lara
1273 4830 1522 4885 fundamentalibus

283 4912 438 4971 veritatibus
460 4917 635 4987 proficiscens
653 4917 679 4971 S.
699 4918 800 4972 Ductor
818 4917 902 4971 divini
921 4919 948 4972 in
967 4920 1066 4973 mundo
1086 4920 1225 4989 regiminis
1244 4919 1452 4991 perlectionem,
1480 4936 1520 4973 ra·

282 4999 375 5057 tanam
395 5008 423 5058 et
441 5005 548 5059 modurn
568 5006 688 5074 generali
708 5008 785 5075 quasi
804 5012 951 5077 conspectu
969 5008 1121 5062 adumbrat.
