3909 5842
434 655 497 719 104
652 651 743 707 Sectio
760 653 782 706 1.
818 652 899 707 Liber
916 654 937 708 I.
975 654 1065 725 Caput
1083 628 1147 709 ΙΙΙ.ι
1168 654 1309 711 Articulus
1328 655 1353 709 3.
1390 607 1455 723 {a

432 828 586 895 videatur
615 832 726 895 actum
755 848 885 911 quoque
917 849 960 895 ex
990 831 1206 898 antecedente
1239 832 1509 916 concupiscentia
1541 834 1676 917 positum

431 956 497 1001 non
527 934 632 1000 solum
656 933 879 999 voluntarium
908 954 992 1012 esee,
1022 936 1081 1001 sed
1104 939 1199 1003 amul
1222 937 1481 1004 involuntarium
1505 940 1677 1005 meandum

432 1041 519 1123 quid,
551 1040 702 1105 nimirum
733 1040 913 1105 secundum
943 1041 1105 1108 rationem
1129 1042 1303 1123 inhonesti,
1335 1066 1421 1127 quae
1444 1044 1478 1111 in
1502 1066 1543 1110 eo
1567 1066 1678 1129 appre-

432 1145 594 1212 henditur.
641 1145 739 1226 Nam,
770 1151 808 1213 ut
830 1146 983 1231 apposite
1012 1148 1046 1213 in
1075 1148 1161 1214 hanc
1190 1170 1259 1214 rem
1289 1150 1447 1217 observat
1469 1150 1503 1217 S.
1529 1152 1677 1227 Thomas,

436 1252 488 1331 ,in
512 1274 561 1331 eo,
585 1252 641 1335 qui
663 1272 722 1336 per
744 1257 867 1319 metum
892 1253 1015 1336 aliquid
1038 1254 1118 1336 agit,
1142 1264 1250 1321 marcet
1264 1256 1484 1340 repugnantia
1501 1258 1679 1325 voluntatis

432 1358 540 1437 adid,
565 1359 651 1441 quod
675 1358 797 1441 agitur,
821 1360 998 1424 secundum
1022 1361 1108 1441 quod
1132 1360 1166 1425 in
1187 1382 1223 1427 se
1239 1362 1482 1437 consideratum
1508 1364 1570 1429 sed
1586 1364 1618 1429 in
1633 1386 1677 1439 eo,

432 1464 487 1547 qui
511 1464 583 1549 agit
604 1464 728 1548 aliquid
750 1485 811 1549 per
834 1462 1143 1550 concupiscentiam,
1175 1490 1238 1535 non
1267 1478 1374 1535 manet
1403 1470 1495 1553 prior
1518 1472 1678 1549 voluutas,

432 1591 516 1652 quae
546 1570 741 1655 repudiabat
769 1571 860 1649 illud,
892 1572 978 1654 quod
1009 1574 1265 1657 concupiscitur;
1297 1576 1355 1641 sed
1385 1580 1536 1643 mutatur
1559 1578 1604 1643 ad
1626 1600 1679 1643 vo-

431 1675 563 1741 lendum
584 1677 627 1755 id,
651 1678 737 1759 quod
752 1677 843 1761 prius
857 1678 1062 1762 repudiabat.
1095 1679 1139 1746 Et
1154 1679 1227 1747 ideo
1243 1681 1330 1763 quod
1345 1689 1546 1765 permotum
1563 1684 1678 1766 agitur,

432 1782 573 1864 quodam
603 1782 700 1849 modo
731 1787 783 1849 est
809 1782 1077 1863 involuntarium,
1108 1785 1166 1849 sed
1190 1786 1277 1867 quod
1300 1807 1361 1870 per
1383 1789 1679 1873 concupiscentiam

432 1889 552 1972 agitur,
577 1889 666 1955 nullo
690 1890 840 1957 modo.‘¹

523 1997 554 2063 3.
585 1994 676 2073 Quod
699 1996 792 2079 leges
814 1996 978 2081 positivae
1001 1997 1174 2063 nonnullos
1197 2002 1292 2065 actus
1315 2003 1406 2064 metu
1430 2005 1600 2079 extortos,
1629 2001 1678 2065 uhi

432 2102 573 2186 primum
597 2104 638 2169 de
660 2102 722 2168 hoc
744 2104 835 2171 facto
859 2108 998 2181 constet,
1023 2124 1062 2169 eo
1086 2104 1157 2187 ipso
1172 2102 1285 2171 irritos
1301 2109 1360 2171 aut
1382 2106 1502 2172 saltem
1527 2106 1679 2171 rescindi·

432 2208 515 2274 biles
538 2208 720 2287 declarant,
744 2231 810 2275 non
832 2209 882 2277 ita
904 2209 1128 2293 accipiendum
1154 2214 1214 2285 est,
1240 2210 1334 2293 quasi
1357 2210 1518 2277 eiusmodi
1533 2217 1628 2279 actus
1642 2233 1679 2278 ea

433 2314 533 2381 etiam
556 2314 712 2383 libertate
734 2336 848 2381 carere
871 2320 1037 2399 putentur,
1063 2336 1147 2398 quae
1171 2317 1212 2383 ad
1234 2322 1344 2384 sctum
1361 2339 1440 2383 vers
1455 2318 1630 2384 humanum
1647 2324 1678 2385 et

432 2420 507 2486 hinc
530 2422 727 2489 naturaliter
749 2421 895 2487 validum
921 2422 1185 2489 constituendum
1209 2422 1362 2491 sufficiat.
1398 2424 1574 2509 Sapienter
1597 2426 1675 2491 enim

433 2531 469 2592 et
495 2527 538 2593 ad
561 2529 680 2593 bonum
712 2549 883 2593 commune
906 2548 966 2611 per
989 2528 1081 2611 leges
1104 2529 1313 2613 providetur,
1344 2535 1382 2597 ut
1404 2530 1453 2595 illi
1473 2534 1610 2616 positiva
1632 2532 1675 2595 in·

434 2632 636 2699 validatione
659 2633 808 2699 efficacia
830 2655 891 2699 sua
914 2638 1061 2702 naturali
1083 2635 1285 2703 frustrentur
1294 2638 1316 2703 ².

833 2826 852 2908 g
876 2830 906 2894 3.
953 2828 1011 2893 De
1034 2828 1284 2895 habitibusl.

879 2969 910 3020 A.
929 2964 965 3021 Do
983 2964 1078 3021 mtura
1096 2964 1235 3022 habituum

433 3069 499 3141 130.
591 3073 729 3140 Praeter
752 3075 973 3151 voluntatem,
999 3096 1097 3157 quam
1121 3076 1272 3143 naturale
1296 3097 1335 3141 ac
1358 3074 1527 3159 proprium
1551 3082 1669 3141 actuum

433 3174 649 3245 humanorum
668 3178 863 3265 principium
880 3201 953 3246 esse
969 3180 1192 3264 cognovimus,
1217 3186 1251 3248 et
1267 3185 1402 3266 praeter
1417 3181 1563 3265 reliquae
1577 3181 1670 3247 facul·

433 3288 522 3351 tates
545 3284 727 3353 voluntatis
756 3286 893 3372 imperio
921 3286 1087 3353 subiectas
1118 3290 1185 3353 alia
1215 3291 1348 3373 insuper
1366 3290 1536 3375 principio
1559 3288 1670 3373 pariter

432 3389 563 3456 interna
578 3391 620 3457 ad
636 3390 783 3458 actiones
799 3394 959 3459 humanas
976 3413 1170 3459 concurrere
1186 3415 1245 3477 per
1265 3395 1505 3479 experientiam
1518 3394 1666 3461 discimus.

433 3496 565 3563 Etenim
595 3498 656 3563 sub
683 3498 798 3564 eadem
822 3498 899 3564 boni
921 3498 1181 3584 apprehensione
1205 3504 1239 3565 et
1263 3522 1336 3566 cum
1361 3502 1477 3565 eadem
1501 3500 1667 3567 voluntatis

433 3608 684 3687 ceterarumque
712 3605 909 3671 facultatum
939 3606 1082 3671 naturali
1113 3606 1261 3671 efficacia
1284 3612 1354 3672 tum
1379 3606 1502 3673 diversi
1524 3606 1666 3681 homines,

433 3714 504 3775 tum
531 3709 618 3775 idem
641 3710 738 3777 homo
762 3710 901 3777 diversis
923 3710 1126 3795 temporibus
1157 3712 1255 3795 longe
1278 3711 1443 3778 diversam
1469 3712 1668 3797 experiuntur

434 3816 662 3884 difficultatem
687 3820 746 3882 aut
768 3816 964 3883 facilitatem
988 3816 1022 3881 in
1046 3816 1241 3899 quibusdam
1265 3816 1450 3884 actionibus
1465 3816 1668 3902 producendis

434 3927 493 3989 aut
523 3922 716 4005 quibusdam
746 3922 890 3988 motibus
920 3922 1118 3989 coercendis.
1165 3922 1202 3987 Id
1226 3944 1259 3991 v.
1284 3944 1316 4007 g.
1342 3922 1455 3989 videre
1486 3930 1538 3991 est
1565 3925 1596 3991 in
1616 3924 1666 3998 eis,

433 4028 489 4111 qui
505 4028 624 4094 artium
640 4028 824 4094 liberalium
840 4029 1049 4112 operationes
1065 4050 1124 4113 per
1139 4050 1175 4094 ss
1190 4028 1269 4097 licet
1281 4029 1492 4095 difficillimas
1507 4030 1549 4113 (si
1564 4048 1666 4112 nempe

434 4136 523 4201 solas
538 4134 708 4201 naturales
723 4134 910 4212 facultates,
927 4155 1066 4217 quarum
1082 4156 1144 4218 ope
1160 4136 1253 4215 fiunt,
1270 4134 1454 4219 respicias),
1472 4138 1554 4203 mira
1568 4142 1666 4203 tamen

434 4240 645 4319 dexteritate,
670 4240 859 4316 securitate,
884 4241 1055 4307 celeritate
1080 4262 1237 4307 exercere
1261 4242 1385 4320 solent;
1409 4242 1508 4325 idque
1531 4264 1591 4307 non
1607 4240 1666 4306 for-

432 4346 519 4412 tuito
542 4351 673 4414 tantum
697 4351 732 4413 et
753 4346 955 4425 transitorie,
979 4348 1038 4413 scd
1061 4352 1294 4432 permanenter
1309 4352 1343 4415 et
1358 4348 1579 4418 habitualiter.
1608 4346 1666 4413 Ne-

433 4474 526 4518 cesse
541 4457 594 4519 est
608 4452 719 4535 igitur,
744 4458 782 4519 ut
797 4456 930 4537 praeter
946 4453 1124 4521 facultates
1141 4455 1312 4521 naturales
1329 4454 1480 4521 omnibus
1496 4468 1668 4521 communes

526 4637 582 4689 ¹S.
605 4636 707 4704 utem,
725 4635 752 4690 S.
771 4635 854 4689 theol.
875 4637 899 4699 1,
917 4636 943 4701 2,
961 4654 988 4706 q.
1008 4638 1032 4701 6,
1052 4654 1076 4691 a.
1097 4637 1112 4690 7
1131 4636 1165 4691 ad
1185 4638 1210 4692 2.

524 4723 595 4778 ‘Gi
615 4726 738 4792 Laetus,
763 4724 803 4777 De
821 4723 926 4777 iustitia
943 4728 972 4777 et
990 4724 1048 4779 iure
1074 4724 1092 4778 l.
1112 4725 1143 4789 2,
1169 4742 1193 4779 c.
1215 4726 1263 4791 ΙΙ,
1289 4724 1352 4780 duh.
1371 4729 1403 4791 4,
1423 4726 1440 4793 fi
1459 4726 1509 4792 20,
1528 4730 1555 4779 st
1572 4722 1627 4777 dub.
1644 4720 1667 4772 6.

434 4814 548 4881 Suam,
566 4802 607 4864 De
625 4810 733 4878 legibus
752 4812 775 4876 1,
794 4830 817 4866 c.
840 4814 880 4877 ΙΙ,
900 4812 916 4881 fi
937 4813 977 4868 10.

524 4900 595 4954 ⁸0f.
614 4902 642 4954 S.
665 4900 757 4952 Thom.
777 4901 800 4965 l,
819 4900 845 4964 2,
864 4918 890 4970 q.
909 4902 1024 4955 49—55.
1050 4902 1165 4971 Sacrae,
1183 4900 1306 4972 Metaph.
1326 4902 1394 4971 disp.
1413 4905 1458 4957 44.
1496 4904 1586 4969 Rodcs,
1603 4895 1666 4952 Phil.

434 4988 548 5059 peripat.
567 4988 585 5043 l.
604 4989 629 5052 2,
648 4988 717 5056 disp.
737 4988 779 5041 18.
798 4988 815 5042 9
834 4992 858 5042 4.
894 4992 934 5042 De
952 4991 1084 5057 Masada,
1104 4990 1207 5043 Cursus
1225 4990 1322 5059 philos.
1342 5008 1367 5060 p.
1387 4990 1434 5045 ΙΙΙ.
