3909 5842
566 668 647 724 Notio
666 670 733 725 iuris
752 670 786 725 eb
805 671 864 726 eius
882 671 935 727 fine
955 671 1037 727 ideali
1054 671 1217 727 illustratur.
1448 678 1513 742 375

266 871 367 933 quem
399 855 508 916 rectus
540 850 619 916 ordo
652 849 783 916 socialis
807 871 827 916 a
851 849 959 916 divino
991 853 1126 917 auctore
1157 850 1327 918 societatis
1355 851 1512 920 intentus.

267 958 356 1042 Ergo
388 953 492 1021 omnis
522 955 685 1022 obiectiva
715 955 841 1022 iustitia
869 957 1014 1024 finaliter
1044 965 1160 1024 rectum
1192 959 1338 1024 socialem
1368 960 1513 1026 ordinem

266 1062 412 1147 respicit,
444 1065 478 1129 et
506 1061 633 1128 iustitia
662 1061 791 1144 quidem
818 1061 966 1148 ,legalis“
993 1064 1036 1129 ad
1058 1067 1183 1129 rectam
1215 1064 1514 1130 subordinationem

266 1169 470 1251 singulorum
486 1168 703 1235 membrorum
716 1169 757 1236 ad
770 1169 924 1236 socialem
937 1170 1108 1248 unitatem,
1125 1169 1252 1236 iustitia
1266 1169 1510 1250 ,distributioo“

267 1277 311 1342 ad
342 1281 431 1344 recte
462 1274 677 1341 ordinandum
706 1275 865 1340 influxum
896 1275 1043 1354 vitalem,
1075 1275 1131 1358 qui
1160 1276 1201 1341 ab
1232 1275 1293 1340 hac
1320 1274 1448 1343 unitate
1471 1278 1513 1343 ad

265 1384 398 1466 singula
416 1382 569 1448 'membra
584 1381 764 1458 descendit,
788 1380 915 1448 institia
931 1385 1043 1448 autem
1062 1381 1322 1463 ,commutetica“
1340 1382 1381 1447 ad
1396 1381 1512 1448 horum

264 1491 392 1555 rectem
415 1489 502 1555 inter
525 1508 561 1554 se
584 1486 861 1553 coordinationem
883 1487 1050 1571 pertinere
1072 1487 1277 1569 intellegitur
1286 1491 1307 1556 ¹.

266 1630 341 1702 443.
433 1627 592 1701 Probatur
612 1625 664 1698 11⁰.
701 1631 753 1697 Es
775 1635 906 1716 proprio
927 1631 1139 1714 fondamento
1156 1634 1360 1710 necessitatis,
1384 1653 1448 1716 quc
1463 1635 1516 1697 ius

264 1741 302 1804 in
327 1739 446 1804 mundo
469 1737 585 1802 morell
607 1743 769 1823 tamquam
788 1741 984 1824 postulatum
1005 1740 1143 1802 rationis
1167 1739 1278 1803 invicte
1302 1741 1448 1822 exigitur.

357 1843 518 1926 Quidquid
541 1864 614 1908 cum
638 1848 728 1911 certo
752 1848 890 1910 naturae
914 1845 977 1910 fine
1000 1843 1049 1911 ita
1072 1845 1269 1910 intrinsecus
1292 1849 1327 1911 et
1342 1842 1512 1927 insepara-

264 1951 378 2016 biliter
402 1949 566 2024 cohaeret,
590 1952 627 2014 ut
651 1949 694 2016 ad
717 1970 791 2015 eum
814 1953 984 2033 tamquam
1002 1951 1144 2016 medium
1159 1950 1344 2016 formaliter
1359 1971 1512 2016 necessa-

266 2057 353 2122 rium
383 2055 567 2138 ontologice
597 2055 799 2137 praerequiri
822 2055 1046 2138 intellegatur,
1076 2055 1110 2121 id
1133 2076 1251 2122 revera
1274 2057 1316 2122 ad
1339 2056 1430 2121 illum
1453 2077 1512 2122 na-

265 2167 364 2229 turae
397 2163 493 2227 finem
526 2161 568 2226 ab
599 2165 732 2226 auctore
762 2164 901 2227 naturae
931 2162 1115 2228 ordinatum
1147 2183 1219 2228 esse
1250 2162 1420 2228 dicendum
1450 2165 1512 2230 est.

267 2271 369 2356 Atqui
401 2269 442 2334 ad
474 2271 600 2334 rectum
630 2267 785 2333 socialem
818 2267 974 2347 ordinem,
1009 2289 1104 2351 quem
1134 2268 1265 2334 aliunde
1296 2267 1513 2334 certissimum

266 2381 408 2442 naturae
431 2377 528 2441 finem
552 2396 572 2441 a
596 2375 750 2440 Creatore
779 2373 940 2441 intentum
971 2395 1045 2440 esse
1074 2374 1235 2454 novimus,
1265 2375 1317 2440 ius
1344 2380 1512 2458 tamquam

268 2483 409 2548 medium
423 2481 606 2547 formaliter
618 2481 837 2548 necessarium
855 2483 1040 2565 ontologiee
1055 2481 1258 2567 praerequiri
1276 2483 1348 2564 quis
1365 2481 1512 2548 dubitet?

267 2591 356 2674 Erpa
385 2588 500 2654 eadem
523 2587 688 2654 Crantoris
717 2587 899 2655 intentione
929 2588 1118 2654 universum
1148 2589 1199 2653 ius
1229 2588 1271 2654 ad
1297 2587 1383 2653 hunc
1405 2587 1512 2672 ipsum

266 2699 376 2774 finem,
389 2697 514 2760 rectum
527 2693 660 2775 inquam
672 2693 825 2760 socialem
843 2693 990 2759 ordinem
1005 2695 1093 2760 inter
1108 2694 1255 2760 homines
1271 2695 1512 2760 informandum

266 2807 304 2894 et
327 2801 490 2868 stabiliter
514 2801 771 2866 conservandum
796 2801 954 2868 destinari
978 2801 1096 2867 merito
1120 2802 1351 2868 concludimus.

357 2909 490 2975 Maior
512 2907 596 2974 satis
618 2929 677 2990 per
700 2928 736 2973 se
754 2907 874 2990 liquet;
899 2909 1031 2973 minor
1054 2914 1163 2975 autem
1180 2913 1274 2993 patet
1290 2929 1332 2974 ex
1348 2907 1512 2975 constanti

265 3016 425 3084 historica
447 3014 652 3098 experientia
675 3014 808 3097 eiusque
826 3035 985 3080 consensu
1001 3036 1073 3081 cum
1091 3015 1253 3081 communi
1268 3013 1422 3081 rationali
1436 3035 1511 3097 per·

264 3121 429 3200 suasione,
455 3143 518 3204 qua
542 3120 688 3186 homines
704 3121 790 3186 omni
807 3125 955 3205 tempore
971 3126 1098 3187 rectum
1113 3121 1243 3187 socialis
1259 3121 1349 3187 vitae
1365 3120 1511 3186 ordinem

264 3251 310 3296 ax
340 3227 570 3294 conformitate
594 3249 667 3293 cum
690 3227 769 3293 iuris
793 3249 851 3294 seu
875 3228 1057 3295 obiectivae
1081 3227 1227 3294 iustitiae
1249 3226 1372 3292 normis
1395 3225 1511 3292 diiudi-

264 3357 343 3402 care
366 3339 615 3401 consueverunt.

263 3473 338 3545 444.
429 3469 620 3544 Corollaria:
654 3474 679 3539 Ι.
708 3474 763 3539 Ius
792 3474 894 3558 igitur
924 3474 1112 3540 universum
1142 3479 1233 3541 recte
1264 3474 1446 3558 concipitur
1475 3479 1512 3541 ut

265 3579 431 3646 vinculum
456 3579 580 3645 morale
603 3581 770 3665 proprium
793 3581 950 3647 divinitus
973 3581 1151 3665 provisum,
1176 3601 1240 3662 quo
1263 3579 1350 3646 inter
1364 3580 1512 3646 homines

265 3687 443 3752 secundum
467 3685 573 3751 ideam
597 3686 629 3751 in
654 3692 774 3754 natura
797 3687 910 3754 sociali
933 3709 1124 3772 expressam
1148 3687 1353 3769 organismos
1380 3688 1512 3754 socialis

266 3798 301 3859 et
324 3793 507 3859 formaliter
530 3797 682 3859 nectatur
706 3797 740 3859 et
762 3793 796 3859 in
819 3815 879 3860 sua
896 3793 1064 3860 essentiali
1079 3793 1271 3874 integritate
1287 3798 1510 3862 conservetur.

266 3900 311 3964 Et
334 3898 492 3982 siquidem
517 3899 651 3964 moralis
674 3899 880 3982 organismus
904 3900 1090 3982 analogiam
1108 3899 1271 3981 quandam
1288 3921 1360 3965 cum
1376 3901 1512 3984 physico

267 4025 403 4090 corpore
434 4004 588 4087 organico
618 4026 697 4089 prae
727 4026 763 4071 se
793 4006 869 4084 fert,
901 4027 965 4072 non
995 4005 1160 4072 immerito
1187 4005 1407 4090 persimilem
1431 4027 1512 4072 ana-

266 4111 387 4195 logiam
411 4110 632 4177 concludimus
656 4113 801 4178 ordinem
824 4113 943 4178 iurium
966 4112 1095 4178 ratione
1115 4112 1167 4177 sui
1182 4112 1255 4178 finis
1270 4112 1304 4178 id
1319 4112 1425 4196 ipsum
1440 4113 1512 4179 fere

267 4238 339 4283 esse
362 4238 421 4302 pro
438 4217 624 4300 organismo
641 4218 764 4298 sociali,
790 4218 876 4300 quod
891 4238 951 4303 pro
968 4217 1156 4302 organismo
1171 4218 1306 4302 physico
1323 4223 1374 4285 est
1390 4218 1511 4284 ossium

267 4328 366 4406 atque
389 4344 564 4389 nervorum
588 4345 773 4408 compages.

265 4461 336 4534 445.
426 4463 469 4532 ΙΙ.
494 4463 616 4530 Rectus
640 4464 730 4531 vitae
754 4465 884 4531 socialis
908 4465 998 4545 ordo,
1029 4487 1068 4532 eo
1097 4467 1169 4550 ipso
1192 4464 1279 4549 quod
1301 4465 1375 4530 finis
1398 4465 1513 4532 idealis

268 4573 318 4634 est
342 4570 488 4635 universi
510 4569 600 4648 iuris,
625 4591 739 4636 verum
762 4591 890 4654 quoque
907 4593 946 4638 ac
962 4573 1129 4657 proprium
1143 4575 1303 4639 rationale
1316 4572 1512 4654 fondamen-

266 4685 332 4740 tum
356 4675 462 4741 omnis
485 4675 566 4740 iuris
590 4676 745 4743 exhibeat
768 4697 901 4743 necesse
924 4683 986 4746 est.
1003 4715 1048 4724 -
1062 4678 1236 4746 Rationale
1252 4677 1372 4763 quippe
1394 4679 1512 4745 funda·

267 4785 413 4848 mentum
437 4782 573 4848 alieuius
596 4783 644 4848 rei
667 4785 698 4848 id
723 4805 794 4849 esse
818 4789 958 4863 constat,
983 4786 1017 4850 vi
1041 4786 1132 4852 cuius
1149 4786 1207 4850 illa
1222 4789 1392 4868 tamquam
1407 4786 1512 4868 logice

358 5005 365 5036 ¹
387 5005 416 5056 S.
436 5003 526 5056 Tleom.
543 5004 566 5072 1,
584 5002 610 5066 2,
629 5020 655 5072 q.
669 5003 711 5061 21.
732 5003 786 5058 a.3
805 5005 836 5066 4;
857 5019 883 5072 q.
899 5005 957 5070 114,
977 5021 1002 5058 a.
1016 5005 1046 5065 1;
1066 5003 1092 5069 2,
1111 5004 1136 5068 2,
1155 5020 1181 5072 q.
1196 5003 1238 5070 st,
1256 5021 1281 5058 a.
1297 5005 1327 5067 1;
1347 5021 1373 5074 q.
1387 5004 1430 5070 el,
1449 5020 1474 5057 a.
1489 5003 1513 5058 1.
