3909 5842
437 675 502 739 238
653 670 742 726 Sectis
761 672 781 726 Ι.
819 671 900 728 Liber
918 673 966 729 lIl.
1004 675 1093 745 Caput
1112 675 1146 732 ll.
1183 675 1323 730 Articulus
1342 677 1366 730 ὃ.
1404 675 1464 744 51.

435 849 558 916 omissa
574 849 766 932 quaestione
783 853 867 916 iaris
882 851 988 916 solum
1004 852 1154 934 quaestio
1162 853 1245 936 sacti
1261 851 1497 930 consideratur,
1522 853 1690 919 actualem

435 956 563 1022 scilicet
585 955 751 1022 hominum
776 959 1003 1041 experientiam
1027 961 1227 1042 consulendo,
1255 979 1310 1024 res
1333 959 1444 1040 aliqua
1467 959 1692 1042 explicatione

434 1063 571 1146 indiget.

524 1171 742 1255 Promulqatio
765 1171 929 1235 nataralia
952 1170 986 1252 (i.
1011 1191 1039 1236 e.
1065 1191 1126 1254 ope
1150 1169 1300 1252 rationis)
1324 1170 1393 1237 lieri
1414 1191 1476 1236 non
1494 1174 1609 1254 potest
1625 1173 1691 1235 nisi

430 1297 492 1360 per
511 1278 677 1361 prinicipic
690 1279 856 1360 generalia
870 1299 977 1362 perse
993 1285 1077 1358 noto,
1102 1296 1121 1340 e
1137 1277 1254 1358 quibus
1270 1275 1343 1341 dein
1361 1276 1535 1342 activitate
1551 1276 1691 1342 rationis

435 1381 659 1447 conclusiones
683 1383 854 1458 ducantur,
879 1404 900 1447 a
923 1383 1184 1464 generalioribus
1201 1383 1242 1448 ad
1259 1383 1476 1466 particulares
1492 1387 1526 1448 et
1542 1387 1690 1448 remotas

435 1488 670 1554 descendendo.
701 1487 764 1552 Hic
788 1489 877 1553 solue
901 1489 987 1554 enim
1012 1489 1229 1572 cognoscendi
1246 1489 1361 1554 modus
1377 1489 1530 1556 rationali
1547 1494 1690 1556 naturae

434 1595 702 1662 accommodatus
725 1598 787 1659 est.

522 1704 636 1788 ltaque
659 1703 705 1766 ad
726 1703 1012 1787 prorrraigctionem
1035 1703 1112 1788 lepis
1135 1703 1298 1767 naturalis
1321 1725 1360 1767 ea·
1379 1710 1473 1787 parte
1496 1705 1690 1789 legislatore

435 1810 498 1874 duo
521 1811 734 1894 requirantur
756 1816 785 1873 ct
807 1809 993 1892 sufficiant:
1018 1810 1046 1874 l.
1071 1815 1107 1874 at
1129 1809 1404 1874 universalissima
1419 1810 1496 1894 lepis
1508 1811 1688 1894 principia,

433 1915 466 1980 in
490 1914 607 1998 quibus
630 1913 818 1981 virtualiter
839 1917 913 1980 tota
936 1914 992 1979 lex
1015 1913 1210 1990 continetur,
1235 1918 1310 1998 post
1333 1914 1499 1980 evolutam
1523 1915 1689 1980 rationem

433 2019 557 2085 bomini
580 2023 687 2106 ignota
711 2042 778 2086 esse
800 2043 864 2086 aon
886 2023 1018 2105 possint,
1043 2023 1076 2084 et
1101 2022 1130 2085 2.
1155 2027 1191 2084 at
1215 2042 1251 2084 ea
1276 2022 1370 2085 etiam
1393 2022 1615 2086 ratiocinandi
1635 2020 1689 2103 fa·

434 2129 549 2192 saltate
571 2126 667 2192 homo
691 2126 888 2192 naturaliter
912 2125 1081 2210 praeditus
1104 2125 1158 2204 sit,
1184 2147 1258 2208 qua,
1282 2127 1425 2193 servatis
1448 2130 1587 2193 naturae
1610 2148 1689 2192 con·

433 2233 613 2298 dicionibus
641 2236 778 2299 internis
808 2239 842 2298 et
871 2235 1025 2314 oeternis,
1056 2233 1248 2298 nominatim
1279 2232 1470 2312 socialibus,
1500 2233 1687 2314 generatim

432 2341 546 2406 valeat
575 2338 676 2406 etiam
706 2339 871 2423 practicae
902 2337 1128 2404 conclusiones
1158 2339 1318 2418 derivare,
1350 2340 1468 2406 saltem
1499 2359 1567 2411 eas,
1601 2357 1688 2421 quae

433 2445 655 2512 essentialiter
678 2444 885 2511 necessariae
908 2448 986 2510 eunt
1004 2444 1046 2509 ad
1063 2445 1224 2529 agendam
1240 2445 1342 2512 vitam
1359 2445 1478 2512 rationi
1495 2465 1687 2526 congruam.

432 2552 566 2617 Minime
597 2571 676 2616 vero
707 2550 893 2632 requiritur,
925 2554 963 2615 ut
993 2570 1107 2616 omnes
1137 2551 1283 2616 homines
1312 2551 1440 2633 aequali
1465 2551 1630 2617 facilitate
1653 2557 1689 2616 et

433 2657 556 2723 ambitu
588 2655 649 2721 hae
672 2656 823 2722 notiones
846 2655 908 2722 sibi
932 2656 1102 2738 acquirere
1126 2657 1262 2739 possint,
1291 2657 1345 2720 vel
1368 2657 1401 2720 in
1425 2655 1689 2723 conclusionibus
1793 2671 1794 2678 ’

432 2761 586 2846 singulis,
620 2761 832 2843 quantumvis
863 2763 1001 2828 remotis
1036 2766 1071 2828 et
1102 2763 1298 2845 complexis,
1332 2761 1438 2827 omnis
1471 2763 1688 2830 accidentalis

431 2868 621 2952 ignorantia
644 2873 678 2934 et
701 2889 793 2934 error
815 2867 1014 2936 naturaliter
1037 2869 1240 2934 excludatur.
1288 2867 1324 2932 Id
1348 2869 1433 2933 enim
1459 2868 1520 2953 ipsi
1544 2875 1687 2937 naturae

430 2973 620 3040 limitationi
642 2980 676 3041 et
699 2973 841 3041 naturali
866 2973 1032 3040 hominum
1057 2974 1284 3056 inaequalitati
1309 2975 1561 3042 contradiceret.

521 3079 643 3157 Quibus
665 3081 855 3165 praemissis
878 3081 943 3146 iem
968 3081 1153 3162 quaeritur:
1179 3081 1284 3161 qualis
1308 3081 1433 3146 censeri
1458 3082 1577 3148 debeat
1600 3084 1686 3166 legis

431 3187 592 3254 naturalis
608 3187 838 3272 promulgatio,
864 3208 948 3270 quae
971 3187 1149 3253 universim
1166 3209 1224 3272 pro
1238 3191 1400 3272 praesenti
1423 3198 1562 3254 naturae
1586 3199 1683 3272 stata

430 3297 518 3359 teste
540 3293 775 3377 psychologica
791 3298 825 3360 et
840 3293 999 3359 historica
1014 3293 1228 3378 experientia,
1253 3293 1451 3360 naturaliter
1467 3299 1600 3378 praesto
1617 3296 1684 3361 sit?
1791 3359 1792 3362 ,

519 3398 575 3464 Cui
607 3399 791 3481 quaestioni
821 3400 960 3483 primum
992 3398 1122 3480 quidem
1149 3402 1326 3484 perscrutata
1357 3399 1405 3464 ita
1428 3399 1683 3483 respondemus:

428 3505 653 3587 Promulgatio
683 3505 766 3588 legis
796 3506 958 3571 naturalis
988 3505 1165 3570 secundum
1197 3504 1387 3570 essentialia
1418 3527 1479 3572 sua
1512 3507 1682 3589 requisita,

428 3632 512 3693 quae
536 3633 578 3676 ex
595 3617 715 3678 natura
734 3612 783 3678 rei
799 3613 993 3696 deprompta
1008 3633 1108 3695 supra
1124 3611 1309 3686 statuimus,
1334 3611 1381 3678 ita
1398 3611 1430 3676 in
1448 3613 1535 3678 omni
1551 3611 1683 3678 homine

428 3738 489 3800 ope
519 3717 680 3783 naturalis
710 3718 840 3782 luminis
868 3717 1005 3783 rationis
1029 3721 1152 3794 exstat,
1183 3719 1220 3781 ut
1243 3717 1363 3782 nemini
1394 3719 1529 3785 evoluta
1553 3719 1682 3785 ratione
1790 3787 1791 3808 χ

427 3824 533 3888 utenti
545 3825 683 3908 physica
698 3824 848 3908 potentia
865 3824 949 3889 desit
965 3823 1055 3888 illam
1073 3823 1275 3889 sufficienter
1285 3823 1513 3908 cognoscendi.
1540 3825 1681 3890 Verum·
1790 3813 1791 3882 Τ

427 3934 538 3995 tamen
562 3929 643 3994 haec
663 3930 824 4014 potentia,
848 3930 982 3995 tametsi
998 3929 1133 4014 physice
1149 3929 1281 4010 integra
1296 3936 1331 3996 et
1347 3930 1523 4008 sufficiens,
1548 3931 1581 3995 in
1598 3932 1681 3996 reali

427 4039 519 4102 statu
542 4036 672 4119 generis
695 4035 828 4100 humani
852 4057 916 4100 non
940 4056 979 4101 ea
1002 4035 1150 4119 practica
1173 4035 1335 4101 facilitate
1354 4037 1396 4102 ad
1412 4058 1505 4102 usum
1523 4038 1681 4121 expedita

426 4147 575 4226 apparet,
599 4143 729 4225 qualem
752 4143 836 4224 legis
860 4142 1007 4207 efficacia
1030 4163 1094 4206 non
1118 4143 1223 4206 solum
1247 4141 1391 4226 physice,
1416 4142 1591 4208 sedetiam
1608 4166 1679 4209 mo-

426 4249 542 4314 raliter
564 4247 730 4314 sufficiens
754 4253 906 4330 respectu
930 4247 1071 4312 omnium
1097 4247 1262 4312 hominum
1287 4247 1420 4330 exigere
1444 4247 1586 4315 videtur.
1635 4251 1680 4316 Et
1789 4227 1790 4248 1

426 4357 510 4422 hanc
534 4355 662 4438 quidem
688 4353 907 4420 deficientiam
930 4374 995 4418 non
1020 4375 1040 4419 a
1063 4353 1174 4418 divina
1198 4353 1414 4432 institutione,
1438 4353 1497 4418 sed
1521 4359 1678 4424 amorali

426 4462 565 4528 hominis
595 4462 690 4545 lapsu
720 4462 879 4544 originem
909 4461 1087 4543 sumpsisse
1117 4460 1285 4543 theologia
1315 4481 1357 4526 ex
1388 4461 1518 4527 divinae
1546 4465 1678 4530 revela·

423 4569 523 4634 tionis
553 4567 645 4634 fonte
670 4569 884 4644 demonstrat,
917 4567 1077 4647 simulque
1100 4567 1279 4632 remedium
1303 4572 1436 4652 praeter
1458 4573 1601 4634 naturae
1625 4591 1677 4636 or-
1788 4651 1789 4656 ἵ

423 4675 530 4740 dinem
561 4673 726 4758 provisum
756 4672 889 4750 indicat,
922 4694 985 4754 quo
1010 4673 1193 4739 misericors
1218 4675 1307 4738 Deus
1330 4675 1420 4740 illam
1446 4674 1678 4742 liberalissime

423 4781 582 4846 resarcire
605 4781 757 4846 voluerit.

423 4901 492 4974 269.
583 4905 627 4971 ut
650 4904 809 4986 siquidem
834 4923 987 4984 umquam
1012 4923 1115 4984 genus
1132 4902 1308 4968 humanum
1325 4903 1524 4970 destinatum
1542 4905 1676 4986 luisset,

424 5014 460 5076 ut
486 5013 519 5075 ia
543 5019 627 5074 stata
643 5033 725 5095 pare
740 5012 887 5075 naturali
903 5009 1010 5090 legem
1027 5007 1211 5072 naturalem
1229 5007 1431 5086 observaret,
1456 5009 1590 5076 dubium
1608 5033 1676 5080 non
