3909 5842
444 676 508 739 126
675 668 765 723 Saotio
784 668 804 723 1.
842 668 923 724 Liber
941 670 975 724 II.
1016 668 1106 739 Caput
1124 671 1144 724 I.
1183 668 1322 723 Articulus
1342 671 1366 725 1.
1403 668 1465 735 §3-

442 848 756 915 eudaemonistioum
779 846 850 914 sive
874 848 1327 931 deontologioo-rationalem,
1356 868 1437 932 prae
1461 848 1568 914 altero
1592 848 1685 933 parti·

443 956 565 1040 oipant.
611 954 719 1032 Quare
741 952 786 1018 nil
810 954 957 1039 impedit,
982 954 1154 1037 quominus
1177 955 1355 1020 secundum
1379 954 1464 1021 hanc
1484 954 1685 1037 generalissi-

443 1082 532 1128 mam
555 1060 829 1146 appretiationem
854 1064 973 1127 cuncta
995 1062 1195 1128 moralitatis
1218 1061 1379 1146 principia
1394 1062 1436 1127 ad
1453 1062 1611 1147 duplicem
1624 1060 1685 1125 fere

444 1169 584 1235 classem
612 1188 650 1233 ac
675 1167 972 1233 denominationem
996 1168 1213 1234 reducantur:
1244 1169 1395 1246 alteram,
1427 1188 1512 1251 quae
1536 1167 1685 1252 principia

446 1278 723 1357 eudaemoniotica,
748 1276 900 1354 alteram,
916 1296 1002 1357 quae
1019 1277 1421 1362 deoatolopico-rctionolic
1437 1274 1686 1359 comprehendit.

445 1381 629 1463 Utramque
651 1384 762 1447 autem
778 1382 897 1448 iterum
914 1404 974 1466 pro
991 1382 1093 1449 variis
1109 1382 1214 1448 modis
1229 1386 1265 1449 et
1279 1382 1438 1465 gradibus
1453 1382 1686 1463 subdistingue-

445 1509 527 1554 mus.
559 1486 682 1565 Quibus
704 1488 894 1572 praemissis
916 1488 1094 1572 praecipua
1115 1488 1285 1572 utriusque
1300 1487 1416 1555 classis
1432 1488 1594 1572 principia
1608 1508 1686 1552 sum·

447 1595 550 1661 mario
574 1594 683 1677 aliquo
707 1598 884 1678 conspectu
907 1594 1052 1661 lustrare
1075 1594 1184 1671 iuvat;
1208 1595 1362 1673 lustrare,
1387 1594 1532 1678 inquam,
1556 1630 1600 1638 —
1620 1614 1686 1657 nam

446 1702 575 1786 plenius
603 1700 764 1767 illustrari
792 1700 924 1783 singula
946 1704 1123 1783 nequeunt,
1155 1701 1219 1766 nisi
1242 1702 1421 1787 explanato
1445 1700 1544 1765 simul
1567 1700 1687 1782 integro

447 1806 675 1892 philosophiae
698 1810 892 1889 systemate,
921 1806 1007 1890 quod
1031 1807 1205 1890 unicuique
1229 1828 1340 1873 eorum
1362 1807 1542 1892 respondet
1565 1806 1688 1888 eiusque
1766 1806 1767 1811 ’

447 1913 552 1979 veluti
574 1912 700 1978 semina
723 1912 885 1986 continet;
910 1934 994 1995 quae
1016 1914 1212 1980 luculentior
1227 1913 1389 1999 expositio
1405 1915 1525 1980 merito
1541 1912 1688 1979 historiae
1766 1954 1767 1965 2

448 2018 672 2105 philosophiae
695 2019 896 2084 reservanda
920 2020 1060 2086 videtur.
1768 2036 1769 2043 ’

764 2194 784 2247 l.
804 2196 948 2261 Principio
966 2194 1130 2247 moralitatis
1148 2194 1381 2247 eudaemouiatica.

541 2308 569 2369 1.
606 2304 896 2369 Eudaemoniamae
931 2305 1119 2368 subiectione
1154 2324 1208 2367 eeu
1245 2304 1489 2367 individualia¹.
1538 2300 1588 2365 Εο
1621 2320 1687 2383 per·

448 2410 575 2477 tinent:

449 2550 517 2623 158.
606 2550 641 2625 a)
664 2550 905 2634 Epicureismue
932 2552 1065 2615 morulis
1088 2550 1307 2629 (hedonismae
1337 2570 1392 2615 scu
1420 2548 1688 2614 eudaemoniamus

450 2656 634 2735 sensualis),
665 2676 761 2738 quem
793 2657 1010 2740 profitebatur
1033 2657 1120 2723 iuter
1143 2664 1259 2721 veteres
1282 2655 1394 2721 schola
1417 2657 1579 2740 ⁴drc'etippi
1603 2656 1687 2739 Cyre·

451 2766 559 2829 111111
582 2767 617 2828 et
637 2764 774 2849 Epicuri
797 2762 896 2841 (unde
920 2768 955 2829 et
977 2763 1116 2845 vulgare
1139 2782 1257 2827 nornen
1282 2761 1312 2825 ei
1334 2759 1497 2843 accessit).
1530 2760 1687 2826 Summum

450 2869 606 2936 videlicet
628 2868 768 2934 hominis
792 2870 906 2935 bonum
929 2868 1146 2951 ultimumque
1169 2870 1266 2933 finem
1291 2866 1452 2951 Epicurus
1474 2866 1508 2931 in
1532 2868 1688 2951 voluptate.

449 2975 571 3041 malum
594 2976 627 3040 in
651 2976 767 3057 dolore,
790 2996 950 3041 summam
975 2978 1085 3041 autem
1110 2974 1314 3059 voluptatem
1338 2974 1370 3039 in
1392 2974 1537 3039 absoluto
1554 2974 1687 3039 1111111111

450 3084 570 3147 doloris
592 3082 711 3165 posuit.
743 3081 937 3165 Supremam
961 3082 1064 3163 igitur
1086 3082 1176 3147 vitas
1200 3082 1347 3163 regulam
1372 3080 1495 3145 homini
1516 3080 1688 3161 ceterisque

449 3188 671 3256 animantibus
701 3210 903 3254 communem
936 3208 1009 3253 esse
1041 3188 1271 3255 existimabat:
1302 3188 1414 3275 supere
1437 3189 1574 3255 dolorem
1596 3190 1688 3265 atoue

452 3305 593 3382 expelere
616 3298 812 3381 uoluptatem.
845 3296 896 3359 Ad
921 3294 1009 3377 quod
1031 3295 1233 3361 suadendum
1256 3299 1357 3377 negat
1381 3314 1463 3377 opus
1481 3313 1554 3358 esse
1568 3292 1688 3357 ratione

450 3408 508 3469 aut
531 3401 762 3487 disputatione,
787 3422 859 3466 cum
883 3405 1004 3467 natura
1024 3400 1105 3465 duce
1127 3400 1190 3484 ipsi
1212 3422 1327 3466 sensus
1351 3399 1518 3465 criterium
1542 3396 1688 3463 submini-

450 3511 558 3574 strant
569 3509 591 3573 ².
624 3508 769 3571 Prodico
791 3508 903 3570 tamen
927 3505 1064 3571 eandem
1087 3505 1236 3588 regulam
1259 3506 1307 3571 ita
1330 3505 1492 3589 explicat:
1522 3502 1687 3583 „Quoniam

450 3614 605 3697 voluptas
635 3613 774 3697 primum
802 3617 903 3694 atque
932 3612 1066 3677 insitum
1097 3612 1216 3677 bonum
1244 3616 1305 3691 est,
1337 3612 1457 3677 ideirco
1481 3632 1546 3675 non
1568 3628 1686 3675 omnem

450 3721 654 3803 voluptatem
679 3719 846 3801 eligimus;
878 3740 994 3783 verum
1017 3718 1207 3801 saepissimo
1231 3718 1404 3802 plerasque
1425 3714 1685 3799 transgredimur.

450 3826 581 3909 quando
605 3848 647 3891 ex
669 3827 721 3891 his
744 3826 850 3891 maior
872 3847 932 3890 nos
954 3824 1106 3891 molestia
1129 3824 1285 3906 sequitur,
1311 3824 1504 3907 doloresque
1528 3820 1686 3888 nonnullos

450 3934 676 4017 voluptatibus
698 3936 870 4016 praestare
893 3933 1101 4009 arbitramur,
1127 3931 1388 4014 quandoquidem
1411 3951 1454 3995 ex
1473 3928 1597 3995 diutina
1610 3926 1684 3993 tole·

450 4042 579 4107 ratione
609 4039 756 4104 dolorum
780 4038 885 4103 maior
907 4059 967 4103 nos
990 4038 1145 4121 voluptas
1169 4038 1324 4120 sequitur.
1351 4088 1357 4103 .
1384 4090 1391 4102 .
1418 4090 1424 4102 .
1457 4036 1588 4103 Utimur
1609 4032 1682 4099 enim

544 4213 788 4268 ¹Eudaemonismi
813 4230 863 4265 sen
888 4211 1057 4265 utilitarismi
1082 4214 1140 4265 tum
1166 4210 1341 4265 individualis
1366 4213 1425 4263 turn
1451 4209 1561 4264 socialis
1584 4209 1682 4274 eiusque

450 4304 624 4358 successivae
643 4302 806 4356 evolationis
825 4302 944 4355 lucidum
964 4304 1139 4371 conspectum
1160 4300 1241 4355 simul
1260 4318 1320 4353 cum
1341 4298 1445 4353 criticis
1458 4294 1682 4353 animadversioni·

451 4394 501 4447 bns
515 4393 629 4463 praehet
642 4394 675 4446 L.
690 4394 800 4446 cuma
813 4391 841 4443 in
854 4408 936 4461 opero
951 4390 1005 4455 „La
1018 4389 1120 4443 morale
1135 4390 1293 4453 utilitairs“‚
1314 4388 1392 4441 Paris
1407 4388 1476 4441 1875
1491 4390 1618 4453 (ouvrage
1629 4400 1681 4437 coo·

450 4486 534 4535 ronne
552 4498 602 4552 par
619 4482 777 4535 l'academie
796 4481 844 4533 des
862 4480 985 4533 sciences
1004 4478 1121 4533 morales
1140 4481 1168 4531 et
1187 4476 1355 4547 politiones).
1392 4476 1433 4530 cf.
1453 4476 1552 4545 Guyau
1571 4476 1681 4542 inopem

451 4570 484 4623 de
503 4571 597 4624 eodem
616 4573 778 4637 argumento
796 4568 950 4637 conscripto
969 4570 998 4621 et
1016 4566 1098 4621 simul
1118 4584 1179 4620 cum
1199 4566 1247 4619 illo
1266 4566 1370 4635 pariter
1388 4570 1516 4618 coronato
1536 4560 1633 4632 (1819).

541 4658 603 4711 'Gt
616 4660 717 4724 Cicero,
727 4656 823 4710 Datin.
833 4656 964 4709 bonorum
974 4654 1144 4709 etmalorum
1157 4655 1180 4719 1,
1190 4654 1222 4717 9:
1233 4653 1257 4718 2,
1269 4654 1297 4717 33
1312 4652 1422 4707 Tnsenl.
1432 4652 1501 4722 disp.
1512 4654 1537 4717 3,
1551 4652 1588 4706 18.
1607 4648 1679 4719 Epist

453 4746 562 4817 Epicuri
574 4746 609 4800 ad
622 4746 795 4807 Menoetinm,
814 4762 895 4814 qnam
907 4746 994 4797 refert
1006 4743 1142 4811 Diogenes
1156 4742 1281 4796 Laertius
1296 4743 1337 4805 10,
1349 4741 1396 4795 ubi
1408 4742 1523 4795 asserit:
1542 4742 1587 4809 τὴν
1597 4736 1680 4808 ἡδοιὴν

452 4836 537 4906 ἀρχὴν
558 4836 601 4887 zui
622 4836 698 4894 τέλος
717 4835 829 4902 λέγομεν
854 4834 919 4886 εἶναι
944 4837 992 4885 τοῦ
1016 4834 1157 4899 μακαρίως
1183 4834 1228 4899 ζῆν
1245 4858 1281 4869 -
1300 4832 1338 4890 ὡς
1362 4832 1450 4883 euadat
1475 4828 1514 4899 τῷ
1540 4830 1616 4882 adda
1639 4828 1679 4876 ud>

452 4925 558 4991 urcem
581 4924 711 4991 κρίνοντες
737 4923 802 4989 (128
830 4923 895 4982 129,
921 4920 957 4974 cf.
984 4920 1019 4975 34
1045 4920 1096 4975 135
1109 4920 1164 4987 sq).
1189 4948 1223 4957 -
1247 4918 1367 4973 Eandem
1393 4917 1543 4972 doctrinam
1568 4912 1679 4985 exposuit

452 5014 597 5064 Lueretius
616 5014 713 5077 Correo,
733 5010 842 5079 Epicuri
861 5009 1019 5078 discipulus,
1038 5006 1114 5061 libris
1133 5008 1171 5061 Vl
1190 5006 1231 5060 De
1249 5024 1338 5061 rernm
1358 5010 1464 5061 natura.
