3909 5842
492 676 635 733 Hominem
654 677 739 733 libero
757 678 869 734 arbitrio
886 680 1040 751 praeditum
1059 696 1120 735 esse
1138 678 1298 735 ostenditur.
1475 689 1518 757 83

267 856 392 937 mendi
413 855 543 923 ratione
565 858 635 921 tum
659 855 793 939 privata
814 860 885 923 tum
909 855 1024 923 sociali
1047 859 1082 923 et
1103 855 1234 940 publica
1251 856 1373 940 iugiter
1387 882 1468 945 prae
1483 884 1519 931 se

267 961 400 1041 fenmt,
431 960 704 1045 quemadmodum
736 961 808 1027 fere
840 962 976 1046 sceptici
1006 962 1075 1027 suis
1104 962 1288 1029 actionibus
1323 968 1520 1049 profitentur

267 1068 513 1147 certitudinem,
537 1088 635 1150 quam
658 1067 770 1133 verbis
792 1072 918 1151 negant
939 1067 994 1133 vel
1017 1068 1051 1133 in
1074 1066 1207 1133 dubium
1230 1076 1361 1139 vocant.

356 1184 460 1269 Atqui
482 1183 640 1249 eiusmodi
662 1183 859 1249 universalis
882 1187 916 1250 et
938 1182 1134 1249 invincibilis
1151 1184 1320 1268 persuasio
1332 1208 1397 1254 non
1409 1193 1521 1275 potest

269 1309 334 1353 non
365 1308 441 1355 esse
471 1288 663 1355 immediata
685 1293 721 1355 et
743 1289 929 1355 certissima
950 1310 1010 1354 eoa
1032 1296 1172 1355 naturae
1194 1293 1366 1359 rationalis
1388 1297 1423 1360 et
1445 1296 1521 1365 hinc

201 1412 204 1417 ·
269 1395 374 1479 ipsius
398 1395 544 1463 auctoris
566 1400 707 1463 naturae
730 1396 841 1461 divino
863 1394 1052 1463 testimonio
1074 1382 1223 1465 firmata.

358 1503 450 1589 Erpa
477 1502 573 1569 salva
602 1522 685 1569 asna
713 1502 842 1569 ratiom
871 1502 1009 1569 liberum
1041 1502 1180 1569 hominis
1211 1504 1382 1572 arbitrium
1405 1510 1522 1593 negari

270 1608 397 1691 nequit.

359 1723 478 1792 Prob.
501 1724 636 1790 minor
660 1726 787 1791 adasa
805 1726 1018 1811 possibilitate
1040 1746 1125 1790 rnere
1147 1726 1335 1793 subiectione
1351 1730 1519 1798 illasiorna

360 1838 397 1922 a)
419 1838 523 1906 Nulla
543 1842 656 1925 potest
678 1839 841 1923 assignari
863 1838 1046 1905 subiectiva
1067 1838 1163 1919 ratio,
1188 1842 1291 1909 multo
1318 1842 1425 1908 minus
1451 1844 1520 1910 suf·

271 1946 384 2012 ficiens
400 1950 471 2013 tam
487 1946 670 2013 constantie
685 1946 918 2031 persuasionis,
942 1946 1077 2030 dempta
1099 1946 1169 2012 eius
1190 1946 1353 2015 obiectiva
1368 1950 1520 2018 veritato.

273 2052 405 2133 Contra,
429 2056 522 2118 certa
544 2056 658 2118 exstat
680 2052 864 2119 subiectira
879 2058 914 2119 et
928 2052 1163 2137 psychologica
1177 2052 1273 2133 ratio,
1297 2075 1381 2137 quae
1396 2056 1429 2120 in
1446 2060 1522 2124 ente

272 2158 429 2225 rationali
451 2162 582 2245 positive
604 2160 752 2242 postulat
774 2158 916 2242 eligendi
938 2159 1137 2238 libertatem,
1161 2165 1198 2226 ut
1218 2160 1251 2225 in
1266 2159 1362 2227 Prob.
1380 2162 1395 2227 l
1411 2166 1521 2229 osten·

274 2286 344 2330 snm
369 2268 431 2331 est.

361 2369 399 2455 b)
422 2372 562 2438 Divinae
585 2374 760 2454 anacteti,
791 2374 978 2457 sapientiae,
1011 2374 1174 2437 sanaitati
1200 2374 1340 2438 absolate
1366 2384 1523 2460 repugnat

275 2479 463 2544 universam
486 2477 632 2543 ordinem
647 2478 804 2543 moralem
822 2477 956 2560 eiusque
972 2476 1175 2543 sanctionem
1190 2498 1249 2561 per
1264 2478 1326 2543 Dei
1341 2478 1523 2549 hominum·

276 2604 337 2666 que
366 2584 627 2668 legislationem,
659 2604 787 2649 omnem
816 2582 1009 2649 indiciorum
1039 2604 1078 2649 ao
1109 2604 1287 2667 poenarum
1315 2592 1521 2669 apparatum,

276 2690 509 2772 obligationem
533 2695 568 2756 et
590 2690 880 2774 imputabilitatem
903 2690 1062 2755 moralem
1086 2689 1270 2771 etreliqua
1293 2691 1423 2759 vincula
1453 2714 1524 2761 mo·

275 2796 367 2874 ralia,
393 2797 512 2878 quibus
533 2797 713 2862 humanum
735 2818 840 2879 genus
862 2800 1031 2879 mmquam
1050 2796 1205 2862 libertato
1220 2797 1405 2880 praeditum
1421 2820 1442 2865 a
1457 2802 1525 2867 suis

276 2902 422 2968 exordiis
439 2903 514 2968 duci
530 2903 711 2981 consuevit,
735 2926 824 2969 mero
842 2912 869 2968 et
883 2906 1003 2969 invicta
1018 2905 1166 2969 illasione
1179 2903 1322 2985 fundari
1337 2926 1401 2970 non
1418 2906 1525 2973 minus

277 3009 400 3075 crudeli
422 3030 521 3093 quem
544 3009 696 3076 absurda.
715 3046 755 3055 -
772 3010 809 3073 Id
831 3010 939 3092 ipsum
962 3012 1084 3087 autom,
1108 3010 1240 3075 sublata
1262 3010 1402 3077 bominis
1424 3013 1524 3079 liber-

276 3120 346 3182 tate
368 3116 620 3195 indifferentiae,
645 3117 769 3198 absque
791 3116 859 3181 ullo
882 3115 1021 3181 rationis
1044 3114 1164 3197 effugio
1188 3116 1406 3199 consequitur.

276 3254 335 3325 113.
429 3254 649 3329 corollarium.
680 3256 761 3322 Inde
783 3256 950 3339 colligitur
972 3256 1006 3320 in
1021 3257 1189 3339 praesenti
1205 3256 1295 3323 vitae
1311 3262 1401 3324 statu
1418 3260 1523 3327 solam

278 3366 439 3432 actionem
463 3366 598 3431 liberam
620 3364 768 3449 perfeeto
786 3365 962 3429 hamanum
977 3362 1040 3428 dici
1056 3384 1163 3447 posse,
1187 3364 1208 3430 i.
1227 3384 1254 3430 e.
1271 3364 1383 3443 talem,
1401 3386 1484 3447 quae
1503 3390 1524 3433 a

277 3472 449 3537 voluntate
464 3476 579 3537 nostra
594 3470 771 3537 secundum
786 3469 953 3555 propriam
970 3470 1040 3535 eius
1056 3469 1176 3553 agendi
1191 3470 1352 3536 rationem
1365 3473 1522 3553 procedit.

569 3676 719 3752 dotanda
741 3678 782 3750 ad
807 3676 983 3752 solvendas
1005 3676 1227 3751 difficultates.

278 3820 338 3892 114.
429 3820 471 3889 A.
496 3825 700 3908 Antiquioris
722 3823 926 3888 scholasticae
949 3823 1093 3905 originis.

368 3940 398 4005 l.
423 3938 528 4004 Probe
546 3937 778 4020 distinguenda
793 3940 846 4002 est
861 3936 1053 4015 necessitas,
1078 3956 1162 4018 quae
1178 3934 1296 4000 dicitur
1311 3935 1525 4019 hypothetica

278 4065 483 4131 consequens,
519 4065 539 4109 a
571 4043 770 4109 necessitate
805 4044 951 4109 absolata
985 4042 1039 4107 vel
1071 4040 1284 4124 hypothetica
1316 4044 1522 4111 antecedente.
1584 4060 1597 4071 ·

279 4150 395 4229 Homo,
419 4150 496 4215 dum
516 4150 587 4233 agit
610 4150 670 4216 sub
693 4150 892 4216 necessitate
915 4148 1023 4233 priore
1046 4168 1144 4212 sensu
1167 4150 1314 4231 accepta,
1338 4148 1523 4214 necessario

280 4257 408 4338 quidem
440 4257 520 4339 agit,
556 4257 683 4323 seilicet
714 4264 938 4342 consequenter
972 4256 1017 4319 ad
1051 4255 1238 4339 hypothesin
1272 4254 1390 4319 liberae
1424 4256 1523 4321 deter-

280 4366 463 4431 minationis
480 4367 546 4429 iam
559 4365 667 4446 factae
674 4385 689 4444 ,·
711 4383 825 4427 verum
841 4362 924 4427 haec
938 4359 1120 4426 necessitas
1136 4379 1200 4423 non
1216 4358 1314 4439 tollit,
1332 4360 1389 4425 sed
1405 4362 1523 4444 probat

279 4469 474 4547 libertatem,
498 4490 572 4535 cum
594 4469 639 4535 sit
662 4468 732 4535 eius
754 4469 892 4535 effectus
914 4467 968 4532 vel
992 4464 1194 4532 exercitium.

367 4589 398 4652 2.
424 4584 545 4650 Omnes
569 4583 697 4667 quidem
721 4588 816 4651 actus
840 4582 940 4648 etiam
963 4580 1057 4647 liberi
1081 4583 1306 4645 creaturarum
1325 4584 1402 4646 sunt
1418 4601 1438 4647 a
1453 4582 1524 4647 Deo

281 4694 428 4774 praesciti
457 4694 492 4757 et
522 4690 632 4773 aliquo
662 4688 758 4754 modo
784 4691 910 4755 decreti.
957 4686 1121 4753 Videlicet
1144 4686 1268 4753 decreti
1291 4690 1368 4753 sunt
1391 4686 1523 4755 decreto

283 4801 413 4863 aeterno
437 4794 650 4862 concurrendi
673 4793 850 4859 secundum
873 4792 1087 4875 indigentiam
1112 4791 1285 4869 libertatis,
1310 4792 1367 4857 sed
1386 4814 1450 4859 non
1467 4794 1523 4859 de·

284 4908 369 4971 creto
398 4902 619 4969 necessitante
646 4902 688 4967 ad
712 4901 761 4967 ita
784 4904 819 4966 et
841 4922 906 4965 non
929 4900 1028 4965 aliter
1051 4898 1231 4981 agendum3
1262 4901 1339 4964 sunt
1368 4900 1524 4983 praesciti

285 5009 498 5091 praescientia
527 5016 730 5095 consequente
758 5006 923 5073 libertatis
948 5006 1140 5073 exercitium
1172 5024 1232 5089 pro
1264 5004 1342 5071 talis
1366 5006 1523 5090 temporis

1280 5108 1316 5161 6·
