3909 5842
612 668 680 723 Esse
698 668 864 724 sanctionem
884 669 1036 724 naturalem
1056 668 1215 724 ostenditur.
1473 671 1536 736 233

291 853 324 918 vi
348 851 478 918 divinae
501 849 689 916 sanctitatis
713 851 748 915 et
770 849 953 934 sapientiae
975 869 1110 915 necesse
1134 852 1195 926 est,
1220 851 1256 912 ut
1276 845 1360 928 quod
1377 846 1538 912 sanctioni

290 959 375 1042 legis
404 957 447 1024 ad
476 957 561 1022 hanc
583 954 814 1022 sufficientiam
838 955 932 1020 deest
954 955 987 1020 in
1011 953 1180 1038 praesenti
1211 951 1291 1030 vita,
1323 952 1536 1036 supplendum

290 1072 479 1132 reservetur
502 1064 537 1128 in
558 1062 680 1128 futura.

381 1174 410 1237 2.
433 1170 596 1256 Μυσίῳ·
616 1168 650 1233 id
673 1168 758 1233 enirn
782 1168 888 1251 exigit
910 1171 1023 1234 divino
1047 1169 1182 1234 institia.
1229 1164 1389 1232 Adiviua
1411 1165 1538 1232 iustitie

291 1278 431 1361 quidem,
456 1276 485 1342 si
507 1277 647 1342 ctaotnte
670 1282 699 1341 et
721 1277 907 1360 simpliciter
929 1274 1165 1350 consideratur,
1192 1271 1283 1337 nulla
1306 1271 1403 1338 datur
1426 1292 1537 1338 neees-

280 1386 379 1452 'san'a
401 1382 508 1450 illatio
531 1405 552 1447 a
571 1384 690 1468 priori,
714 1402 779 1464 qua
802 1381 872 1446 sive
895 1380 1076 1465 praemium
1099 1400 1160 1464 pro
1179 1377 1318 1444 hominis
1335 1377 1452 1444 mento
1469 1377 1539 1444 sive

289 1512 398 1576 poena
421 1488 583 1572 condigna
611 1509 671 1573 pro
698 1489 769 1554 eius
792 1488 951 1556 demerito
975 1487 1008 1552 vi
1032 1485 1179 1552 iustitiae
1202 1483 1394 1568 simpliciter
1417 1483 1538 1567 requiri

290 1598 485 1664 affirmetur.
516 1597 624 1682 Neque
647 1595 732 1660 eninr
757 1594 845 1660 aliud
861 1594 1002 1660 hominis
1022 1593 1109 1678 apud
1124 1593 1228 1658 Deum
1246 1590 1397 1656 meritum
1414 1591 1481 1664 (ius
1497 1591 1537 1657 ad

291 1704 486 1788 praemium)
510 1703 608 1769 datur
630 1701 693 1767 nisi
720 1705 910 1781 ,secandam
937 1699 1047 1788 qnid“,
1072 1700 1092 1766 i.
1119 1720 1146 1765 e.
1171 1703 1301 1765 tantum
1325 1697 1359 1762 vi
1382 1718 1539 1782 praesup-

290 1811 419 1894 positae
443 1809 579 1876 alicuius
603 1807 817 1874 ordinationis
833 1828 890 1873 sen
906 1806 1131 1891 promissionis
1148 1804 1278 1870 divinae
1295 1803 1383 1885 (vide
1400 1827 1430 1870 n.
1449 1801 1537 1888 208),

292 1940 391 2002 neque
414 1913 512 1983 etiam
537 1913 684 1981 iustitiae
708 1913 855 1998 poenalis
879 1913 1100 1996 adaequatum
1124 1909 1315 1977 exercitium
1340 1912 1464 1976 ratione
1488 1915 1539 1976 ani

290 2024 442 2109 absolute
469 2020 689 2087 necessarium
718 2040 791 2085 esse
818 2019 1043 2102 cognoscitur,
1068 2017 1242 2100 siquidem,
1273 2016 1411 2082 docente
1438 2016 1538 2082 etiam

290 2128 468 2211 theologia,
492 2130 582 2193 ealon
605 2128 729 2192 iustitio
753 2125 842 2191 Deus
865 2125 990 2191 laesum
1015 2123 1160 2190 ordinem
1183 2123 1340 2188 moralem
1361 2143 1538 2206 poenarum

291 2234 530 2300 condonatione
553 2234 729 2300 restituere
754 2234 893 2298 absolute
916 2232 1108 2316 potuisset¹.
1127 2269 1170 2279 «-
1187 2227 1306 2307 Quodsi
1331 2249 1408 2294 vero
1428 2228 1539 2294 divina

290 2341 418 2408 iustitia
433 2363 498 2406 non
514 2339 673 2418 absolute,
698 2339 757 2404 sed
772 2342 947 2406 secandam
962 2339 1147 2424 hypothesin
1166 2339 1320 2402 divinitus
1331 2338 1539 2422 praefinitam

291 2448 382 2515 etin
404 2447 508 2514 libera
531 2446 697 2513 creatione
720 2445 832 2511 mundi
854 2445 988 2511 moralis
1011 2467 1191 2530 expressam
1215 2442 1449 2518 consideratur,
1473 2463 1538 2507 non

291 2576 464 2639 possumus
494 2575 559 2619 non
588 2553 621 2617 in
651 2552 709 2618 illa
731 2575 840 2618 rernm
863 2555 1096 2618 conclusionum
1121 2573 1141 2616 a
1164 2552 1268 2637 priori
1289 2549 1538 2631 fundamentum

291 2681 481 2742 agnoscere.
513 2696 557 2705 -
587 2659 659 2724 Hoc
690 2659 791 2740 igitur
814 2679 911 2723 sensu
936 2658 1130 2724 asserimus:
1163 2659 1273 2722 dirina
1297 2658 1420 2722 institia
1445 2657 1539 2742 eniqit

290 2769 368 2852 lepis
390 2769 553 2833 nataralia
575 2768 766 2831 sanctionem
787 2765 961 2852 perfectam

382 2872 414 2955 a)
438 2873 562 2936 ratione
582 2874 731 2957 praemii.
772 2869 815 2935 Vi
839 2871 925 2935 enim
948 2870 1036 2936 illius
1060 2869 1154 2954 quasi
1176 2867 1400 2954 promissionis
1423 2865 1456 2932 in
1479 2888 1538 2932 na·

291 2984 368 3042 tura
390 2977 545 3043 rationali
569 2997 756 3062 expressae,
781 2998 845 3058 qua
869 2977 958 3042 Deus
981 2977 1014 3041 in
1039 2975 1209 3042 tendentia
1226 2973 1365 3040 hominis
1380 2973 1468 3038 finali
1487 2994 1538 3038 or-

293 3083 402 3149 dinem
426 3082 769 3167 eudaemonologicum
794 3105 867 3148 cum
891 3083 1118 3165 deontologice
1142 3083 1303 3149 obiective
1331 3079 1539 3146 coniunctum

292 3189 408 3269 voluit,
432 3188 480 3256 ita
503 3195 540 3255 ut
563 3189 783 3272 unusquisque
806 3189 840 3254 in
864 3210 923 3255 sue
946 3189 1078 3274 proprio
1102 3209 1180 3254 vero
1204 3189 1288 3253 bono
1312 3189 1440 3254 tantum
1464 3205 1539 3268 pro·

292 3296 383 3362 ficiat
405 3317 539 3361 necesse
570 3297 623 3376 sit,
655 3301 813 3378 quantum
836 3295 1018 3362 bonitatem
1042 3294 1198 3360 moralem
1223 3294 1324 3358 libere
1348 3294 1540 3376 prosecutus

291 3401 393 3468 fuerit
416 3401 461 3484 (n.
479 3402 634 3485 31-33),
659 3403 764 3467 omnis
787 3402 874 3469 actio
898 3401 985 3468 bona
1007 3401 1146 3466 hominis
1169 3399 1322 3466 meritum
1338 3398 1439 3464 habet
1455 3395 1541 3480 apud

291 3509 409 3585 Deum,
432 3507 453 3574 i.
474 3529 502 3575 e.
526 3507 576 3573 ins
600 3507 736 3593 praemii
759 3530 819 3593 pro
842 3507 971 3575 ratione
996 3507 1139 3574 eiusdem
1164 3506 1273 3573 meriti
1302 3504 1347 3588 (n.
1373 3505 1437 3570 209
1455 3499 1539 3586 sqq).

292 3615 380 3702 Erpa
403 3615 492 3680 Deus
521 3615 587 3681 iarn
618 3615 679 3680 sibi
708 3614 771 3700 ipsi
801 3615 908 3692 debet,
940 3619 977 3682 ut
1006 3613 1182 3680 secundnm
1210 3614 1296 3678 hanc
1318 3609 1465 3677 iustitiae
1488 3629 1540 3674 re·

290 3720 414 3804 gulam,
441 3743 462 3786 a
492 3721 669 3806 semetipso
697 3719 877 3788 liberaliter
900 3721 1113 3805 propositam,
1146 3720 1233 3786 omni
1256 3717 1378 3784 homini
1408 3717 1441 3782 in
1465 3735 1539 3800 pro-

290 3828 457 3908 sequendo
482 3829 594 3894 ordine
616 3829 731 3894 morali
757 3849 859 3911 usque
882 3828 924 3893 ad
947 3829 1045 3893 finem
1069 3825 1164 3892 huius
1189 3827 1278 3892 vitae
1303 3823 1444 3890 fideliter
1466 3843 1541 3907 per·

290 3934 460 3999 severanti
487 3933 737 4018 proportionata
760 3934 885 4000 meritis
907 3934 1055 4019 praemia
1077 3934 1111 3999 in
1138 3933 1209 3999 vita
1232 3933 1345 3998 lutura
1368 3929 1539 4011 largiatur.

382 4040 417 4122 b)
434 4041 557 4106 ratione
573 4063 705 4126 poenae.
737 4039 888 4106 Naturae
910 4045 1035 4119 auctor,
1059 4038 1330 4122 quemadmodum
1353 4035 1541 4121 promissio·

290 4167 368 4211 nem
391 4147 527 4230 praemii
550 4147 667 4213 merito
691 4147 942 4231 proportionati,
967 4147 1015 4212 ita
1034 4150 1068 4212 et
1083 4145 1322 4212 intimationem
1339 4145 1465 4228 poenae
1481 4163 1539 4225 pro

288 4251 421 4318 ratione
445 4253 595 4319 demeriti
618 4254 651 4318 in
674 4258 794 4319 natura
817 4253 971 4319 rationali
988 4271 1178 4335 expressam
1194 4251 1309 4317 voluit.
1342 4249 1438 4316 Certo
1455 4248 1541 4314 enim

291 4358 529 4440 cognoscimus,
553 4380 613 4424 nos
636 4381 657 4424 a
680 4379 759 4425 vero
783 4363 896 4424 nostro
920 4359 1003 4424 bono
1028 4361 1063 4424 et
1086 4357 1280 4423 alelieitate
1296 4355 1389 4421 nobis
1406 4359 1541 4420 natura·

290 4463 369 4529 liter
391 4465 562 4549 proposita
585 4471 724 4532 eatenus
748 4465 934 4531 necessario
964 4465 1128 4544 recedere,
1159 4469 1321 4547 quatenus
1344 4484 1365 4528 a
1388 4459 1540 4527 rationali

292 4571 407 4638 ordine
429 4573 531 4639 libere
555 4574 746 4650 avertimur,
771 4574 841 4638 lore
864 4573 975 4656 igitur,
1000 4577 1037 4638 ut
1059 4573 1157 4638 beato
1175 4571 1232 4637 illo
1248 4572 1312 4636 fine
1328 4569 1458 4654 penitus
1474 4566 1540 4651 pri·

292 4683 401 4756 vetur,
426 4680 581 4762 quisquis,
606 4679 681 4745 dum
706 4680 812 4764 potnit
836 4701 874 4745 ac
898 4679 1019 4757 debuit,
1044 4679 1150 4762 legem
1168 4677 1330 4744 servando
1345 4677 1436 4742 illum
1454 4695 1540 4740 com-

291 4805 412 4868 parare
445 4785 613 4851 definitivo
644 4784 796 4864 noluerit,
828 4785 926 4869 idque
957 4807 996 4850 eo
1026 4785 1151 4851 maiore
1181 4805 1240 4849 suo
1272 4782 1393 4848 doloris
1416 4781 1539 4860 apuleo,

387 5013 394 5043 ¹
414 5011 455 5064 cf.
476 5013 503 5065 S.
527 5013 626 5079 Thon,
646 5009 672 5065 S.
692 5011 775 5065 theol.
794 5011 819 5077 2,
838 5013 863 5075 2,
882 5029 908 5080 q.
930 5011 973 5076 67,
992 5029 1016 5064 a.
1036 5013 1060 5066 4.
