3909 5842
646 663 686 718 De
704 680 809 719 summo
827 663 898 731 logis
917 662 1051 718 naturalis
1069 662 1208 732 principio.
1486 666 1550 730 249

308 841 404 908 detur
433 843 574 918 obstare,
605 841 776 923 quominus
799 841 939 907 formam
968 840 1105 906 alicuius
1134 839 1272 905 hominis
1296 843 1374 906 tunc
1398 839 1540 906 viventis

262 943 264 946 ’
310 948 449 1014 Azariae
471 947 601 1012 nomine
625 952 659 1013 et
681 947 739 1011 filii
762 947 921 1025 Ananias,
952 947 1089 1030 angelus
1112 946 1326 1030 assumpsisse
1349 948 1492 1030 putetur,
1516 949 1553 1011 ut

309 1075 387 1119 vere
412 1053 520 1120 dicere
543 1053 704 1137 potuerit:
727 1053 809 1136 Ego,
834 1074 929 1135 quem
954 1053 1056 1130 vides,
1081 1074 1153 1118 sum
1176 1051 1235 1119 tibi
1259 1051 1427 1118 Azarias1.
1616 1129 1619 1140 ‚

309 1182 313 1189 ²
399 1161 429 1224 2.
459 1158 535 1224 Non
562 1159 669 1224 minus
692 1180 855 1243 apparens
877 1163 1005 1225 tantum
1030 1158 1169 1224 mutatio
1193 1160 1253 1234 est,
1285 1177 1368 1240 quae
1398 1157 1464 1240 legi
1493 1178 1552 1224 na·

308 1269 403 1332 turae
420 1265 594 1347 aliquando
611 1289 648 1331 aa
663 1268 821 1332 collisione
835 1266 1001 1331 variorum
1017 1265 1195 1331 officiorum
1211 1263 1265 1328 vel
1276 1263 1392 1330 iurium
1406 1263 1552 1330 accidere

307 1375 452 1455 putatur.
498 1372 664 1438 Interdum
700 1393 817 1455 nempe
845 1372 940 1438 varia
976 1372 1084 1438 officia
1114 1370 1278 1437 naturalia
1311 1371 1359 1438 ita
1394 1370 1481 1436 inter
1516 1392 1552 1436 se

308 1498 455 1561 pugnare
467 1478 629 1557 videntur,
645 1483 683 1544 ut
698 1479 892 1544 alterutrum
910 1478 1018 1544 omitti
1033 1497 1167 1544 necesse
1182 1477 1235 1543 sit.
1267 1477 1388 1542 Verum
1404 1481 1551 1562 praeter·

309 1603 424 1665 quam,
458 1585 544 1667 quod
576 1585 734 1651 eiusmodi
765 1606 877 1669 pugna
908 1606 974 1650 non
1006 1584 1184 1662 obiectus,
1218 1583 1275 1650 sed
1307 1583 1486 1649 subiective
1518 1586 1552 1649 et

309 1695 508 1774 apparenter
526 1696 666 1770 tautum,
690 1713 795 1775 neque
810 1713 962 1775 umquam
987 1691 1073 1758 inter
1096 1690 1253 1774 negativa
1275 1689 1358 1772 legis
1376 1694 1553 1774 praecepta

265 1873 273 1884 ι
309 1798 442 1864 evenire
471 1799 592 1881 possit,
623 1799 713 1865 nulla
742 1799 795 1864 hic
817 1798 957 1865 mutatio
982 1799 1065 1880 legis
1088 1797 1275 1864 intervenit.
1321 1796 1424 1862 Immo
1448 1795 1552 1862 omnis

310 1905 410 1969 stiam
433 1905 616 1971 subiectiva
639 1904 816 1972 difficultas
839 1909 957 1988 sponte
980 1907 1172 1982 evanescet,
1204 1903 1258 1968 ubi
1282 1901 1460 1969 communis
1483 1923 1552 1968 ser·

307 2013 407 2075 vatur
429 2011 544 2093 regula
567 2032 626 2095 pro
650 2010 807 2076 eiusmodi
825 2014 1008 2095 apparente
1034 2010 1200 2076 collisione
1225 2009 1358 2076 tradita.
1389 2008 1551 2074 Nimirum

309 2117 576 2200 quotiescumque
599 2117 731 2200 aliquod
747 2117 890 2183 officium
906 2117 1141 2184 affirmativum
1158 2136 1270 2199 grave,
1295 2119 1333 2182 ut
1348 2115 1550 2199 supponitur,

308 2243 368 2305 per
391 2223 529 2290 alterum
552 2222 660 2289 similo
683 2223 917 2289 affirmativum
947 2222 1088 2288 officium
1112 2223 1308 2288 simultanee
1330 2221 1417 2287 forts
1441 2242 1550 2286 occur-

309 2347 385 2392 rens
407 2327 557 2411 impediri
581 2327 726 2404 videtur,
750 2329 923 2393 secandum
947 2337 1065 2396 rectam
1088 2330 1243 2392 rationem
1267 2325 1379 2410 (quam
1402 2327 1457 2391 lex
1479 2325 1552 2408 ipsa

308 2433 494 2517 profitetur)
518 2455 616 2499 unum
639 2438 768 2500 tantum
792 2435 950 2512 officium,
982 2437 1016 2500 et
1040 2434 1168 2516 quidem
1199 2433 1251 2499 hio
1282 2437 1316 2498 et
1339 2453 1424 2498 nunc
1446 2431 1552 2514 magis

309 2563 425 2626 arpena
447 2544 482 2608 et
500 2543 700 2626 praeualens,
725 2543 802 2606 actu
825 2540 974 2623 obligare
998 2540 1195 2606 censendum
1218 2544 1285 2616 est,
1310 2539 1446 2604 alterius
1469 2537 1550 2604 obli·

308 2647 441 2729 gatione
463 2646 594 2712 interim
618 2667 788 2730 suspensa.
819 2647 876 2712 (lui
900 2648 1101 2729 suffragatur
1124 2649 1236 2712 notum
1262 2646 1409 2712 axioma:
1439 2665 1550 2729 ,prae
1655 2664 1659 2678 ⁸

309 2759 407 2837 cepta
422 2753 624 2820 affirmativa
639 2754 787 2836 obligant
803 2774 942 2837 semper,
958 2753 1016 2818 sed
1032 2774 1096 2818 non
1112 2774 1171 2836 pro
1184 2755 1330 2837 somper¹‘
1347 2750 1403 2834 (cf.
1416 2773 1447 2818 n.
1462 2751 1550 2834 234).

399 2863 430 2926 3.
462 2859 553 2938 Quod
584 2881 655 2925 cum
680 2859 859 2926 Aristotele
882 2861 914 2926 S.
940 2860 1081 2924 Thomas
1109 2863 1143 2926 et
1165 2859 1259 2924 multi
1283 2857 1469 2925 scholastici
1491 2857 1552 2922 im·

310 2966 562 3033 mutabilitatem
593 2966 677 3050 legis
707 2966 868 3032 naturalis
898 2967 939 3032 ad
970 2965 1041 3031 sola
1064 2965 1343 3032 universalissima
1365 2986 1423 3030 seu
1446 2963 1552 3049 prima

308 3072 391 3154 legis
414 3077 592 3156 praccepta
607 3071 807 3154 restringere
824 3071 987 3150 videntur,
1012 3071 1117 3136 forma
1132 3075 1261 3136 tantum
1278 3071 1461 3148 verborum,
1486 3090 1551 3134 non

309 3199 345 3243 re
366 3182 515 3244 anostra
532 3178 681 3244 doctrina
696 3179 881 3260 divergunt,
907 3199 978 3244 cum
995 3199 1054 3262 per
1070 3198 1182 3243 omnes
1198 3179 1325 3243 demum
1342 3176 1551 3252 mutationes,

309 3304 391 3366 quas
414 3284 501 3350 circs
523 3289 702 3369 praecepta
724 3284 918 3350 secundaria
941 3283 1132 3368 contingere
1154 3305 1251 3368 posse
1275 3281 1462 3360 admittunt,
1486 3300 1549 3345 non

307 3393 375 3456 tam
413 3390 520 3473 legem
550 3390 655 3474 ipsam
688 3410 785 3472 quam
819 3390 888 3455 eius
927 3392 1111 3456 rnoteriolic
1143 3389 1271 3456 obiecta
1302 3387 1422 3454 mutari
1454 3385 1550 3470 plane

309 3495 516 3563 consentiunt
526 3497 549 3562 ².

780 3591 1024 3659 Articulus
1048 3591 1080 3661 0.

593 3718 642 3782 De
666 3739 786 3782 sicurmo
810 3720 886 3802 lepis
910 3721 1071 3784 naturalis
1089 3719 1262 3803 principio.

307 3848 374 3919 277.
464 3849 528 3914 Per
550 3869 711 3914 summum
734 3849 818 3931 legis
841 3848 1002 3915 naturalis
1026 3847 1219 3932 principium
1242 3845 1462 3929 intellegimus
1478 3845 1549 3911 uni·

308 3956 564 4021 versalissimum
586 3955 665 4021 illud
689 3955 773 4038 legis
795 3960 1017 4039 praeceptum,
1042 3955 1128 4036 quod
1150 3957 1255 4020 totam
1271 3953 1378 4036 legem
1394 3953 1549 4036 implicite

307 4063 454 4128 continet
483 4066 517 4128 et
546 4083 589 4127 ex
619 4084 683 4144 quo
710 4067 879 4144 tamquam
910 4062 1072 4127 communi
1098 4061 1256 4145 principio
1280 4060 1388 4126 omnia
1411 4059 1549 4125 hominis

307 4168 416 4235 officia
438 4167 603 4235 naturalia
626 4167 796 4234 ratiocinio
820 4167 965 4233 derivari
987 4167 1144 4252 possintss.
1175 4169 1259 4234 Esse
1283 4166 1440 4232 eiusmodi
1462 4165 1548 4249 prin-

307 4275 436 4360 cipium,
460 4297 503 4341 ex
518 4275 568 4353 iis,
594 4295 677 4357 quae
693 4275 733 4340 de
748 4275 894 4341 naturali
908 4273 1170 4358 promulgatione
1186 4273 1269 4356 legis
1285 4272 1446 4338 naturalis
1462 4271 1549 4336 dicta

307 4385 393 4459 sunt,
424 4403 483 4466 per
513 4403 549 4446 se
578 4381 661 4447 satis
691 4381 811 4464 liquet3
844 4380 995 4464 idemque
1025 4380 1154 4446 interna
1182 4380 1240 4446 illa
1266 4379 1368 4446 totius
1391 4377 1548 4446 scientiae

398 4554 467 4608 'Ol
488 4557 516 4609 S.
539 4557 629 4610 Tlrom¹
652 4557 675 4619 1,
695 4556 720 4618 2,
739 4574 764 4625 q.
785 4557 834 4619 94,
854 4574 879 4610 a.
899 4557 929 4617 5;
956 4574 982 4625 q.
1004 4557 1069 4620 100,
1089 4573 1113 4610 a.
1133 4555 1164 4620 8;
1191 4555 1214 4620 2,
1234 4555 1258 4618 2,
1279 4573 1305 4624 q.
1325 4556 1367 4618 66,
1387 4573 1410 4608 a.
1431 4557 1447 4608 5
1467 4553 1499 4607 ad
1522 4553 1546 4612 l:

306 4661 333 4713 q.
354 4643 419 4702 104,
442 4660 466 4696 a.
485 4646 503 4697 4
522 4645 555 4697 ad
575 4645 606 4704 2;
633 4645 755 4712 Suarez,
773 4643 813 4697 Do
832 4643 885 4711 leg.
904 4643 922 4697 l.
942 4644 967 4706 2,
987 4662 1009 4698 c.
1030 4645 1063 4698 13
1076 4661 1123 4712 sq;
1154 4647 1282 4711 Grotius,
1302 4643 1342 4696 De
1361 4645 1419 4697 iuro
1438 4642 1501 4698 belli
1520 4648 1549 4697 et

304 4733 383 4802 pacis
400 4733 418 4786 l.
439 4733 463 4794 l,
482 4750 505 4786 c.
527 4735 550 4792 l,
570 4732 586 4799 5
608 4733 640 4786 10
659 4731 693 4785 ad
712 4734 737 4785 6.

397 4819 467 4874 'Gi
482 4821 510 4874 S.
528 4820 618 4873 llrom.
637 4819 655 4872 l.
675 4837 698 4873 c.
718 4823 746 4872 st
763 4819 895 4889 supplem.
909 4821 934 4874 3.
955 4825 1025 4890 part.
1045 4837 1070 4888 q.
1085 4821 1127 4882 05,
1147 4821 1216 4884 a.2;
1236 4820 1262 4874 S.
1282 4820 1363 4874 theol.
1380 4823 1401 4883 l,
1421 4819 1445 4884 2,
1465 4836 1491 4888 q.
1504 4819 1547 4883 97,

305 4909 368 4962 a.4
393 4907 427 4960 ad
446 4907 477 4972 3;
504 4909 610 4961 Suorez
628 4907 645 4961 l.
666 4925 689 4962 c.
709 4926 732 4962 c.
754 4908 802 4972 13,
826 4910 842 4975 5
862 4910 892 4972 7;
922 4910 1037 4975 Boeotii,
1066 4909 1176 4963 Summa
1194 4909 1290 4980 philos.
1309 4910 1363 4974 111,
1389 4927 1414 4962 n.
1435 4909 1483 4963 301
1499 4926 1546 4976 sq;

305 4997 412 5052 Period.
432 4995 487 5050 Der
505 4995 636 5050 Katholik
657 4996 769 5052 187811
789 4998 840 5052 357
854 5015 895 5066 sq.
1005 5000 1015 5031 ³
1035 4998 1075 5052 Cf.
1096 5000 1124 5052 S.
1148 4999 1238 5054 llrom.
1260 5001 1283 5062 1,
1302 4999 1327 5064 2,
1346 5019 1371 5069 q.
1392 5000 1435 5062 94,
1454 5015 1478 5051 a.
1498 4997 1522 5050 2.
