3909 5842
790 703 897 758 Relatio
916 704 1039 758 iuridica.
1472 707 1536 772 387

283 903 430 965 eumque
461 881 503 949 ad
532 880 612 948 iuris
640 880 800 946 obiectum
832 879 1040 961 adstringere
1062 879 1163 946 valet.
1209 879 1305 946 Unde
1332 887 1471 965 apparet
1501 902 1540 946 60

284 990 421 1056 demum
445 1009 573 1055 omnem
589 987 674 1052 hanc
690 986 869 1052 efficaciam
885 985 974 1053 tituli
990 986 1072 1052 iuris
1088 985 1209 1062 reduci,
1233 987 1320 1068 quod
1335 1008 1396 1072 per
1410 987 1541 1054 modum

285 1093 477 1162 dictaminis
503 1093 642 1160 rationis
664 1096 728 1158 cim
751 1095 827 1178 lapis
850 1096 1015 1159 nataralia
1037 1113 1117 1176 prae
1140 1113 1177 1158 se
1199 1093 1297 1160 ferat.
1344 1093 1389 1160 Et
1410 1115 1542 1174 revera,

285 1201 485 1284 quicumque
508 1201 647 1266 fidenter
670 1219 729 1265 suo
752 1199 822 1264 iure
846 1198 950 1266 utitur
972 1202 1033 1265 aut
1054 1198 1135 1264 illud
1150 1198 1284 1266 invocat
1299 1200 1354 1265 vel
1368 1201 1540 1280 reclamat,

286 1328 329 1372 60
361 1307 435 1394 ipso
463 1326 667 1372 communem
696 1305 834 1372 rationis
863 1310 898 1373 et
921 1305 1006 1387 legis
1029 1305 1160 1372 divinae
1182 1306 1339 1382 ordinem,
1370 1309 1458 1374 omni
1481 1309 1542 1374 hu·

285 1435 410 1481 manae
432 1413 554 1480 rationi
576 1433 636 1496 per
658 1433 695 1478 66
717 1417 831 1479 notum
855 1417 890 1478 et
912 1411 1186 1495 irrefragabilem,
1209 1412 1367 1496 implicite
1383 1413 1540 1497 appellat.

286 1561 361 1633 469.
452 1561 561 1644 Vulgo
591 1565 702 1627 tamen
733 1565 767 1628 61
797 1561 973 1627 secundum
1004 1583 1097 1627 usum
1128 1560 1298 1627 iuridicum
1321 1562 1438 1629 titulus
1460 1563 1541 1628 111116

287 1672 405 1735 latiore
420 1690 514 1736 senaa
530 1689 590 1752 pro
606 1667 677 1752 ipso
692 1670 887 1754 particulari
900 1667 987 1751 facio
1003 1667 1108 1752 accipi
1123 1669 1218 1748 60161,
1236 1689 1299 1751 quo
1311 1669 1391 1736 illud
1404 1669 1542 1735 rationis

288 1775 456 1841 dictamen
479 1794 539 1859 pro
563 1795 641 1840 casu
665 1773 857 1857 particulari
880 1774 1076 1858 applicabile
1094 1777 1133 1840 tit
1148 1779 1182 1840 et
1198 1775 1245 1840 sic
1259 1776 1310 1841 ius
1325 1775 1359 1840 in
1374 1775 1542 1841 individuo

289 1902 358 1964 qua
387 1881 455 1947 tale
483 1881 729 1948 determinatur.
776 1881 829 1948 Ita
859 1903 887 1948 e.
911 1903 943 1965 g.
977 1882 1100 1966 emptio
1130 1881 1194 1947 rite
1217 1881 1310 1948 facta
1332 1883 1386 1948 vel
1409 1883 1541 1948 donatio

287 1991 459 2071 tamquam
483 1988 563 2053 iuris
585 1988 702 2054 titulus
725 1987 889 2070 allegatur
913 1987 956 2054 ad
979 1988 1182 2072 probandam
1204 1989 1386 2072 legitimam
1404 1987 1542 2072 101006-

290 2094 483 2160 sessionem.
519 2094 590 2160 Nec
612 2093 775 2160 immerito
799 2094 860 2160 hoc
883 2095 1075 2178 compendio
1097 2095 1229 2174 utimur,
1254 2116 1327 2160 cum
1345 2097 1544 2181 principiam

290 2203 447 2286 generale,
479 2201 565 2284 quod
595 2200 752 2285 implicite
782 2201 987 2284 supponitur,
1018 2222 1039 2267 a
1068 2200 1197 2266 nemine
1220 2201 1375 2266 rationali
1398 2200 1543 2284 ignorari

291 2307 407 2372 autin
431 2307 563 2372 dubium
586 2306 698 2374 vocari
722 2306 836 2390 possit,
865 2327 971 2389 neque
995 2306 1084 2373 aliud
1106 2306 1303 2389 requiratur,
1327 2307 1390 2373 nisi
1413 2313 1450 2374 ut
1473 2307 1543 2373 eius

291 2436 445 2499 praesens
467 2416 678 2500 particularis
702 2416 872 2500 applicatio
896 2414 1013 2497 probet
1055 2466 1062 2480 .

383 2519 453 2596 Qua
476 2522 649 2605 ontolopica
673 2521 925 2586 consideratione
948 2523 1034 2586 titali
1056 2522 1140 2585 iaris
1162 2519 1245 2585 haec
1267 2518 1443 2585 manifeste
1467 2541 1544 2585 con-

294 2629 485 2708 sequuntur.

293 2774 362 2846 470.
454 2772 645 2846 Corollaria:
675 2775 701 2844 I.
726 2776 929 2859 Quamquam
952 2777 1084 2859 integra
1107 2774 1224 2840 relatio
1246 2774 1394 2854 iuridica,
1418 2775 1545 2842 scilicet

294 2887 327 2948 61
351 2881 401 2948 ius
418 2882 547 2948 61111116
563 2881 705 2948 officium
722 2883 930 2961 correlatum,
955 2881 1063 2964 quoad
1079 2879 1260 2947 efficaciam
1276 2903 1369 2947 suam
1385 2882 1543 2948 moralem

294 2993 409 3072 aperte
433 3010 476 3054 ex
499 3010 563 3054 unc
587 2989 766 3072 eodemque
790 2989 951 3056 communi
975 2987 1219 3067 611101610116,
1243 2988 1394 3053 nimirum
1418 3009 1461 3054 ex
1486 2989 1544 3053 ob-

293 3095 413 3161 iectivo
437 3095 591 3162 rationali
607 3095 720 3160 ordine
736 3095 893 3161 divinitus
909 3095 1036 3160 sancito
1053 3094 1212 3174 oriuntur,
1236 3116 1301 3160 non
1316 3100 1429 3161 16111611
1445 3097 1545 3180 plane

294 3202 405 3266 eodem
431 3201 527 3266 modo
551 3202 592 3266 ab
617 3221 654 3266 eo
679 3201 858 3268 dimanant.
905 3201 962 3265 Iac
986 3199 1073 3265 enim
1096 3201 1223 3284 directe,
1247 3205 1363 3284 utpote
1385 3202 1545 3268 11601116

293 3307 382 3374 tituli
397 3306 486 3386 iuris,
511 3308 651 3390 officiam
669 3329 748 3372 vero
764 3307 934 3372 iuridicum
951 3307 1058 3389 magis
1073 3309 1236 3390 indirecte,
1260 3328 1378 3392 nempe
1392 3309 1425 3374 vi
1442 3309 1545 3393 ipsius
1630 3301 1633 3304 ⁴

293 3413 375 3478 iuris
399 3413 553 3478 correlati
576 3413 641 3479 ianr
665 3413 836 3479 moraliter
851 3413 961 3490 validi,
986 3413 1091 3478 inille
1108 3413 1404 3480 ordinefundatur.
1437 3413 1545 3491 Quare

294 3518 379 3583 illius
402 3518 629 3602 metaphysica
652 3519 782 3602 genesis
805 3521 900 3605 topice
923 3522 1076 3604 anterior,
1101 3519 1197 3584 huius
1217 3523 1383 3606 posterior,
1407 3520 1545 3605 proinde

295 3623 345 3688 ius
375 3622 473 3688 oflicii
504 3627 596 3707 ratio,
628 3623 771 3690 officium
801 3645 880 3690 vero
903 3624 984 3690 iuris
1007 3628 1203 3691 rationatam
1228 3646 1300 3691 esse
1323 3628 1542 3708 cognoscitur.

295 3731 388 3797 Unde
412 3731 638 3813 consequitur:

295 3875 355 3946 471.
446 3877 487 3943 II.
513 3877 664 3944 Officium
688 3877 870 3957 iuridicum,
893 3878 1040 3956 tametsi,
1063 3899 1129 3962 qua
1151 3877 1308 3962 obligatio
1331 3884 1464 3948 caeratis
1480 3885 1543 3960 eet,

296 3984 525 4050 conscientiam
548 3984 679 4049 1611111111
702 3984 857 4068 primario
881 3985 1060 4068 obstringit
1073 3986 1142 4050 Deo
1165 3989 1202 4051 ut
1225 3987 1352 4052 auctori
1372 3992 1406 4053 et
1421 3987 1545 4052 vindici

295 4090 394 4156 totius
418 4089 540 4156 ordinis
563 4090 707 4168 moralis,
732 4091 828 4156 simul
851 4093 974 4170 tamen,
1000 4111 1064 4173 qua
1087 4093 1231 4157 iaridioa
1253 4097 1315 4170 est,
1338 4092 1487 4176 proxime
1508 4096 1545 4158 61

297 4217 370 4263 vere
403 4196 579 4280 obstringit
610 4199 744 4264 subiecto
774 4197 855 4263 iuris
884 4201 919 4263 61
943 4197 1074 4280 quidem
1097 4218 1156 4281 pro
1180 4219 1335 4265 mensura
1358 4202 1393 4265 61
1415 4198 1545 4264 ambitu

297 4302 436 4368 eiusdem
459 4303 549 4370 111116.

296 4451 360 4521 412.
451 4453 508 4520 111.
540 4453 592 4518 Ab
623 4455 783 4520 alterutro
808 4453 937 4536 quidem
961 4475 1004 4520 ex
1027 4454 1078 4520 his
1101 4455 1283 4534 0011616116,
1314 4455 1384 4520 iure
1407 4456 1538 4537 inquam

295 4561 328 4624 et
342 4559 420 4624 iuris
437 4559 555 4638 officio,
580 4559 622 4625 ad
639 4559 779 4625 alterum
795 4559 944 4641 legitima
959 4559 1101 4626 infertur
1112 4562 1294 4638 conclusi0;
1311 4583 1370 4645 per
1381 4583 1417 4627 se
1429 4567 1541 4630 tamen

296 4669 326 4730 61
351 4665 525 4731 secundum
550 4665 690 4748 logicam
714 4665 885 4745 rationem,
909 4688 974 4733 non
998 4688 1041 4732 ex
1065 4667 1181 4734 officiis
1196 4669 1269 4733 iura
1284 4669 1457 4746 correlata,
1483 4669 1541 4735 sed

298 4794 330 4835 ec
355 4773 480 4836 iuribus
502 4771 610 4856 officia
634 4771 785 4855 cognosci
809 4793 848 4838 ac
871 4773 1055 4839 mensurari
1078 4773 1215 4840 dicenda
1239 4779 1325 4840 sunt.

296 4917 356 4990 413.
450 4921 507 4990 IV.
531 4923 653 5000 Quodsi
676 4945 764 5002 vero,
795 4924 1054 5007 praescindendo
1078 4945 1098 4990 a
1120 4924 1256 5010 speciali
1278 4924 1438 4992 relatione
1461 4926 1539 4992 iuri·

296 5025 370 5106 dica,
396 5049 459 5109 qua
483 5027 533 5094 ius
557 5033 591 5095 61
613 5030 692 5094 iuris
712 5029 854 5095 officium
870 5038 1015 5096 materam
1030 5031 1194 5113 quandam
1210 5031 1434 5098 habitudinem
1449 5031 1538 5098 inter

1274 5135 1308 5188 25
1320 5141 1335 5172 *¹
