3909 5842
790 692 912 747 Reflexle
931 692 1034 746 critica.
1469 693 1534 757 449

287 876 416 939 tantum
449 890 529 954 prae
561 868 810 936 materialistico
844 866 988 946 excellit,
1023 867 1107 950 quod
1141 869 1291 933 sanctum
1324 865 1386 930 Dei
1418 886 1537 931 nomen

286 978 473 1063 usurpando
494 977 628 1060 insuper
650 975 890 1059 quodammodo
913 974 1102 1059 hypocrisin
1127 994 1206 1057 prae
1229 993 1266 1039 se
1288 972 1377 1037 ferre
1393 972 1534 1039 videtur.

287 1118 357 1189 544.
449 1118 550 1199 Quam
576 1118 617 1183 ob
640 1138 720 1196 rem,
744 1120 782 1183 ut
805 1116 994 1183 summatim
1017 1116 1227 1199 complectar,
1251 1118 1320 1180 tam
1338 1134 1451 1179 crassa
1466 1113 1535 1179 veri

287 1224 366 1289 iuris
399 1225 588 1309 corruptela
620 1224 685 1290 alia
718 1223 867 1307 profecto
897 1221 1098 1310 refutatione
1127 1221 1190 1287 hoc
1219 1221 1291 1285 lece
1321 1241 1386 1285 non
1412 1220 1538 1302 indiget

288 1334 421 1413 praeter
442 1330 543 1410 illam,
569 1350 653 1413 quae
675 1329 742 1395 iam
766 1328 948 1413 anticipata
972 1331 1085 1394 exstat
1107 1327 1140 1393 in
1156 1326 1352 1393 solidissimo
1368 1326 1537 1393 doctrinas

288 1436 515 1515 fundamento
540 1436 722 1519 quodcum
748 1434 897 1518 angelico
920 1436 1064 1501 Doctore
1088 1434 1129 1499 de
1154 1436 1239 1520 ,ispe
1261 1432 1424 1516 belew,
1451 1436 1538 1499 tam-

288 1564 386 1624 quam
418 1564 572 1627 suprema
602 1548 637 1609 et
667 1543 819 1609 absoluta
842 1563 959 1608 norma
982 1541 1087 1607 omnis
1109 1540 1143 1605 in
1166 1540 1287 1605 mundo
1310 1540 1392 1605 recti
1416 1539 1538 1605 ordinis

288 1650 359 1717 sive
381 1652 510 1736 physici
533 1652 604 1717 sive
627 1652 762 1718 moralia
781 1672 820 1717 ac
836 1650 963 1716 iuridici
979 1647 1289 1733 praestabilivimus.
1321 1648 1424 1713 Immo
1440 1645 1538 1711 resti·

287 1761 363 1825 tuta
392 1758 467 1825 idea
497 1758 581 1841 legis
611 1763 769 1825 aeternae
798 1778 858 1842 pro
888 1756 976 1823 inani
1000 1756 1059 1822 illa
1086 1756 1257 1834 ,absoluta
1278 1754 1372 1820 idea‘
1399 1757 1434 1820 et
1455 1773 1538 1836 pan·

288 1864 443 1931 theistioa
470 1864 668 1943 ,universali
692 1865 896 1942 voluntate“,
929 1866 1029 1945 atque
1051 1862 1101 1929 ita
1123 1862 1279 1946 primario
1303 1861 1423 1926 erroris
1446 1860 1538 1925 fonte

288 1971 429 2051 sublate,
459 1992 524 2036 non
555 1970 668 2055 paucis
698 1969 793 2035 huius
822 1968 1048 2054 philosophiae
1071 1967 1328 2046 deductionibus,
1360 1988 1444 2049 quae
1466 1987 1536 2031 ma·

288 2077 451 2143 terialiter
481 2078 522 2144 ad
553 2076 728 2144 veritatem
759 2075 1034 2160 appropinquant,
1065 2095 1210 2157 congrua
1233 2073 1419 2140 emendatio
1443 2072 1537 2155 quasi

287 2188 406 2266 sponte
430 2184 611 2251 accederet.

289 2322 360 2393 545.
448 2321 620 2395 scholium.
650 2334 714 2392 Ista
735 2350 806 2409 prae
827 2331 935 2389 ceteris
957 2329 1116 2389 modernae
1130 2328 1204 2388 iuris
1223 2326 1428 2405 philosophiae
1443 2332 1537 2403 eyste-

289 2433 370 2487 mata
390 2430 560 2489 accuratius
582 2430 777 2507 expendenda
799 2428 951 2501 duximus,
980 2448 1040 2487 non
1061 2433 1122 2487 tarn
1144 2427 1221 2503 quod
1243 2446 1361 2486 auorum
1383 2431 1538 2485 auctorum

288 2526 407 2586 nornine
428 2527 524 2603 magia
545 2527 689 2587 celebrari
711 2531 939 2597 consueverunt,
968 2544 1055 2601 quam
1077 2524 1154 2601 quod
1175 2526 1282 2602 duplae
1301 2528 1333 2584 in
1353 2527 1430 2583 iuris
1446 2524 1538 2600 philo

289 2626 391 2700 sophia
411 2627 557 2700 stadium,
585 2624 620 2683 de
643 2644 699 2701 quo
721 2624 866 2695 diximus,
893 2622 1036 2700 primario
1056 2626 1301 2699 repraesentant,
1323 2622 1459 2692 alterum,
1481 2639 1538 2695 quo

289 2719 474 2780 subiectivus
494 2721 569 2781 iuria
591 2724 857 2799 individuam-ismae,
878 2722 1020 2791 alterum,
1042 2739 1100 2796 quo
1122 2719 1228 2778 idealis
1249 2717 1365 2794 quidem
1386 2718 1539 2778 obiectioia·

288 2838 366 2893 anua,
387 2820 439 2877 aad
461 2819 610 2879 mediante
626 2823 810 2898 paraheiamo
831 2810 964 2895 erigitur.
993 2819 1076 2889 Quae
1098 2822 1197 2877 antem
1218 2822 1374 2894 praeterea
1394 2835 1449 2892 per
1461 2815 1538 2875 idem

288 2918 352 2975 fere
367 2920 483 2993 tempus
499 2917 559 2977 alia
569 2917 643 2977 iuris
658 2918 915 2995 philosophemata
928 2917 1112 2995 prodierunt,
1128 2916 1270 2993 pleraque
1283 2916 1328 2974 ita
1341 2916 1420 2974 inter
1428 2920 1538 2974 utrum

288 3032 346 3089 que
367 3014 450 3073 illum
471 3015 557 3090 quasi
577 3016 676 3092 polum
697 3021 866 3087 versantur,
887 3019 921 3074 ut
941 3034 996 3091 pro
1010 3014 1074 3073 suis
1087 3012 1252 3090 principiis,
1274 3013 1380 3089 quibus
1393 3012 1538 3084 nituntur,

288 3110 376 3170 modo
398 3112 435 3169 ad
456 3111 535 3170 hunc
556 3111 642 3171 modo
663 3113 701 3170 ad
723 3112 848 3171 alterum
869 3110 990 3187 propius
1011 3109 1170 3178 accedant,
1191 3113 1280 3183 atque
1301 3107 1475 3167 alterutrius
1496 3127 1539 3166 er-

288 3207 366 3267 roris
388 3209 592 3268 communione
614 3209 772 3283 analogam
795 3207 927 3266 criticam
948 3205 1186 3283 reprobationem
1201 3205 1389 3282 participent.
1418 3205 1453 3263 Id
1467 3224 1539 3264 vero

288 3324 377 3381 quarn
399 3306 528 3365 maxime
549 3306 584 3364 de
606 3306 644 3364 iis
665 3306 766 3364 valere
787 3304 978 3363 manifestum
1000 3308 1061 3374 est,
1084 3302 1189 3379 quibus
1211 3304 1266 3362 sub
1287 3320 1470 3379 quacumque
1492 3302 1538 3360 de·

288 3422 369 3463 mum
389 3404 486 3461 forma
506 3401 737 3479 pantheisticum
758 3399 934 3478 principium
955 3399 1137 3477 praefigitur.

381 3497 478 3567 Quare
500 3499 537 3557 ad
559 3498 741 3573 singulorum
762 3496 885 3574 insuper
905 3496 1041 3555 criticum
1062 3514 1186 3555 examen
1208 3494 1388 3554 descendere
1402 3494 1538 3553 hocloco

287 3616 345 3657 nec
366 3600 456 3654 vacat
475 3615 531 3654 nec
551 3595 644 3655 iuvat.
673 3594 808 3654 Sufficiet
827 3594 927 3672 potius
949 3612 988 3653 ax
1006 3594 1054 3663 iis,
1076 3612 1152 3670 quae
1174 3592 1297 3651 maioris
1310 3592 1452 3652 momenti
1472 3610 1539 3651 esse

287 3694 436 3763 ridentur,
457 3692 600 3753 nonnulla
621 3693 718 3752 obiter
737 3692 902 3752 indicasse:

379 3792 550 3851 Fridcricua
563 3792 700 3851 Krauae¹
715 3791 951 3863 (ital—1832),
974 3789 1058 3848 cuius
1079 3787 1266 3865 speculativa
1279 3787 1427 3865 principia
1441 3786 1540 3846 Schel-

287 3887 431 3964 lingianis
445 3888 508 3946 fere
522 3888 649 3963 analoga
664 3892 743 3959 sunt,
758 3886 877 3962 vulgari
887 3886 1075 3964 pantheiamo
1087 3904 1181 3957 auum,
1197 3904 1282 3961 quem
1292 3889 1391 3955 vocat,
1410 3884 1539 3955 ,Panen-

380 4131 507 4186 Ceterum
535 4133 665 4185 universa
691 4134 815 4185 moderni
841 4132 908 4185 iuris
936 4130 1038 4201 publici
1066 4129 1172 4185 theoria
1202 4130 1322 4184 eiusdem
1353 4128 1540 4199 philosophiae

289 4222 440 4278 corollariis
465 4223 519 4275 iam
544 4222 672 4275 abundat.
709 4220 781 4275 Hinc
805 4221 963 4275 modemnm
990 4219 1151 4290 principium
1177 4220 1269 4288 pacis:
1297 4217 1363 4284 ‚Eia
1389 4218 1541 4273 dauernder

289 4310 409 4365 Znatand
428 4311 477 4365 des
495 4310 625 4363 Friedens
643 4310 681 4364 iat
698 4310 862 4365 herstellbar
881 4328 933 4364 nur
950 4309 978 4361 in
998 4308 1046 4363 der
1064 4308 1143 4362 Form
1163 4308 1239 4361 eines
1260 4307 1474 4374 Gleiclspewicleta
1491 4309 1540 4362 der

290 4402 397 4455 Machi“
420 4402 524 4467 (Adolf
538 4402 653 4468 Luaron,
672 4399 782 4470 System
801 4399 848 4454 der
867 4396 1141 4467 Rechlspbiloanphie
1159 4395 1226 4459 408,
1246 4394 1338 4448 Berlin
1357 4394 1411 4448 und
1430 4393 1541 4465 Leipzig

292 4488 385 4557 1882).
416 4488 488 4543 Hinc
507 4490 535 4541 at
554 4504 709 4558 supremum
729 4488 892 4558 principium
912 4486 1034 4540 moderni
1053 4486 1121 4538 iuris
1140 4483 1277 4552 gentium:
1301 4481 1372 4550 ,Dae
1391 4482 1479 4537 Recht
1496 4486 1542 4538 dea

289 4580 460 4633 uattrls'chcn
480 4578 646 4631 Waebstuma
664 4580 712 4631 der
729 4578 826 4631 lelcer
844 4579 902 4629 und
922 4577 1041 4644 stacten,
1061 4574 1111 4628 das
1123 4572 1212 4627 Recbt
1224 4576 1273 4625 der
1285 4574 1474 4642 Entwiclclunp
1492 4576 1541 4626 der

291 4668 467 4734 Mmaachheit,
493 4666 543 4720 das
561 4665 650 4720 Rcobt
675 4667 720 4719 dea
736 4665 975 4732 fertschre'ienden
994 4659 1113 4717 Lebeua“
1135 4660 1314 4728 (Blariaclili,
1339 4659 1396 4714 Das
1413 4661 1541 4715 moderna

291 4754 479 4820 thkerrecht,
499 4754 633 4819 Vorwnrt,
652 4752 820 4820 Nbrdlingen
841 4752 933 4821 1868).

384 4844 485 4897 ¹lntcr
503 4844 557 4897 alia
577 4844 635 4897 eins
654 4840 841 4913 philosophica
860 4857 942 4910 opera
961 4840 1014 4893 hnc
1032 4838 1184 4908 pertinent:
1205 4834 1363 4903 Grundlage
1382 4836 1430 4890 des
1442 4836 1540 4891 Natur-

291 4931 399 4997 rechts‚
420 4932 503 4997 1803;
529 4932 638 5003 System
658 4930 706 4985 der
724 4930 904 4995 Sittsnlebre,
925 4929 1008 4992 1810;
1036 4928 1132 4982 Abrias
1151 4927 1200 4981 dea
1218 4925 1343 4995 Syatems
1362 4927 1410 4980 der
1427 4926 1543 4981 Rechts·

291 5021 472 5093 philosophie,
493 5020 569 5075 1828.

343 5116 450 5167 Meyer,
465 5116 503 5157 Ins
517 5114 630 5157 naturale.
648 5114 665 5157 Ι.
684 5114 724 5155 Ed.
739 5114 759 5157 2.
1298 5104 1332 5158 29
