3909 5842
439 671 502 737 132
667 666 758 723 Sentio
776 668 796 722 l.
834 667 914 723 Liber
932 669 967 723 ΙΙ.
1006 667 1094 739 Caput
1112 669 1133 723 l.
1170 668 1311 725 Atticulae
1332 670 1355 723 l.
1392 670 1452 736 §3-

436 846 510 915 istis
539 845 754 913 continendas
785 865 859 912 esse
888 846 1001 917 docet:
1032 851 1132 929 atque
1158 847 1207 913 ita
1231 847 1359 929 quidem
1385 869 1450 913 non
1473 848 1578 914 solnm
1601 848 1677 913 bono

438 953 611 1029 communi,
641 972 756 1019 verum
787 952 887 1019 etiam
917 953 1003 1019 bono
1033 953 1226 1021 individuali
1250 958 1284 1020 et
1307 955 1438 1038 privato
1464 956 1588 1039 optime
1611 976 1678 1039 pro·

437 1062 552 1127 videri.
599 1060 716 1143 Itaque
738 1060 772 1125 in
795 1059 858 1127 hac
880 1059 954 1143 ipsa
976 1061 1140 1127 servanda
1160 1062 1303 1148 perfecto
1325 1064 1497 1128 harmonia
1520 1064 1606 1127 inter
1634 1064 1678 1127 ho

437 1170 535 1234 minis
557 1170 780 1235 inclinationes
802 1169 1017 1253 tympanicae
1040 1176 1068 1234 et
1087 1169 1299 1255 idiopothioue
1315 1190 1428 1235 veram
1444 1170 1581 1236 moralis
1597 1169 1680 1235 boni·

437 1275 518 1341 tatis
534 1275 695 1341 rationem
709 1274 809 1341 sitam
826 1294 899 1340 esse
915 1274 1097 1349 ooucludit;
1118 1275 1264 1342 actiones
1280 1276 1373 1359 proin
1389 1276 1420 1341 ei
1436 1278 1680 1351 consentaneas,

437 1383 459 1449 i.
484 1401 512 1447 e.
536 1402 555 1446 e
578 1380 693 1447 sociali
723 1380 927 1464 potissimum
958 1381 1188 1451 benevolentia
1218 1388 1252 1450 et
1275 1383 1383 1449 studio
1408 1382 1484 1448 boni
1508 1382 1683 1448 communis

438 1487 664 1573 procedentes,
690 1488 799 1566 tonna,
823 1508 909 1569 quae
931 1492 1043 1555 autem
1067 1488 1212 1571 egoismo
1235 1488 1462 1573 principaliter
1476 1488 1682 1554 subserviunt

439 1598 498 1661 aut
511 1597 651 1659 naturae
667 1592 895 1673 adversantur,
919 1613 958 1659 eo
974 1593 1047 1677 ipso
1063 1597 1166 1661 motos
1183 1594 1337 1661 dicendas
1353 1616 1442 1671 esse;
1456 1595 1576 1660 eidem
1592 1614 1682 1679 porro

438 1700 622 1767 obieetivae
637 1700 836 1767 moralitatis
851 1701 987 1784 regulae
1003 1702 1148 1785 practice
1165 1701 1381 1786 applicandae
1396 1703 1495 1786 plane
1507 1720 1683 1783 congruere

438 1809 472 1875 in
502 1807 633 1873 humine
662 1828 787 1873 sensnm
818 1809 981 1891 moralem,
1015 1828 1111 1889 quem
1142 1812 1313 1892 comparat
1344 1808 1456 1875 sensui
1488 1807 1681 1874 aesthetico:

439 1914 608 1997 utriusque
639 1933 721 1991 esse,
752 1914 948 1981 rationalem
978 1912 1181 1979 harmoniam
1205 1914 1391 1999 percipere;
1421 1912 1518 1979 huius
1550 1913 1682 1995 quidem,

439 2018 644 2085 harmoniam
678 2018 911 2096 aestheticam,
942 2019 1030 2085 illius
1060 2040 1140 2085 vero
1171 2020 1340 2086 moralem.
1394 2019 1484 2097 Quae
1516 2019 1682 2084 moralitas

440 2147 513 2193 cum
536 2124 570 2188 in
592 2122 664 2189 sola
679 2129 801 2190 natura
816 2125 970 2208 empirice
987 2126 1195 2191 considerata
1211 2126 1346 2203 nitatur,
1370 2125 1468 2191 facile
1484 2124 1682 2207 intellegitur

439 2230 632 2313 religionem
661 2228 750 2294 nullo
780 2230 845 2295 alio
868 2230 1000 2296 vinculo
1024 2231 1054 2296 ei
1078 2231 1204 2297 conecti
1228 2231 1291 2297 nisi
1320 2232 1507 2296 extrinseco
1535 2230 1682 2297 utilitatis

440 2338 482 2404 ad
505 2358 579 2403 eam
602 2336 635 2402 iu
660 2336 769 2402 animo
792 2336 1043 2403 sustentandam
1068 2341 1102 2404 et
1125 2337 1291 2403 efficacius
1314 2336 1518 2403 firmandam.

529 2443 731 2510 Peculiarem
756 2444 975 2509 evolutionem
992 2442 1106 2509 eadem
1129 2442 1335 2527 philosophia
1357 2443 1491 2509 moralis
1514 2446 1616 2509 nacta
1638 2447 1680 2507 est

439 2554 473 2617 in
497 2550 667 2617 academia
689 2548 922 2633 glasgowiensi
939 2550 1079 2628 Scotiae,
1104 2571 1206 2632 quare
1230 2554 1264 2617 et
1290 2550 1414 2631 ,aetolo
1438 2548 1573 2615 scotioo“
1600 2548 1681 2613 dein·

440 2680 518 2741 ceps
549 2656 709 2741 appellari
739 2656 918 2722 consuerit.
971 2656 1109 2723 Scholae
1140 2656 1297 2723 fundator
1328 2656 1438 2722 factus
1468 2658 1519 2721 est
1556 2657 1682 2721 monas

441 2766 544 2831 noim
568 2763 829 2843 (1704-1796),
854 2763 887 2827 in
903 2762 1017 2829 eadem
1035 2761 1204 2829 academia
1220 2760 1398 2845 professor,
1422 2760 1487 2843 qui,
1509 2764 1548 2827 ut
1564 2759 1681 2826 efficaci

440 2868 584 2936 remedie
608 2870 817 2954 seeptioismo
841 2873 1039 2948 occurreret,
1064 2891 1160 2953 quem
1184 2869 1291 2935 David
1308 2868 1416 2935 Hume
1439 2866 1681 2949 (1711-1776)

443 2998 486 3043 ex
509 2976 664 3061 empirica
690 2976 895 3059 philosophia
920 2976 1111 3055 deducebat,
1142 2976 1227 3042 hanc
1256 2998 1335 3043 novo
1358 2978 1466 3062 nliqno
1489 2974 1682 3041 eentitndinia

440 3084 602 3169 principio
632 3102 735 3165 eoque
765 3082 890 3165 pariter
920 3083 1076 3167 empirica
1106 3083 1233 3148 munire
1263 3080 1444 3149 constituit.
1498 3078 1680 3146 Invineibile

446 3187 603 3253 eiusmodi
627 3188 823 3272 principium
847 3210 919 3254 esse
943 3190 1082 3256 docebat
1104 3193 1284 3255 incinctam
1311 3191 1464 3282 ornantis,
1495 3186 1681 3254 naturaliter

443 3294 566 3361 homini
588 3294 738 3373 inditum,
770 3294 812 3360 ab
842 3294 1072 3377 intellegentia
1102 3296 1237 3377 eiusque
1268 3294 1460 3381 operatione
1490 3293 1679 3360 distinctum.

444 3422 540 3484 quern
567 3422 711 3483 ,aeneam
737 3401 948 3468 commonem“
975 3400 1144 3483 (Common
1169 3400 1284 3483 Sense)
1308 3402 1510 3485 appellabat,
1541 3398 1574 3465 vi
1601 3397 1680 3464 cuius

443 3508 539 3573 homo
562 3504 752 3573 immediate
776 3510 810 3573 et
832 3506 977 3574 naturali
1000 3506 1151 3592 impulsu,
1175 3506 1196 3574 i.
1214 3527 1242 3573 e.
1260 3506 1350 3573 nulla
1373 3510 1550 3592 perspecta
1565 3504 1682 3573 ratione

444 3613 572 3691 ductus,
597 3613 757 3695 quasdam
780 3612 941 3680 veritates
961 3612 1104 3678 maxime
1120 3612 1324 3680 necessarias
1341 3612 1464 3679 ordinis
1479 3616 1551 3678 tum
1567 3608 1682 3695 physici

441 3724 512 3786 tum
543 3716 761 3803 metaphysici
792 3722 826 3783 et
856 3718 990 3784 moralis
1017 3724 1185 3802 tamquam
1210 3725 1319 3787 certas
1342 3718 1564 3804 amplectitur.
1609 3718 1683 3783 Con·

443 3846 584 3909 sequens
608 3830 689 3903 erat,
714 3829 753 3890 ut
774 3824 808 3890 in
830 3824 947 3890 morali
971 3844 1099 3907 qnoque
1116 3826 1322 3909 philosophia
1336 3825 1423 3891 idem
1439 3828 1581 3891 naturae
1600 3844 1683 3903 ,sen-

444 3934 519 3998 sus“
553 3930 705 3996 similiter
735 3930 777 3996 ad
808 3930 1003 4013 dignitatem
1035 3930 1178 4015 supremi
1207 3934 1363 4018 principii
1392 3934 1587 3997 moralitatis
1615 3948 1682 3994 eve

444 4042 589 4115 heretur,
614 4038 634 4105 i.
660 4058 688 4102 e.
711 4041 748 4103 ut
764 4044 894 4103 ectnzna
910 4040 1058 4103 horrostoe
1074 4048 1130 4103 orat
1146 4040 1330 4105 inhonestae
1347 4040 1531 4104 dicerentur
1546 4038 1681 4103 notiores.

445 4153 601 4232 qnatenus
624 4144 698 4209 nnio
721 4146 870 4228 empirice
894 4146 1021 4210 criterio
1045 4144 1221 4227 conformer
1244 4152 1302 4210 ont
1326 4144 1491 4228 difformes
1507 4154 1615 4211 essent.
1645 4141 1682 4207 Et
1770 4134 1771 4221 l

445 4271 564 4317 revera
596 4250 659 4315 hoc
693 4248 764 4314 fere
798 4250 961 4315 communi
996 4250 1154 4335 principio
1196 4251 1230 4316 in
1267 4254 1340 4319 tota
1373 4250 1528 4335 deinceps
1570 4250 1680 4331 ,echon

446 4356 579 4424 scotico“
613 4356 771 4421 moralem
802 4356 985 4421 doctrinam
1013 4356 1144 4422 fundari
1166 4356 1326 4435 videmus,
1357 4376 1556 4437 quamquam
1580 4371 1681 4419 sensus

446 4466 502 4530 ille
526 4462 705 4529 communis
729 4464 815 4546 apud
837 4463 948 4529 varios
971 4463 1066 4529 varia
1088 4464 1222 4529 nomina
1241 4462 1380 4529 sortitur
1395 4465 1430 4528 et
1445 4462 1543 4527 modo
1562 4476 1680 4539 ,sensus

448 4568 615 4647 moralis‘,
637 4570 734 4635 modo
763 4570 956 4649 ,instinctus
971 4570 1176 4647 rationalis“,
1192 4569 1288 4635 modo
1312 4568 1521 4653 ,sympathia
1536 4570 1591 4634 ant
1604 4560 1678 4630 anti·

447 4676 562 4761 pathia
584 4675 735 4741 moralis“
756 4676 952 4761 appellatur.
986 4676 1136 4743 Ceterum
1153 4677 1364 4761 praeterhac
1380 4675 1546 4741 criterium
1562 4666 1677 4736 morali·

451 4834 727 4843 -α--ο-υ-ρ..-.
742 4836 752 4840 -

539 4921 549 4953 ¹
566 4918 610 4972 llx
628 4918 687 4971 eius
704 4916 831 4987 operibus
849 4916 893 4971 hic
911 4916 1118 4971 nominandam:
1147 4917 1258 4986 lnquiry
1281 4918 1338 4971 into
1361 4916 1409 4971 the
1427 4916 1537 4972 Hamae
1553 4912 1625 4973 llind,
1646 4924 1674 4959 or

448 5010 496 5061 the
513 5005 650 5075 Principis
668 5005 699 5058 of
715 5004 843 5058 Common
862 5005 954 5069 Senes,
973 5004 1132 5072 Edinburgh
1154 5006 1230 5059 1765.
