3909 5842
698 720 744 774 Ius
763 737 779 774 a
798 737 848 775 sua
867 720 971 788 origine
989 723 1123 774 sanctum.
1467 729 1532 793 403

376 893 409 978 a)
433 895 524 974 Quod
557 897 598 962 ad
630 897 681 962 ius
717 895 917 975 „formaliter
949 896 1150 963 subsistens“
1183 898 1263 964 nihil
1294 899 1383 965 aliud
1412 902 1534 985 requiri

284 1005 460 1087 supponat,
485 1002 546 1067 nisi
561 1003 701 1086 for-mam
718 1013 879 1070 externam
896 1006 1075 1090 legalitatis,
1098 1004 1119 1070 i.
1138 1025 1165 1070 e.
1182 1004 1315 1072 utillud
1332 1027 1352 1072 a
1367 1011 1535 1091 potestate

284 1129 346 1194 per
369 1129 405 1175 se
427 1109 577 1192 legitima
600 1113 635 1175 et
657 1108 723 1175 ritu
747 1110 847 1192 legali
871 1110 1038 1176 conditum
1061 1110 1115 1178 sit.
1140 1147 1181 1156 -
1205 1099 1344 1179 Constat
1362 1115 1473 1179 autem
1490 1135 1535 1180 es-

284 1217 450 1281 sentiatem
475 1223 502 1280 et
525 1237 717 1282 commanem
743 1215 921 1300 ,forman‘
948 1215 1054 1282 omnis
1076 1215 1157 1282 iuris
1180 1217 1251 1283 sive
1271 1218 1373 1285 divini
1388 1219 1459 1285 sive
1474 1220 1535 1286 hu·

284 1321 384 1399 mani,
408 1341 468 1404 per
491 1317 589 1403 quam
612 1321 662 1387 ius
691 1321 908 1398 ,formaliter“
937 1323 1080 1390 efficitur
1099 1326 1133 1389 et
1148 1324 1308 1404 subsistit,
1332 1329 1411 1392 ante
1426 1331 1536 1394 omnia

284 1426 321 1491 in
350 1427 423 1511 ipsa
451 1427 567 1493 morali
597 1427 667 1493 eius
698 1428 846 1495 efficacia
876 1433 909 1496 et
933 1430 1111 1496 inviolabili
1133 1432 1299 1516 obligandi
1321 1434 1437 1498 vittate
1460 1453 1535 1498 con·

285 1533 406 1599 sistere
430 1553 533 1615 eaque
557 1532 714 1600 divinitus
738 1541 820 1604 orta.

379 1639 411 1720 b)
435 1639 527 1718 Quod
557 1646 795 1724 consequenter
826 1652 882 1709 aat
910 1643 1068 1708 moralem
1096 1641 1175 1708 iuris
1203 1643 1352 1726 vigorem
1375 1645 1536 1712 obiective

285 1746 503 1812 reverendum
527 1768 547 1813 a
570 1748 641 1814 sola
663 1749 722 1814 illa
742 1753 881 1815 externa
897 1748 1085 1815 condicione
1100 1749 1283 1833 legalitatis
1298 1751 1369 1816 sine
1384 1757 1536 1838 respectu

287 1853 331 1918 ad
360 1851 532 1918 materiam
564 1853 706 1921 derivari
736 1857 851 1938 fingat,
883 1865 940 1921 ant
969 1856 1136 1940 propriam
1162 1857 1242 1922 iuris
1265 1858 1342 1937 vim,
1373 1881 1438 1942 qua
1467 1861 1536 1927 for·

287 1957 419 2024 maliter
442 1959 611 2038 subsistat,
635 1982 728 2027 mera
750 1961 920 2028 coactione
942 1961 1082 2046 physica
1104 1961 1175 2028 sine
1198 1963 1265 2029 ullo
1286 1965 1404 2032 effectu
1419 1967 1536 2033 morali

288 2069 441 2131 constare
465 2065 562 2132 dieat.
593 2067 845 2150 —Utrumque
868 2072 979 2134 autem
1002 2067 1225 2152 philosophice
1252 2069 1372 2136 falsum
1400 2077 1461 2152 est,
1485 2075 1535 2139 al-

287 2175 397 2238 terum
426 2173 502 2254 quia
533 2193 606 2239 cum
637 2173 804 2241 essentiali
834 2173 959 2257 origine
989 2177 1121 2241 moratis
1151 2176 1361 2260 obligationis,
1393 2179 1535 2244 alterum

289 2277 366 2360 quia
389 2299 462 2343 cum
487 2286 608 2344 natara
631 2283 715 2346 iaris
739 2279 960 2347 essentialiter
983 2284 1099 2348 morati
1120 2287 1256 2365 pugnat.

584 2433 733 2507 Notanda
756 2435 797 2507 ad
820 2435 995 2508 solvendas
1017 2434 1241 2510 dfflodmtes.

290 2557 361 2630 50³.
454 2561 483 2628 1.
507 2559 613 2626 Nemo
637 2581 717 2627 sane
741 2561 923 2645 negaverit,
947 2561 981 2626 in
1003 2561 1164 2628 societate
1178 2562 1262 2628 bene
1278 2562 1439 2641 ordinata,
1468 2563 1538 2642 ,ius

290 2665 485 2732 humanum“
513 2667 614 2733 etiam
631 2666 792 2734 obiective
808 2667 988 2734 invalidum
1005 2672 1040 2734 et
1055 2667 1225 2734 moraliter
1239 2667 1393 2736 inefficax
1409 2669 1538 2737 ratione

291 2773 408 2856 legalis
431 2774 566 2857 originis
590 2778 624 2840 et
647 2775 773 2841 formae
797 2777 939 2862 aliquam
961 2775 1170 2841 nihilominus
1185 2777 1406 2842 reverentiam
1421 2776 1538 2842 merito

291 2879 477 2965 deposcere,
509 2885 545 2946 at
572 2901 637 2945 non
666 2879 728 2964 ipsi
759 2885 935 2964 praetenso
965 2880 1030 2946 iuri
1058 2884 1227 2964 tamquam
1251 2881 1438 2948 formaliter
1460 2882 1537 2947 suh-

291 2986 420 3053 sistenti
451 2991 486 3052 et
515 2986 639 3068 agnito,
670 2985 728 3051 sed
758 2987 818 3051 soli
849 2985 1042 3053 auctoritati
1071 2986 1239 3069 legitimae
1269 2991 1304 3052 in
1327 2995 1539 3075 respectatur

291 3093 422 3178 proprie
442 3091 662 3158 deferendam.
694 3090 819 3176 Quippe
835 3092 1043 3173 non-agnitio
1060 3091 1219 3157 eiusmodi
1234 3092 1314 3157 iuris
1330 3097 1389 3158 aut
1403 3093 1539 3178 passiva
1652 3153 1657 3162 .

292 3199 480 3266 resistentia
509 3197 557 3262 illi
587 3195 739 3282 opposita
768 3219 827 3282 per
857 3221 893 3264 se
923 3198 1004 3262 nihil
1035 3198 1180 3265 detrahit
1205 3199 1422 3277 reverentiae,
1454 3219 1538 3282 quae

291 3306 444 3372 universo
475 3303 579 3369 ordini
610 3303 724 3368 sociali
753 3309 898 3370 ceterum
928 3303 1077 3386 legitimo
1104 3305 1137 3368 vi
1161 3303 1241 3368 iuris
1265 3303 1366 3369 divini
1390 3304 1536 3373 debetur.

291 3414 370 3478 Cum
394 3411 508 3476 eadem
532 3431 568 3474 re
592 3409 801 3477 consentiunt
823 3411 958 3492 regulae
974 3411 1141 3494 practicae
1156 3410 1244 3476 circa
1259 3410 1366 3493 legem
1382 3409 1536 3476 iniustam

292 3516 518 3585 observandae
541 3513 630 3592 (vide
653 3537 684 3582 n.
710 3516 799 3598 298).
847 3517 957 3600 Atque
985 3517 1035 3584 ita
1063 3538 1145 3582 vera
1173 3516 1254 3582 iuris
1288 3515 1533 3595 ,obiectivitas“

292 3646 356 3690 non
379 3624 483 3689 solum
507 3643 572 3688 non
595 3623 731 3702 tollitur,
756 3623 814 3688 sed
837 3623 946 3708 potius
968 3623 1003 3688 in
1026 3644 1063 3689 re
1078 3622 1222 3688 maxime
1238 3623 1406 3689 essentiali
1422 3626 1538 3690 contra

292 3730 506 3797 subiectivum
530 3729 700 3796 arbitrium
724 3731 884 3796 asseritur
906 3735 1007 3814 atque
1030 3729 1225 3797 defenditur.

293 3854 362 3926 504.
454 3856 483 3920 2.
509 3852 615 3920 Causa
644 3854 777 3938 proprie
807 3855 946 3939 efficiens
975 3853 1056 3918 iuris
1086 3853 1170 3936 (sive
1200 3874 1259 3938 pro
1286 3854 1360 3938 lege
1383 3855 1454 3921 sive
1476 3877 1537 3940 pro

291 3963 458 4044 potestate
491 3959 631 4045 accepti)
663 3964 730 4028 sota
762 3969 805 4028 est
835 3964 1010 4027 auctoritas
1040 3963 1087 4027 ael
1116 3963 1254 4028 mediate
1281 3965 1329 4028 ael
1355 3965 1538 4030 immediate

292 4070 410 4136 divina.
458 4068 639 4152 Propterea
668 4069 760 4135 faeta
781 4069 840 4134 illa
862 4068 1078 4152 particularia
1101 4072 1136 4133 et
1159 4067 1395 4150 contingentia,
1420 4070 1536 4151 quibus

291 4175 363 4242 iura
397 4179 431 4242 et
464 4174 544 4240 iuris
578 4175 755 4242 relationes
789 4175 823 4240 in
857 4174 1050 4259 particulari
1084 4173 1347 4240 determinantur
1384 4177 1419 4240 et
1451 4175 1535 4240 indi-

293 4282 478 4358 viduantur,
509 4285 600 4348 reete
624 4281 753 4364 quidem
778 4302 897 4348 causae
922 4283 1169 4348 determinantes
1190 4281 1245 4345 vel
1268 4283 1479 4347 occasionatea
1502 4285 1537 4348 et

292 4440 373 4494 retice
392 4442 421 4492 et
438 4437 558 4508 practice
577 4437 721 4508 opponitur
740 4439 807 4490 iaris
826 4437 934 4490 axioma
952 4437 1126 4491 modernum:
1152 4435 1238 4503 ,luris
1263 4434 1369 4505 peritus
1386 4453 1440 4489 non
1458 4438 1536 4492 norit

292 4527 486 4582 oboedientiam
511 4526 564 4580 nisi
589 4543 655 4594 erga
673 4526 761 4594 legem
781 4525 889 4596 publice
907 4525 1084 4579 stabilitam*
1112 4555 1147 4562 —
1175 4523 1245 4590 ,Fur
1263 4523 1316 4577 den
1334 4523 1456 4578 dunsten
1476 4525 1536 4593 gibt

292 4634 321 4672 es
339 4633 390 4670 nur
402 4615 553 4672 Gehorsam
571 4633 660 4684 gagen
680 4615 729 4669 das
748 4614 913 4669 bestehsnde
927 4613 1041 4668 Gessta‘
1064 4614 1116 4682 (ita
1134 4614 1193 4667 fere
1211 4629 1371 4683 responsum
1390 4613 1424 4666 ab
1443 4614 1535 4683 aliquo

291 4705 415 4759 ministro
437 4703 598 4770 ,catholico“
620 4703 647 4756 in
666 4703 782 4773 publicis
796 4701 913 4758 comitiis
929 4703 1019 4770 1882).
1039 4731 1074 4740 —-
1092 4702 1180 4755 Mirus
1192 4703 1267 4756 certe
1279 4699 1307 4754 in
1320 4719 1350 4755 re
1362 4701 1456 4755 morali
1469 4703 1535 4757 dua·

290 4793 399 4848 liumus!
419 4824 452 4833 -
470 4793 582 4846 Diceres
607 4793 675 4846 duas
694 4809 755 4846 esse
774 4791 801 4844 in
820 4808 875 4844 una
893 4791 1083 4858 intellegentia
1100 4805 1211 4843 normas
1229 4788 1381 4842 obieetivae
1399 4790 1534 4856 verimtis,

292 4883 358 4936 duas
376 4881 405 4934 in
424 4899 476 4935 uno
494 4880 602 4934 homine
621 4879 802 4934 conscientias
820 4879 945 4942 morales,
965 4879 1036 4932 inter
1054 4897 1084 4933 ss
1097 4877 1269 4932 coordinatas
1282 4881 1310 4930 et
1322 4877 1535 4948 independentes

292 4969 336 5025 vel
354 4969 438 5023 etiam
457 4969 508 5023 sibi
527 4971 679 5040 oppositas,
705 4969 820 5023 alteram
840 4967 1018 5022 christianam
1037 4971 1066 5021 et
1083 4967 1232 5037 privatam,
1259 4965 1373 5019 alteram
1391 4966 1533 5022 iuridicam

291 5064 319 5115 et
336 5057 483 5130 publicam,
502 5075 571 5126 quae
589 5061 680 5112 tamen
700 5057 726 5110 in
746 5057 854 5110 homine
873 5055 981 5126 publico
999 5072 1107 5126 semper
1124 5053 1284 5125 praevalere
1302 5052 1415 5108 debeat!

1313 5143 1326 5172 1
