3909 5842
441 594 483 660 82
661 588 792 643 Sectiol.
828 587 909 643 Liber
926 588 947 644 1.
985 588 1074 659 Caput
1091 589 1140 645 111.
1177 588 1318 644 Articulus
1336 589 1362 645 2.
1400 589 1461 657 53.

441 767 581 849 denique
604 766 637 831 in
661 769 738 844 ente
761 786 839 831 vere
861 765 965 831 libero
988 786 1119 832 sensnm
1142 766 1237 833 huius
1260 766 1424 833 libertatis
1447 764 1610 832 clariorem
1634 788 1663 832 ao

440 874 614 939 certiorem
644 870 767 954 requiri
796 875 855 937 aut
884 872 1011 957 concipi
1039 892 1137 957 posse
1167 894 1206 938 eo
1235 872 1324 957 ipso,
1355 892 1453 954 quem
1481 892 1543 937 nos
1569 893 1664 938 revera

440 978 637 1064 experimur.

529 1086 628 1170 Atqui
651 1082 811 1149 eiusmodi
833 1087 988 1150 acuemus
1015 1086 1049 1149 et
1078 1083 1265 1150 invincibile
1291 1084 1442 1152 internae
1465 1082 1666 1168 experientiae

441 1190 666 1258 testimoninm
697 1188 898 1273 proindeque
931 1188 1112 1255 certissimo
1144 1189 1296 1256 veritatis
1331 1190 1463 1257 criterio
1497 1190 1666 1273 insignitum

439 1298 537 1383 plane
561 1298 753 1382 comprobat
775 1297 982 1363 voluntatem
1005 1300 1153 1363 nostram
1175 1317 1255 1364 vera
1276 1297 1431 1363 libertate
1449 1294 1668 1362 indifferentiae

440 1404 624 1489 praeditam
648 1424 731 1481 esse,
763 1423 829 1468 non
851 1402 957 1469 solum
979 1402 1165 1487 potentiali,
1197 1404 1254 1469 sed
1277 1402 1311 1468 in
1333 1402 1446 1469 mulln's
1469 1404 1540 1469 suis
1563 1403 1670 1469 actibus

440 1509 539 1577 etiarn
564 1509 697 1576 actuali.
743 1508 822 1587 Quis
852 1513 954 1591 neget
976 1529 1049 1575 esse
1072 1509 1133 1576 boc
1156 1510 1321 1575 internum
1343 1508 1569 1576 testimonium
1591 1508 1670 1594 plane

440 1616 608 1694 eiusmodi,
640 1616 737 1699 quale
766 1615 945 1698 requiritur
974 1619 1010 1682 et
1039 1636 1112 1682 esse
1136 1616 1243 1693 debet,
1273 1615 1302 1681 si
1323 1636 1402 1682 vere
1425 1616 1532 1682 libero
1556 1616 1671 1681 arbitrio

440 1722 643 1804 gaudemus?
666 1758 712 1770 —-
733 1721 779 1787 Et
808 1742 899 1798 sane,
933 1722 963 1787 si
993 1722 1192 1789 necessitate
1221 1721 1437 1789 antecedente
1466 1723 1509 1788 ad
1543 1742 1671 1787 unane

440 1827 704 1893 contradictoriis
726 1828 780 1893 vel
804 1827 978 1894 contrariis
1001 1848 1203 1911 urgeremur,
1231 1848 1291 1894 nec
1315 1829 1457 1895 attentio
1480 1830 1526 1895 ad
1550 1830 1671 1895 altemn

438 1953 499 1999 nec
519 1933 710 2001 deliberatio
732 1935 869 2002 ulterior
888 1956 948 2000 nec
971 1934 1086 2001 dilatio
1110 1936 1279 2003 electionis
1302 1938 1491 2003 simultanec
1516 1936 1553 2002 111
1575 1939 1671 2002 nostra

439 2042 606 2123 potestate
638 2045 736 2107 esset.
782 2041 861 2107 Ideo
891 2045 927 2107 et
956 2044 1052 2107 actus
1082 2042 1265 2109 voluntatis
1295 2043 1500 2109 necessarios
1532 2065 1555 2109 a
1579 2042 1672 2107 liberis

440 2166 506 2211 non
534 2146 665 2213 aliunde
693 2146 934 2230 distinguimus,
966 2168 1063 2231 quarn
1087 2148 1173 2231 quod
1196 2149 1229 2213 in
1253 2149 1318 2215 illis
1341 2150 1511 2233 appetitus
1533 2149 1569 2215 in
1591 2170 1673 2213 onum

439 2272 482 2317 ex
505 2252 682 2336 propositis
704 2254 820 2331 fertur,
844 2253 960 2319 lubens
984 2254 1124 2337 quidem,
1148 2256 1206 2320 sed
1229 2256 1300 2321 sine
1316 2255 1556 2323 deliberatione
1571 2261 1606 2322 et
1619 2255 1673 2321 sine

438 2379 532 2424 mora
554 2359 735 2427 electionis.
782 2361 878 2447 Erpa.
905 2413 912 2425 .
939 2414 979 2427 ..

439 2496 502 2567 112.
591 2496 752 2570 Probatur
773 2496 842 2569 111⁰.
888 2500 941 2565 Ea
965 2504 1122 2567 communi
1144 2503 1306 2567 bominum
1324 2506 1548 2587 persuasione.

529 2609 663 2694 Arpum.
688 2609 719 2673 1.
764 2606 927 2674 Nationes
955 2608 1099 2674 morales
1128 2607 1258 2674 honesti
1287 2613 1321 2675 61
1348 2608 1522 2691 inhonesti,
1555 2610 1629 2676 iusti
1649 2612 1675 2672 et

439 2711 561 2790 iniusti,
591 2711 674 2778 liciti
705 2717 740 2779 et
770 2713 887 2794 illiciti,
920 2715 1031 2781 meriti
1060 2736 1100 2781 ac
1129 2715 1290 2793 demeriti,
1322 2716 1429 2783 laudis
1459 2720 1493 2783 et
1524 2716 1675 2801 vituperii,

439 2819 578 2903 praemii
608 2822 643 2884 et
671 2840 797 2903 poenae
826 2841 892 2886 non
915 2821 1022 2887 solum
1045 2822 1171 2887 cunetis
1193 2822 1377 2887 hominibus
1400 2842 1601 2899 communes,
1629 2819 1674 2885 sed

439 2926 488 2992 ita
512 2927 692 2991 coemtialcs
715 2926 814 2991 etiam
838 2931 874 2993 et
894 2926 928 2992 in
946 2936 1069 2993 notar-a
1085 2930 1239 2993 rationali
1252 2927 1414 3010 foedatae
1430 2932 1517 3007 sunt,
1542 2932 1582 2995 ut
1597 2950 1616 2993 a
1629 2947 1675 2991 ne

440 3032 527 3097 mine
560 3032 689 3099 ratione
716 3034 831 3099 utente
853 3054 1008 3115 umquam
1041 3033 1185 3115 ignorari
1217 3037 1349 3115 queant.
1396 3036 1563 3120 Perpetua
1593 3032 1677 3099 testis

440 3137 536 3205 buius
559 3138 710 3205 veritatis
733 3138 806 3223 ipsa
829 3142 880 3205 est
903 3138 1046 3205 humana
1069 3139 1220 3217 societas,
1245 3161 1339 3223 quae,
1363 3142 1426 3207 nisi
1440 3140 1506 3206 illis
1522 3140 1675 3207 hominum

440 3246 627 3313 notionibus
637 3249 805 3328 tamquam
819 3247 982 3313 communi
994 3247 1164 3313 rationalis
1179 3249 1270 3315 vitae
1285 3248 1499 3315 fundamento
1516 3249 1676 3323 niteretur,

440 3374 547 3437 neque
570 3352 649 3419 oriri
671 3352 833 3435 potuisset
856 3372 963 3435 neque
985 3373 1083 3437 porro
1107 3354 1286 3421 subsistere
1308 3359 1421 3439 posset
1432 3357 1453 3421 ¹.

527 3462 628 3544 Atqui
651 3478 764 3524 omnes
787 3459 945 3525 eiusmodi
968 3460 1120 3526 notiones
1144 3480 1347 3556 communem
1361 3482 1499 3545 quoque
1520 3460 1674 3527 hominum

440 3569 662 3632 cmmcieatiom
674 3563 766 3630 liberi
781 3567 911 3632 arbitrii
926 3569 1112 3651 implicitam
1128 3568 1244 3633 babeat
1256 3591 1293 3633 aa
1305 3572 1482 3634 necessario
1493 3572 1675 3655 supponam,

439 3672 472 3737 id
495 3671 581 3753 quod
605 3692 648 3737 ex
669 3670 742 3754 ipsa
760 3672 894 3737 notione
914 3672 1112 3737 moralitatis
1128 3674 1355 3739 nemoralium
1371 3674 1567 3755 qualitatum
1584 3673 1676 3740 actio·

439 3778 490 3843 nis
513 3776 723 3843 manifestum
747 3780 808 3845 est.

528 3885 616 3970 Erpa
640 3883 821 3951 communis
836 3904 965 3967 quoque
981 3884 1063 3951 baec
1079 3885 1242 3951 hominum
1259 3886 1439 3969 persuasio,
1464 3906 1529 3969 qua
1547 3886 1674 3952 libemm

440 3990 611 4057 arbitrium
626 3990 689 4055 sibi
704 3990 900 4069 attribuunt,
916 3991 950 4055 in
966 4010 1077 4056 eornm
1095 4000 1215 4057 natura
1231 3994 1385 4058 rationali
1398 3992 1543 4075 fun-data
1559 3988 1673 4059 censeri

439 4098 537 4166 debet
558 4118 599 4163 ac
622 4096 758 4180 proinde
782 4097 944 4164 obiectiva
967 4097 1110 4164 veritate
1133 4118 1247 4165 carere
1270 4120 1333 4164 non
1357 4104 1478 4182 potest.

528 4207 661 4290 Arpam.
686 4208 719 4271 2.
765 4204 955 4270 Subiectiva
976 4204 1143 4269 hominum
1166 4204 1335 4287 persuasio
1359 4205 1399 4269 de
1422 4204 1525 4270 libero
1548 4202 1674 4270 arbitrio

438 4310 563 4377 lactum
586 4313 639 4376 est
660 4310 936 4394 psychologicum,
968 4310 1286 4394 anthropologicum,
1318 4310 1440 4376 sociale
1467 4316 1620 4377 constans
1645 4310 1674 4372 et

439 4416 635 4494 universale,
660 4438 720 4481 nec
743 4437 808 4481 non
831 4416 913 4483 adeo
937 4416 1111 4495 notorium,
1135 4421 1172 4483 ut
1191 4436 1285 4483 nemo
1301 4438 1456 4499 umquam
1475 4415 1673 4483 adversarius

438 4523 518 4588 illud
541 4523 647 4606 ipsum
670 4522 805 4589 infitiari
827 4523 912 4589 serio
936 4528 1074 4589 conatus
1090 4525 1143 4591 sit.
1175 4524 1278 4590 Immo
1295 4524 1325 4589 ei
1341 4524 1413 4609 ipsi,
1441 4524 1496 4606 qui
1519 4524 1670 4589 hominem

438 4629 542 4694 libero
572 4628 708 4695 arbitrio
737 4650 856 4695 revera
882 4630 1068 4713 praeditum
1093 4652 1165 4696 esse
1188 4634 1323 4713 negant,
1354 4630 1562 4695 nibilominus
1589 4628 1670 4693 illam

439 4735 654 4802 subiectivam
676 4736 919 4820 persuasionem
943 4757 1064 4803 exuere
1088 4742 1263 4820 nequeunt,
1294 4737 1352 4802 sed
1376 4758 1448 4803 eam
1471 4736 1503 4801 111
1527 4738 1669 4803 totusue

439 4859 747 4867 Μαι--.φ-

531 4915 537 4945 ¹
558 4911 588 4965 ld
607 4912 695 4981 ipsum
718 4911 828 4965 directis
847 4911 1015 4977 argumentis
1034 4911 1106 4965 infra
1127 4911 1156 4979 (1.
1176 4912 1202 4964 ll
1221 4915 1249 4965 et
1267 4910 1319 4981 III)
1340 4911 1499 4965 adstruitur.
