3909 5842
663 653 704 708 Do
722 655 843 711 fontibus
861 655 1026 712 moralitatis
1044 657 1072 711 in
1089 657 1190 728 specie.
1484 663 1546 728 167

389 833 421 898 2.
446 837 477 896 Α
490 833 564 916 fine.
596 831 634 896 ln
650 832 738 898 omni
754 836 831 900 actu
846 833 1035 902 voluntario
1049 834 1124 901 finis
1134 835 1235 903 habet
1250 835 1412 904 rationem
1428 859 1548 905 causae

285 940 469 1021 eracemum
497 941 548 1005 est
578 937 664 1004 enim
687 939 731 1018 id,
760 941 1006 1024 propterquod
1030 941 1184 1008 voluntas
1207 946 1242 1009 et
1264 963 1301 1008 ee
1324 948 1359 1011 et
1381 945 1548 1028 potentias

284 1041 360 1108 sibi
384 1043 550 1110 subiectos
574 1043 617 1110 ad
639 1065 733 1110 suum
758 1049 868 1112 actum
892 1067 951 1112 seu
974 1050 1100 1114 motum
1124 1042 1332 1116 determinat.
1364 1051 1451 1138 Erqo
1474 1051 1549 1117 finis

285 1149 330 1215 in
357 1171 486 1216 omnem
510 1154 621 1218 actum
644 1171 710 1234 qua
733 1152 954 1219 voluntarium
977 1173 1046 1233 seu,
1070 1154 1157 1236 quod
1179 1153 1266 1220 idem
1289 1160 1351 1234 est,
1376 1177 1442 1239 qua
1462 1159 1549 1242 finc-

288 1259 374 1323 liter
402 1258 559 1322 directum
588 1257 766 1326 causaliter
795 1261 830 1324 et
852 1257 1038 1326 formaliter
1059 1259 1177 1326 influit.
1223 1260 1300 1326 Ideo
1323 1261 1398 1328 finis
1420 1282 1550 1346 quoque

290 1367 412 1430 actum
435 1362 468 1428 in
492 1362 606 1429 ordine
628 1363 743 1430 morali
768 1365 936 1450 specificat.
967 1364 1085 1448 Neque
1108 1366 1203 1433 obest
1225 1367 1380 1449 generale
1402 1367 1548 1434 axioma:

296 1469 486 1547 „obiectum
516 1469 684 1554 specificat
717 1472 867 1548 actum¹¹3
898 1491 937 1536 eo
968 1470 1054 1536 enim
1085 1470 1156 1555 ipso
1186 1471 1273 1553 quod
1301 1474 1457 1555 generale
1486 1479 1549 1553 est,

291 1574 508 1642 referendum
538 1582 591 1645 eet
620 1576 721 1644 etiam
751 1577 922 1656 adfinem,
954 1577 1010 1660 qui
1033 1581 1086 1644 est
1108 1580 1261 1645 obiectum
1284 1582 1450 1649 uolitiom'e.
1495 1581 1550 1648 Ita

294 1685 335 1746 et
358 1682 391 1749 S.
414 1681 573 1750 Thomas:
599 1681 724 1768 ,Actus
747 1682 913 1762 moralis“‚
937 1682 1053 1766 inquit,
1081 1704 1144 1763 ,ex
1166 1683 1292 1750 duobus
1314 1684 1456 1770 speciem
1478 1705 1549 1751 sor·

294 1786 393 1866 titur,
419 1787 544 1856 scilicet
567 1810 610 1856 ex
633 1789 761 1856 obiecto
785 1797 813 1856 et
836 1810 879 1856 ex
901 1791 982 1856 fine:
1006 1811 1083 1855 nam
1105 1789 1180 1856 finis
1203 1796 1255 1858 est
1272 1793 1423 1858 obiectum
1438 1793 1550 1858 volon-

296 1897 388 1978 tatis,
420 1915 504 1978 quae
535 1899 587 1963 est
615 1895 756 1980 primum
785 1916 922 1962 movens
948 1895 984 1961 in
1011 1897 1190 1963 moralibus
1212 1897 1350 1964 actibus.
1396 1897 1550 1964 Potentia

298 2005 413 2066 autem
437 2021 457 2066 a
481 2001 652 2068 voluntate
668 2005 759 2068 mota
775 2001 875 2068 habet
891 2023 986 2068 eoum
1001 2001 1175 2080 obiectum,
1199 2002 1286 2084 quod
1302 2007 1355 2070 est
1364 2006 1550 2089 proximum

298 2108 452 2174 obiectum
476 2107 656 2175 voluntarii
679 2113 774 2174 actus
797 2111 832 2174 et
855 2128 891 2174 se
914 2109 1016 2174 habet
1037 2108 1071 2174 in
1094 2111 1172 2174 actu
1194 2108 1377 2177 voluntatis
1392 2110 1434 2175 ad
1449 2111 1549 2177 finem

299 2213 387 2281 sicut
410 2213 583 2282 materiale
605 2215 648 2280 ad
671 2213 863 2282 formale.“¹

393 2321 423 2386 3.
449 2322 479 2385 A
502 2324 759 2388 circumstantiis.
791 2319 1074 2399 circumstantiae,
1098 2325 1136 2387 ut
1158 2320 1231 2406 ipsa
1254 2342 1320 2388 vox
1335 2320 1468 2400 indicat,
1493 2343 1549 2388 ac·

299 2425 424 2492 tionem
454 2427 559 2512 ipsam
590 2428 776 2494 extrinsece
799 2427 893 2511 quasi
923 2428 1139 2494 circumstant
1168 2428 1272 2494 etad
1299 2426 1368 2493 eius
1395 2428 1549 2496 substan-

300 2533 383 2598 tiam
407 2534 512 2601 veluti
542 2535 700 2618 quaedam
732 2533 915 2600 accidentia
938 2533 1109 2600 accedunt.
1156 2536 1256 2620 Atqui
1282 2533 1441 2600 eiusmodi
1463 2534 1550 2600 acci·

302 2639 415 2708 dantia
445 2640 552 2724 ipsum
584 2643 733 2707 obiectum
765 2640 818 2706 vel
848 2641 943 2724 finem
976 2638 1116 2708 actionis
1147 2639 1318 2705 moraliter
1349 2639 1481 2706 afficere
1515 2643 1550 2706 et

302 2747 396 2814 varie
424 2747 611 2814 modificare
641 2751 789 2833 possunt,
820 2752 858 2813 ut
887 2745 1071 2814 cotidianus
1100 2767 1179 2812 usus
1208 2747 1440 2829 hominumque
1462 2767 1551 2812 com·

302 2852 411 2918 munis
440 2853 627 2920 aestimatio
657 2853 740 2920 eatis
764 2853 908 2920 ostendit
932 2855 966 2919 et
989 2873 1099 2918 rerum
1122 2851 1224 2919 etiam
1246 2853 1447 2920 naturalium
1469 2871 1550 2918 ana-

302 2957 393 3040 logia
421 2960 610 3025 coufirmat:
640 2959 772 3026 namin
796 2958 847 3024 his
870 2979 1009 3041 quoque,
1039 2963 1076 3024 ut
1099 2958 1335 3026 animadvertit
1357 2958 1390 3026 S.
1414 2959 1549 3037 Dantur,

308 3085 391 3143 ,non
421 3064 588 3132 invenitur
615 3069 690 3133 tota
712 3063 879 3149 plenitudo
902 3064 1125 3150 perfectionis,
1152 3085 1237 3148 quae
1259 3065 1397 3130 debetur
1420 3063 1477 3142 eis,
1508 3083 1551 3129 ex

302 3170 411 3236 lomna
440 3172 660 3251 substantiali,
692 3191 776 3254 quae
806 3172 864 3240 dat
893 3173 1045 3256 speciem,
1076 3171 1134 3238 sed
1157 3171 1297 3236 multum
1319 3168 1552 3254 superadditur

303 3297 347 3342 ex
377 3277 683 3362 supervenientibus
712 3277 949 3358 accidentibus,
980 3277 1065 3344 siout
1087 3277 1122 3342 in
1144 3275 1274 3342 homine
1297 3297 1340 3342 ex
1362 3279 1479 3360 figura,
1508 3296 1553 3342 ex

304 3383 423 3460 colore,
447 3383 494 3450 sic
517 3384 557 3450 de
579 3384 668 3462 aliis,
692 3405 829 3469 quorum
851 3385 879 3450 si
902 3383 1033 3467 aliquod
1056 3382 1141 3450 desit
1162 3382 1205 3449 ad
1228 3382 1399 3449 decentem
1420 3380 1550 3447 habitu·

304 3489 430 3569 dinem,
461 3491 671 3574 consequitur
700 3489 831 3557 malum.
877 3489 930 3556 Itu
960 3493 1013 3556 est
1042 3489 1143 3557 etiam
1170 3488 1204 3554 in
1233 3488 1417 3555 actione“².
1463 3487 1551 3572 Erqo

304 3595 524 3662 mediantibus
554 3597 681 3662 obiecto
705 3599 739 3662 et
762 3598 837 3674 fine,
862 3615 946 3678 quae
969 3615 1029 3679 per
1052 3615 1088 3660 se
1111 3594 1262 3679 specifice
1283 3593 1318 3658 in
1340 3591 1472 3658 finalem
1495 3610 1551 3656 ac·

303 3703 404 3772 tionis
434 3703 645 3768 directionem
674 3702 832 3780 influunt,
862 3701 954 3786 ipsae
985 3701 1085 3768 etiam
1116 3699 1383 3767 circumstantiae
1412 3696 1551 3763 similem

305 3809 464 3875 induxum
488 3811 653 3878 exercent.
677 3844 721 3854 -
744 3808 847 3874 lmrno
863 3809 1046 3874 immediate
1061 3814 1090 3873 ct
1100 3829 1163 3892 per
1177 3829 1211 3872 ee
1226 3806 1360 3872 eaedem
1376 3802 1551 3887 aliquando

305 3917 463 3982 moralem
493 3915 704 3984 directionem
735 3920 829 3983 octus
858 3919 984 3982 rectam
1015 3914 1069 3980 vel
1098 3934 1163 3979 non
1187 3918 1313 3980 rectam
1335 3909 1472 3988 faciunt,
1502 3908 1552 3976 ita

305 4028 343 4089 ut
372 4043 437 4088 non
466 4021 571 4088 solum
601 4021 744 4106 speciem
773 4021 931 4087 moralem
961 4019 1093 4086 aliunde
1121 4019 1186 4085 iam
1210 4018 1425 4086 constitutam
1447 4014 1552 4082 modi·

305 4131 414 4208 ficeut,
438 4128 497 4196 sed
519 4150 633 4194 nocam
655 4128 798 4212 speciem
820 4128 854 4193 in
878 4131 990 4194 actum
1012 4125 1201 4193 inducant⁸.
1231 4126 1268 4191 Id
1285 4125 1460 4192 manifesto
1477 4145 1552 4190 con·

306 4235 415 4319 tingit,
446 4234 575 4318 quoties
606 4233 872 4302 circumstantiae
900 4232 1111 4317 aequivalent
1133 4253 1211 4298 noco
1235 4233 1349 4298 obiecto
1370 4232 1553 4314 formaliter

307 4343 454 4408 distincto
477 4345 512 4408 et
534 4341 609 4406 hinc
631 4361 691 4426 per
712 4361 749 4406 se
771 4339 941 4407 moraliter
962 4337 1175 4424 specificanti.
1214 4337 1267 4404 Ita
1294 4357 1323 4404 e.
1347 4357 1379 4419 g.
1404 4336 1552 4419 quirem

307 4449 409 4516 cultui
433 4447 542 4514 divino
567 4447 758 4532 deputatam
782 4449 818 4513 ct
839 4451 876 4514 ut
898 4445 1000 4514 talem
1024 4467 1046 4512 a
1067 4465 1104 4511 ee
1120 4443 1286 4528 cognitam
1302 4443 1391 4510 furto
1406 4441 1552 4526 surripit,

307 4575 345 4620 eo
368 4555 443 4634 fine,
467 4557 505 4620 ut
527 4553 649 4620 habeat
672 4552 757 4618 unde
779 4552 1055 4636 intemperantiae
1077 4550 1257 4632 indulgeat,
1282 4547 1445 4616 actionem
1463 4567 1552 4614 com·

306 4661 420 4739 mittit,
445 4659 495 4726 cui
519 4659 669 4727 inhaeret
691 4659 814 4744 triplex
838 4658 970 4724 diversa
993 4655 1119 4742 species
1142 4655 1222 4722 mali
1235 4653 1387 4731 moralis3
1410 4673 1553 4736 namque

400 4887 408 4918 ¹
427 4883 454 4938 S.
472 4882 556 4938 theol.
574 4884 600 4948 2,
619 4883 645 4948 2,
664 4900 690 4951 q.
711 4882 771 4948 110,
790 4899 814 4937 u.
835 4883 866 4946 l;
886 4882 910 4946 l,
929 4881 954 4947 2,
974 4898 1001 4950 q.
1021 4880 1062 4946 18,
1082 4897 1107 4934 a.
1125 4879 1144 4933 4
1162 4879 1178 4932 6
1198 4879 1224 4934 ’1.

399 4971 467 5027 1111.
488 4973 512 5038 1,
531 4971 557 5037 2,
576 4989 602 5042 q.
624 4971 665 5037 18,
685 4987 709 5024 a.
729 4971 753 5026 3.
864 4972 874 5003 ⁸
894 4969 935 5025 01.
955 4970 991 5024 ib.
1010 4987 1035 5024 a.
1055 4969 1099 5024 10.
