3909 5842
414 660 478 725 438
632 654 721 711 Sectio
741 656 774 710 ll.
812 656 892 711 Liber
910 658 943 711 Π.
982 657 1073 728 Caput
1092 659 1127 711 11.
1163 657 1304 712 Articulus
1322 658 1347 711 3.
1385 656 1447 725 51.

412 855 483 901 sam
517 840 635 901 texens
670 834 859 913 historiam,
898 835 1084 901 absolutam
1122 835 1342 901 reverentiam
1376 834 1438 900 sibi
1473 834 1669 920 deposcat1.

416 945 523 1024 Atque
553 942 602 1009 ita
633 941 762 1024 quidem
793 942 880 1008 lata‘
893 947 1011 1025 aperta
1036 946 1088 1009 est
1111 942 1175 1021 via,
1207 964 1304 1025 quam
1329 941 1483 1026 deinceps
1507 940 1671 1023 Hegelins

412 1050 536 1115 maiora
568 1052 604 1114 et
635 1048 755 1133 partim
788 1069 874 1114 novo
898 1054 1062 1133 apparatu
1085 1052 1278 1133 prosecutus
1301 1070 1394 1114 suam
1424 1048 1670 1132 philosophiam

411 1156 491 1221 iuris
511 1154 694 1233 „moderni“
715 1152 781 1219 κατ’
800 1154 925 1245 tiemo,
941 1156 962 1222 i.
980 1176 1009 1223 e.
1023 1155 1195 1221 absolutae
1210 1154 1429 1229 statolatriaa
1450 1154 1671 1239 systematioe

413 1260 557 1329 absolvit
566 1261 587 1326 2.

411 1400 482 1471 538.
570 1400 611 1467 Π.
630 1404 668 1467 G.
686 1402 734 1469 W.
751 1402 788 1467 F.
807 1402 926 1488 Ηερεί8
947 1400 1200 1484 (1770-1831)
1216 1400 1560 1468 transscendentalem
1577 1401 1668 1467 idea·

410 1506 539 1572 lismum
563 1507 762 1591 Schellingii‚
793 1530 814 1574 a
844 1528 908 1591 quo
937 1509 1216 1593 proficiscebatur,
1248 1508 1433 1575 methodica
1457 1508 1499 1573 ad
1522 1508 1667 1573 formam

410 1612 578 1681 cuiusdam
602 1615 818 1681 rationalismi
841 1636 906 1681 non
930 1614 1102 1681 subiectivi
1125 1615 1265 1699 quidem,
1290 1614 1347 1679 scd
1371 1614 1528 1679 obiectivi
1550 1617 1589 1679 et
1609 1615 1668 1679 ab·

411 1719 511 1785 soluti
523 1720 663 1803 redegit.
685 1720 775 1786 Idem
788 1720 952 1803 utrimque
964 1721 1201 1805 pantheismus,
1214 1721 1329 1787 eadem
1340 1719 1454 1785 mundi
1465 1721 1668 1793 etomnium,

410 1846 494 1907 quae
517 1826 550 1891 in
575 1848 613 1893 eo
637 1830 891 1904 eumachum,
921 1831 1101 1913 neceaeitae,
1127 1828 1186 1894 sed
1209 1827 1269 1893 sub
1293 1828 1400 1893 forma
1423 1825 1570 1892 diversa.
1617 1827 1666 1891 Ibi
1770 1913 1772 1923 Ι

409 1932 549 1998 mundus
573 1936 625 1999 est
646 1933 811 2018 ipsissima
830 1934 901 2001 vita
916 1934 1059 2000 absoluti
1075 1939 1166 2001 motu
1182 1937 1265 2000 reati
1280 1932 1458 2016 explicata,
1481 1932 1536 1998 hic
1551 1936 1666 2000 autem

410 2038 538 2104 nonnisi
571 2040 736 2123 cogitandi
769 2062 942 2125 processus
965 2062 1025 2106 seu
1047 2044 1148 2126 topica
1172 2040 1319 2123 analysis
1341 2038 1516 2105 absolutae
1539 2040 1666 2121 cogite·

408 2142 517 2213 tionis.
565 2146 610 2213 Et
632 2146 714 2213 haec
738 2148 868 2230 quidem
892 2147 1045 2214 absoluta
1069 2146 1226 2229 cogitatio
1251 2146 1324 2227 (das
1341 2145 1492 2211 absolute
1509 2146 1667 2228 Denken)

409 2250 457 2316 ita
480 2272 540 2334 per
562 2273 598 2317 se
622 2252 849 2319 substantialis
873 2273 946 2319 esse
969 2252 1115 2335 fingitur,
1140 2258 1177 2319 ut
1198 2256 1311 2318 tamen
1335 2272 1395 2317 nec
1418 2251 1608 2335 personalis
1624 2254 1666 2319 sit
1771 2247 1773 2252 ’

409 2377 469 2421 nec
484 2356 631 2424 subiecto
646 2358 834 2435 inhaereat;
847 2394 891 2403 —
904 2362 955 2423 est
971 2358 1159 2424 absolutum
1176 2357 1324 2441 cogitare
1340 2358 1411 2423 sine
1427 2357 1602 2439 cogitante
1618 2358 1666 2439 (Ε).

414 2463 505 2529 Unde
528 2464 635 2531 instar
656 2464 834 2532 axiomatis
849 2458 1018 2545 statuitur,
1042 2465 1211 2531 absolutas
1234 2466 1396 2548 copitondi
1415 2464 1552 2547 regulas
1569 2464 1665 2547 (logi-

409 2568 495 2653 cam)
526 2591 659 2636 normas
689 2570 786 2637 simul
819 2574 943 2638 essendi
972 2572 1138 2649 exhibere,
1171 2570 1307 2654 proinde
1330 2570 1439 2653 logica
1462 2570 1665 2635 necessitate

409 2697 482 2741 esse
506 2682 540 2743 et
555 2678 636 2754 lieri,
661 2699 885 2761 quaecumque
901 2678 967 2744 sint
983 2682 1042 2745 aut
1057 2680 1149 2745 fiant.
1188 2677 1258 2755 Quo
1273 2678 1487 2761 praelucente
1501 2678 1663 2761 principio

408 2782 563 2849 universa
592 2783 799 2869 philosophia
821 2785 854 2849 in
878 2790 948 2851 tres
971 2788 1085 2869 partes
1108 2784 1281 2850 dividitur:
1312 2785 1347 2865 a)
1371 2784 1545 2849 scientiam
1570 2784 1663 2848 ideae

408 2908 466 2971 per
489 2910 525 2954 se
550 2894 583 2956 st
606 2912 665 2974 pro
689 2913 725 2957 se
741 2890 1022 2974 („Wissenaohaft
1045 2893 1104 2957 der
1126 2891 1203 2957 Idea
1227 2912 1269 2956 an
1293 2891 1358 2955 und
1382 2890 1436 2955 fur
1451 2890 1521 2955 sich
1538 2926 1587 2935 —
1601 2890 1661 2955 Lo·

407 2994 512 3079 gik“)‚
542 2994 578 3079 h)
605 2997 777 3065 scientiam
800 2998 894 3063 ideae
917 2998 950 3063 in
974 3020 1034 3064 suo
1058 3018 1130 3063 esse
1153 2997 1304 3081 opposito
1327 2996 1361 3061 in
1385 2996 1450 3062 alio
1474 2995 1660 3078 („Wissen·

407 3102 518 3169 schaft
534 3102 592 3170 der
603 3104 680 3171 Ideo
695 3104 727 3170 in
745 3104 847 3170 ihrem
861 3105 1061 3171 Anderssein
1074 3140 1117 3150 —-
1128 3103 1491 3187 Naturphilosophie⁴‘)‚
1508 3100 1542 3184 c)
1557 3102 1660 3168 scien·

406 3208 487 3275 tiam
511 3210 604 3277 ideae
627 3234 648 3278 a
671 3234 730 3279 suo
751 3234 824 3279 osse
841 3212 985 3279 alienato
1001 3212 1034 3277 in
1050 3211 1191 3295 seipsam
1208 3232 1362 3276 reversae
1379 3210 1659 3290 (‚Wiseenschast

407 3315 466 3381 der
483 3316 570 3395 ldae,
596 3318 647 3384 die
671 3341 730 3386 aus
754 3319 857 3385 ihrem
875 3320 1077 3385 Andersscin
1100 3318 1133 3384 in
1157 3318 1227 3383 sich
1251 3317 1474 3383 zurttckkehrt
1491 3352 1536 3362 —
1552 3316 1658 3381 Philo·

407 3422 520 3506 sophie
543 3425 601 3489 des
626 3425 824 3507 Geistes“)4.

496 3530 588 3595 Haec
611 3531 727 3597 ultima
750 3552 827 3615 pars
852 3571 891 3580 —
915 3531 1138 3616 „philosophia
1160 3531 1314 3615 spiritus“
1333 3530 1515 3595 —iterum
1539 3528 1658 3612 triplex

407 3638 459 3701 est
481 3636 659 3702 secundum
682 3638 805 3721 triplex
828 3638 922 3721 quasi
946 3638 1087 3704 stadium
1112 3637 1320 3716 evolutioniS,
1342 3636 1462 3718 inquo
1484 3634 1654 3719 „spiritus‘

411 3778 720 3787 —-—-=-—————-

500 3844 623 3899 ¹Totum
649 3850 772 3915 systema
798 3845 958 3913 Schellingii
983 3845 1135 3899 luculenter
1160 3844 1273 3914 exponit
1298 3844 1393 3911 steht,
1419 3840 1588 3897 Geschichte
1612 3840 1657 3894 der

407 3928 687 4003 Reohtsphilosophic‚
709 3934 786 3999 1856,
806 3934 956 3988 aro-414.

384 4008 387 4017 ¹
497 4022 635 4076 ’Interim
655 4026 747 4076 tamen
766 4022 812 4076 alii
832 4023 985 4093 complures
1004 4024 1098 4075 contra
1116 4019 1237 4074 scholam
1252 4018 1345 4073 Kantii
1364 4018 1473 4072 iniuria
1486 4017 1656 4089 philosophia

406 4111 482 4164 ideas
502 4110 661 4179 Schellingii
681 4112 801 4182 profiteri
821 4116 975 4181 coeperunt,
996 4112 1068 4165 inter
1085 4127 1168 4178 quos:
1195 4112 1223 4163 J.
1242 4111 1275 4162 B.
1293 4110 1398 4175 Nibler,
1420 4107 1492 4173 „Der
1510 4108 1656 4161 Stantem

407 4200 467 4253 dem
487 4198 667 4267 Orgauiemus
686 4200 734 4253 des
753 4200 933 4254 Universums
952 4198 1138 4261 entwichelt‘,
1165 4197 1250 4259 1805;
1278 4199 1312 4250 D.
1335 4200 1447 4249 Gesner
1465 4195 1494 4249 in
1514 4196 1656 4264 Prognen-

405 4292 478 4342 mata
497 4289 531 4342 ad
550 4289 621 4342 idem
640 4306 722 4359 opua;
746 4290 862 4359 Taum,
882 4288 1007 4343 Versuch
1026 4288 1100 4341 einer
1113 4285 1397 4341 wissenschaitlichcn
1409 4285 1593 4353 Darstellnng
1611 4284 1656 4338 der

406 4376 515 4445 allgem.
542 4378 718 4447 pralrtisohen
738 4376 911 4449 Philosophia
937 4376 991 4431 und
1017 4377 1065 4431 des
1084 4374 1266 4429 Naturrechts
1291 4373 1362 4427 nach
1387 4374 1441 4427 (len
1466 4372 1656 4427 Grundsatzen

407 4464 454 4518 der
472 4464 614 4520 absoluten
634 4464 863 4529 ldentittttslehra
885 4465 968 4529 1811;
987 4466 1111 4533 Wopaer,
1131 4462 1186 4517 Der
1205 4462 1292 4526 Stant,
1312 4460 1396 4525 1815;
1421 4463 1547 4530 Troxler,
1567 4460 1655 4515 Phile·

406 4552 550 4623 sophische
570 4554 748 4608 Rechtslehre
768 4554 816 4607 der
834 4552 923 4607 Natur
941 4552 995 4605 und
1015 4551 1063 4605 des
1083 4550 1223 4615 Gesetzes,
1244 4550 1314 4604 1820
1333 4554 1387 4603 eto.

496 4643 506 4674 ⁸
525 4642 566 4695 Ex
586 4644 645 4696 eins
664 4642 791 4712 operibus
810 4642 854 4696 hic
874 4642 1044 4711 potissimum
1061 4640 1180 4694 notanda
1192 4642 1272 4693 sunt:
1292 4638 1498 4709 Ennyklopltdie
1511 4638 1562 4692 der
1573 4638 1655 4709 philo·

406 4728 569 4799 sophischen
584 4728 830 4793 Wissenschaften,
851 4730 934 4791 1817;
954 4728 1134 4784 Grundlinien
1153 4726 1389 4797 derPhilosophie
1408 4728 1458 4781 (les
1471 4724 1576 4781 Rechts
1593 4726 1657 4780 oder

406 4816 573 4872 Neturrecht
591 4820 646 4873 und
666 4816 966 4881 Staatswissensohaft,
993 4816 1071 4871 1821.
1108 4815 1149 4869 De
1167 4816 1225 4868 vita
1251 4814 1372 4868 auctoris
1391 4814 1451 4882 agit
1469 4814 1656 4877 Roecnkmnz,

406 4905 509 4973 Hegels
529 4908 626 4971 haben,
645 4908 738 4961 Berlin
759 4906 842 4971 1844;
862 4908 894 4960 R.
915 4908 1014 4974 Hapm,
1034 4904 1123 4972 Hegel
1142 4905 1197 4957 und
1216 4904 1292 4957 scine
1311 4902 1377 4965 Zeit,
1397 4902 1491 4957 Berlin
1512 4903 1594 4959 1857.

498 4999 507 5029 ⁴
528 4994 732 5066 Enzyklopttdie
751 4996 768 5063 ἓ
789 4998 829 5051 18.
