3909 5842
667 698 706 753 Do
726 698 864 754 collisione
883 700 1034 755 officiorum
1053 703 1082 755 ct
1098 701 1206 755 iuriam.

585 886 603 969 ἕ
629 890 656 955 1.
694 888 749 953 De
780 887 1008 954 collisione
1038 888 1294 957 officiorum.

313 1028 382 1100 594.
473 1029 560 1096 Fieri
583 1031 706 1113 nequit,
731 1035 768 1098 ut
790 1032 881 1115 leges
904 1053 964 1117 per
987 1053 1023 1097 se
1045 1035 1210 1117 cepatioae
1233 1055 1302 1097 coru
1318 1034 1474 1117 capaticis
1490 1032 1558 1097 col·

312 1137 427 1221 lidaut,
452 1136 509 1203 sed
532 1140 661 1203 tantum
681 1138 898 1221 affirmativae
915 1142 998 1205 inter
1013 1160 1046 1203 se
1062 1146 1089 1203 et
1105 1161 1176 1203 cum
1192 1140 1345 1223 nepotiois
1361 1140 1560 1223 apparenter

312 1263 460 1326 pugnare
491 1248 637 1329 possunt.
684 1245 803 1322 Quodsi
833 1267 913 1310 vero
943 1246 1022 1312 talis
1045 1245 1226 1311 officiorum
1249 1246 1421 1312 conflictus
1444 1248 1560 1313 adesse

313 1351 453 1431 videtur,
485 1374 555 1435 quo.
578 1352 654 1419 bina
684 1352 736 1419 vel
760 1352 855 1437 plura
878 1354 974 1418 simul
999 1353 1167 1418 observari
1190 1357 1249 1418 aut
1272 1353 1432 1419 alterutro
1456 1354 1558 1420 dilato

312 1458 491 1543 prudenter
523 1459 672 1545 componi
707 1462 881 1543 nequeant,
916 1460 998 1525 haec
1028 1448 1234 1545 potissimum
1264 1483 1373 1526 rerum
1403 1469 1559 1526 momenta

312 1569 382 1631 tum
412 1564 603 1649 singillatim
633 1570 704 1633 tum
727 1567 899 1633 collective
924 1571 1056 1651 sumpta
1078 1568 1180 1651 probe
1203 1566 1440 1633 consideranda
1464 1570 1557 1632 sunt:

404 1685 433 1749 l.
457 1684 565 1767 Lepos,
597 1703 639 1747 ex
670 1684 786 1765 quibus
816 1682 924 1749 officia
955 1683 1113 1749 oriuntur.
1162 1683 1227 1749 Sua
1257 1686 1374 1767 sponte
1399 1684 1485 1748 enim
1508 1683 1559 1747 iu-

313 1790 482 1871 tellegitur
519 1790 552 1855 in
590 1790 747 1856 eiusmodi
780 1790 1024 1857 concertatione
1056 1790 1163 1873 legem
1196 1812 1255 1875 per
1287 1812 1324 1856 se
1356 1789 1557 1865 nobiliorem,

312 1896 520 1975 strictiorem,
542 1897 627 1962 bono
644 1896 804 1962 communi
820 1897 927 1980 magis
943 1897 1164 1963 necessariam
1180 1897 1339 1981 oppositis
1354 1897 1557 1982 praevalere.

313 2003 398 2069 Hinc
421 2002 530 2068 officia
552 2002 717 2069 naturalia
740 2003 900 2087 positivis,
925 2003 1083 2085 negativa
1098 2002 1317 2083 affirmativis,
1342 2003 1450 2069 officia
1464 2002 1559 2069 iusti·

313 2109 379 2176 tiae
393 2108 508 2175 officiis
520 2109 688 2191 bonitatis
701 2110 859 2194 specialia
870 2110 1089 2194 generalibus,
1107 2110 1270 2176 adiunctis
1283 2110 1401 2176 ceteris
1413 2110 1557 2193 paribus
1612 2184 1617 2191 ¹

312 2216 542 2301 anteponenda
565 2220 651 2283 sunt.

402 2335 431 2399 2.
457 2333 560 2415 Bona,
585 2353 669 2415 quae
692 2354 750 2417 per
774 2332 882 2399 officie
905 2334 1125 2416 attinguntur.
1157 2334 1249 2400 luter
1271 2356 1311 2399 ca
1333 2334 1453 2399 bonum
1469 2354 1558 2398 oom-

313 2460 409 2505 mune
438 2438 523 2504 bono
553 2438 694 2523 privato,
725 2439 831 2505 maius
861 2438 988 2518 minori,
1019 2439 1160 2504 nobilius
1183 2439 1290 2504 minus
1312 2438 1423 2516 nobili,
1452 2440 1559 2523 magis

312 2547 533 2613 necessarium
563 2545 610 2628 (in
640 2567 676 2611 se
706 2546 758 2610 vel
788 2566 848 2630 pro
878 2546 1054 2629 adiunctis)
1081 2546 1188 2611 minus
1211 2544 1408 2624 necessario,
1439 2545 1557 2611 bonum

312 2653 497 2719 absolutum
521 2656 555 2719 et
578 2674 764 2737 supremum
789 2653 938 2718 omnibus
955 2652 1029 2718 aliis
1044 2652 1270 2736 praeferamus
1286 2672 1420 2717 necesse
1436 2655 1497 2717 est.
1514 2690 1557 2698 -

313 2761 405 2826 Bona
428 2781 507 2825 vero
531 2781 707 2843 eorumque
731 2760 810 2825 ordo
833 2763 927 2825 sunt:
952 2758 986 2841 a)
1009 2760 1097 2825 bona
1119 2763 1249 2825 animas
1272 2762 1307 2825 et
1330 2758 1364 2840 b)
1387 2759 1474 2823 bona
1491 2782 1557 2825 cor-

311 2870 409 2954 poris,
435 2886 518 2949 quae
541 2866 659 2933 iterum
684 2868 769 2933 bona
793 2866 826 2949 a)
850 2866 950 2944 vitae,
973 2866 1011 2949 β)
1034 2868 1152 2943 status,
1178 2866 1207 2949 γ)
1224 2864 1465 2932 commoditatis
1486 2887 1559 2933 esse

312 2976 459 3059 possunt,
491 2973 668 3056 cademque
699 2976 776 3039 suut
799 2974 852 3039 vel
876 2972 1064 3038 necessaria
1087 2973 1142 3037 vel
1164 2972 1270 3037 minus
1294 2974 1481 3039 necessaria
1504 2974 1557 3039 vel

312 3080 486 3164 supcrilua.
532 3079 569 3144 In
600 3079 713 3145 eodem
743 3079 845 3163 igitur·
874 3080 1032 3145 bonorum
1060 3100 1182 3163 genere
1209 3082 1334 3165 prades
1364 3084 1558 3145 necessitatis

311 3191 363 3253 est
392 3186 629 3263 aestimandum
661 3186 842 3253 necessitas
873 3186 1024 3251 nimirum
1053 3194 1203 3269 extremo,
1233 3190 1352 3274 precis,
1383 3191 1558 3253 communis

312 3314 384 3359 esse
407 3297 526 3378 potest.

401 3412 430 3476 3.
457 3409 626 3493 Personae,
651 3428 731 3491 erga
755 3429 837 3491 quas
860 3408 969 3475 officia
993 3409 1086 3473 nobis
1110 3414 1196 3477 sunt.
1238 3410 1330 3475 Inter
1352 3409 1461 3475 officia
1477 3430 1558 3492 erga

310 3517 416 3582 Deum
439 3520 473 3583 ct
495 3516 657 3581 hominem
681 3520 798 3600 suapte
821 3518 942 3581 natura
964 3520 1140 3599 praestant
1158 3515 1267 3581 officia
1282 3537 1362 3599 erga
1377 3516 1483 3582 Deum
1498 3537 1556 3582 seu

309 3622 495 3705 religionis;
520 3642 603 3705 quae
626 3625 747 3700 tamen,
772 3622 800 3685 si
823 3622 1027 3688 affirmativa
1049 3624 1136 3701 sunt,
1161 3643 1226 3687 nou
1241 3627 1309 3689 tam
1326 3623 1556 3707 praetermitti,

310 3750 408 3813 quern
431 3729 529 3795 aliam
553 3728 586 3793 in
610 3728 813 3795 occasionem
837 3728 943 3795 differi
966 3733 1105 3812 possunt
1128 3732 1163 3794 et
1178 3750 1278 3813 saepe
1293 3729 1422 3809 debent,
1446 3735 1484 3797 ut
1500 3731 1556 3795 ob-

309 3836 521 3920 ligationibus
551 3836 716 3918 negativis
746 3838 781 3901 et
811 3834 971 3902 absolutis
1002 3856 1083 3919 erga
1112 3856 1172 3901 nos
1202 3836 1257 3901 vel
1287 3837 1472 3922 proximum
1497 3839 1557 3903 fiat

310 3943 402 4009 satis.
449 3942 606 4009 Similiter
629 3941 840 4009 decidendum
865 3948 926 4021 est,
951 3942 978 4007 si
1003 3942 1112 4009 officia
1135 3964 1216 4027 erga
1239 3964 1299 4009 nos
1322 3943 1411 4027 ipsos
1426 3946 1461 4008 ct
1476 3963 1558 4023 erga

309 4049 392 4115 alios
424 4070 534 4115 secum
565 4069 712 4133 pugnare
742 4049 905 4116 videntur.
952 4049 1126 4115 Difficilior
1155 4053 1266 4115 autem
1297 4052 1332 4115 et
1359 4047 1558 4131 implicatior

310 4155 458 4239 quaestio
489 4160 550 4233 est,
581 4155 653 4238 quis
682 4176 742 4239 pro
769 4155 907 4220 diversis
930 4154 1096 4220 hominum
1119 4156 1206 4222 inter
1229 4176 1264 4219 se
1287 4154 1501 4221 relationibus
1522 4154 1557 4219 in

309 4262 524 4347 adimplendis
548 4262 664 4328 officiis
688 4261 836 4329 caritatis
860 4262 1043 4355 servandus
1064 4262 1109 4329 sit
1132 4262 1220 4328 ordo.
1253 4261 1317 4345 (De
1339 4282 1380 4327 ea
1401 4281 1447 4338 re,
1472 4281 1556 4343 quae

309 4373 420 4435 tamen
441 4368 545 4452 magis
569 4370 611 4436 ad
635 4370 810 4453 specialem
833 4369 1060 4454 philosophiae
1082 4368 1217 4435 moralis
1240 4371 1369 4453 partem
1391 4367 1557 4452 pertinere

309 4475 449 4556 videtur,
473 4476 578 4542 fusius
601 4476 673 4559 agit
697 4476 728 4543 S.
753 4476 867 4543 Thom.
893 4480 922 4555 2,
949 4479 979 4555 2,
1004 4498 1036 4559 q.
1062 4474 1131 4557 26.)

630 4678 703 4761 §d
735 4680 791 4746 De
822 4679 1048 4747 collisione
1077 4678 1236 4745 iurium.

311 4818 381 4891 595.
470 4823 547 4888 Iura
577 4843 650 4887 cum
681 4822 796 4889 officiis
819 4821 986 4888 individuo
1010 4842 1097 4887 nexu
1120 4822 1295 4887 coniuncta
1318 4840 1392 4885 esse
1415 4825 1556 4889 constat.

310 4925 388 4993 Ideo
413 4931 447 4994 et
469 4929 595 4995 collisio'
618 4929 737 4995 iurium
760 4928 868 5013 aliquo
892 4930 988 4995 modo
1004 4928 1047 4994 ad
1063 4928 1263 4995 collisionem
1279 4926 1459 4993 officiorum
1479 4927 1557 4993 iuri-

310 5032 455 5101 dicorum
471 5036 622 5104 revocari
638 5039 758 5121 potest.
786 5036 1033 5115 Verumtamen,
1049 5036 1202 5120 quoniam
1217 5034 1433 5121 particularia
1448 5034 1556 5101 officia

1295 5137 1351 5192 32*
