3909 5842
792 676 833 731 De
850 677 997 733 habitibus.
1451 683 1514 747 105

272 853 429 935 quaedam
460 859 672 921 assumantur
698 854 830 921 interna
859 854 1020 938 principia
1043 855 1085 921 ab
1108 855 1173 921 illis
1197 855 1366 933 distincta,
1398 856 1515 939 quibus

272 960 350 1025 haec
365 960 521 1043 operandi
538 960 682 1026 facilitas
698 959 916 1039 adscribatur,
932 964 968 1027 et
984 981 1067 1043 quae
1080 962 1208 1027 laidus
1224 962 1384 1046 appellari
1397 962 1513 1029 solent.

356 1066 498 1149 Definiri
518 1065 622 1147 igitur
642 1064 776 1131 habitus
798 1064 961 1131 naturalis
974 1070 1103 1149 potest:
1127 1074 1276 1132 concana
1292 1070 1457 1133 inclinatio
1472 1068 1516 1132 ad

272 1174 390 1237 similes
412 1181 502 1237 actus
524 1174 783 1258 reproducendos
804 1175 953 1239 66166611
972 1174 1125 1255 facultati
1147 1175 1370 1259 superaddita.

357 1286 616 1370 Explicatio.
646 1290 675 1353 1.
693 1286 755 1355 Est
769 1290 947 1372 inclinatio,
963 1288 1041 1371 quia
1057 1294 1167 1355 actum
1180 1286 1339 1363 facilitat3
1356 1296 1515 1369 constans,

264 1392 484 1475 'distinguitur
505 1393 590 1459 enim
615 1394 658 1460 ab
680 1399 757 1460 actu
779 1393 885 1471 vitali,
910 1394 965 1477 qui
988 1416 1053 1461 non
1069 1399 1251 1478 permanet,
1275 1394 1332 1459 sed
1350 1414 1436 1471 mox,
1462 1392 1515 1457 ubi

273 1500 426 1577 nascitur,
450 1500 570 1566 desinit
591 1520 675 1567 esse.
723 1504 752 1566 2.
778 1500 907 1566 Dicitur
929 1500 972 1567 ad
996 1505 1114 1567 similes
1137 1510 1228 1567 actus
1250 1500 1514 1587 reproduceados,

272 1604 291 1671 i.
306 1626 333 1671 6.
357 1626 424 1671 666
447 1607 595 1672 tribuens
618 1606 786 1691 potentiae
809 1607 948 1691 primam
973 1607 1166 1673 facultatem
1191 1606 1357 1691 operandi,
1383 1606 1440 1671 sed
1456 1604 1516 1671 tri·

272 1710 372 1777 buens
394 1718 535 1789 tantum,
559 1718 597 1779 ut
619 1712 719 1779 facile
741 1734 781 1779 ac
804 1718 957 1797 prompte
979 1714 1086 1797 possit
1109 1713 1239 1798 operari
1263 1720 1297 1780 61
1313 1712 1444 1795 quidem
1467 1734 1515 1778 re·

272 1818 473 1899 producendo
479 1842 494 1901 ,·
522 1818 650 1885 scilicet
681 1819 787 1884 omnis
816 1824 913 1885 actus
942 1840 964 1885 a
985 1818 1136 1903 potentia
1159 1820 1338 1904 productus
1360 1818 1517 1901 relinquit

272 1924 362 2005 quasi
385 1924 562 2007 vestigium
592 1924 643 1991 sui
673 1930 708 1993 et
738 1946 777 1991 eo
805 1925 877 2010 ipso
895 1926 1121 2009 qualitatem,
1152 1948 1211 2011 per
1238 1948 1335 2011 quam
1363 1926 1516 2009 deinceps

273 2032 418 2113 potentia
439 2031 573 2101 iuvetur
588 2033 630 2097 ad
650 2032 827 2097 eliciendos
850 2035 947 2098 actus
968 2032 1103 2101 similes.
1134 2033 1188 2100 Ita
1205 2032 1337 2099 habitus
1361 2052 1434 2097 oum
1458 2052 1515 2114 po·

272 2138 382 2215 166116,
406 2138 441 2203 16
464 2160 530 2221 qua
551 2139 725 2222 reperitur,
748 2138 782 2203 id
805 2158 977 2208 commune
1000 2139 1117 2218 habet,
1141 2140 1228 2223 quod
1251 2139 1296 2205 sit
1318 2138 1443 2222 pariter
1468 2142 1514 2203 ln·

273 2245 398 2310 61166116
428 2244 470 2311 ad
500 2245 681 2327 agendum,
713 2245 772 2310 sed
803 2245 844 2310 ab
875 2245 990 2311 eadem
1013 2245 1241 2327 distinguitur,
1275 2244 1361 2327 quod
1384 2266 1449 2311 uon
1473 2244 1517 2311 sit

273 2348 439 2417 inclinatio
457 2354 569 2437 priona
592 2359 621 2417 et
646 2354 838 2433 essentialis,
861 2350 1044 2417 informans
1068 2352 1252 2433 aequaliter
1274 2372 1388 2417 omnes
1411 2354 1515 2429 actus,

274 2456 325 2537 qui
347 2457 389 2521 ab
413 2456 525 2538 aliqua
547 2456 698 2541 potentia
719 2458 911 2540 procedunt,
936 2457 995 2523 sed
1019 2460 1211 2525 secundario
1227 2456 1386 2523 accedens
1409 2456 1515 2521 illam·

274 2583 333 2645 que
354 2584 635 2648 praesupponens.
663 2563 741 2629 Ideo
765 2567 796 2629 3.
819 2563 939 2629 dicitur
961 2564 1106 2631 naturali
1122 2564 1275 2631 facultati
1290 2564 1514 2649 superaddita.

272 2668 330 2734 Illa
358 2675 473 2737 tamen
503 2669 627 2736 additio
656 2690 722 2735 non
751 2670 801 2735 ita
824 2670 1015 2755 accipienda
1038 2676 1106 2750 est,
1138 2671 1232 2753 quasi
1255 2671 1387 2737 habitus
1410 2669 1515 2735 facul·

272 2779 372 2841 tatem
394 2774 445 2842 ita
468 2780 590 2859 augeat
612 2776 666 2841 vel
690 2777 808 2855 elevet,
833 2781 870 2843 ut
893 2776 964 2842 eius
987 2778 1150 2844 obiectum
1168 2777 1305 2843 formale
1321 2776 1514 2861 amplificet;

272 2902 344 2946 nam
372 2882 407 2948 id
438 2882 542 2948 solum
574 2882 691 2958 efficit,
723 2888 761 2949 ut
790 2883 940 2966 potentia
968 2888 1103 2969 praeter
1126 2906 1318 2951 corninuucm
1341 2888 1375 2949 et
1398 2902 1457 2967 per
1480 2902 1515 2947 se

272 2991 556 3059 indeterminatam
586 2992 831 3059 inclinationem
862 2994 904 3059 ad
935 2993 1099 3059 obiectum
1129 3013 1223 3057 suum
1254 2990 1392 3056 formale
1416 2994 1451 3055 et
1474 2988 1515 3054 ad

274 3118 382 3164 omues
406 3104 503 3165 actus
523 3098 552 3163 ei
570 3119 741 3181 congruos,
766 3098 901 3183 insuper
916 3102 1081 3185 specialem
1097 3096 1341 3163 inclinationem
1358 3098 1403 3163 ad
1419 3102 1516 3161 certos

273 3206 424 3289 quosdam
440 3214 530 3271 actus
553 3204 807 3272 determinatam
830 3204 991 3288 acquirat,
1015 3204 1058 3271 ad
1082 3227 1163 3288 quos
1186 3226 1246 3289 per
1268 3225 1304 3269 se
1328 3208 1363 3270 et
1386 3202 1514 3267 secluso

271 3309 381 3377 babitu
403 3331 470 3376 non
494 3311 601 3394 magis
623 3332 722 3394 quam
745 3313 787 3378 ad
811 3312 895 3378 alios
917 3312 1141 3378 inclinaretur.

272 3456 329 3529 131.
422 3462 532 3543 Atque
554 3459 636 3524 haec
658 3459 788 3543 quidem
812 3460 853 3525 de
876 3460 991 3527 habitu
1014 3444 1175 3543 acquisito
1198 3480 1256 3524 seu
1280 3460 1426 3523 natarali
1444 3456 1516 3541 ipsa

272 3566 476 3649 experientia
498 3570 661 3634 constant.
694 3566 773 3631 Cum
789 3566 851 3631 hoc
868 3572 979 3633 autem
996 3566 1150 3633 confundi
1167 3587 1230 3631 non
1248 3565 1368 3631 debent
1382 3564 1515 3630 habitus

273 3676 532 3757 supernaturales
554 3676 589 3739 et
612 3673 770 3739 divinitus
792 3674 909 3753 infusi,
934 3674 1049 3757 quales
1073 3679 1150 3740 sunt
1172 3672 1283 3757 gratia
1306 3671 1516 3738 sanctificans

273 3784 304 3842 61
325 3778 484 3858 virtutes,
509 3800 592 3862 quas
615 3780 819 3861 theologicas
842 3780 996 3857 dicimus,
1021 3779 1114 3859 fidei,
1139 3778 1207 3863 spei
1233 3782 1267 3843 et
1290 3778 1449 3854 caritatis,
1475 3776 1516 3843 de

273 3883 384 3964 quibus
407 3884 575 3968 theologia
591 3884 732 3952 disserit.
764 3884 809 3951 Hi
823 3885 986 3965 nimirum,
1010 3888 1143 3969 praeter
1159 3882 1316 3967 originem
1341 3904 1516 3968 supernam

273 3996 304 4056 61
318 3998 389 4059 1616
406 3994 498 4059 caelo
514 3993 690 4073 diversam,
715 4015 753 4059 eo
770 3992 869 4061 etiam
886 3993 928 4059 ab
943 3993 1110 4059 habitibus
1126 3991 1324 4057 naturaliter
1347 3990 1517 4073 acquisitis

273 4096 440 4177 differunt,
470 4101 557 4185 quod
587 4102 735 4167 tribuant
765 4100 951 4184 potentiae,
985 4099 1018 4163 i'n
1049 4098 1162 4164 ordine
1186 4098 1227 4165 ad
1251 4098 1413 4179 agendum
1439 4118 1516 4162 con·

273 4206 467 4271 naturaliter
494 4228 567 4272 cum
590 4208 654 4273 fine
678 4212 713 4273 et
735 4206 895 4292 principio
918 4205 1179 4291 supernaturali,
1211 4205 1403 4269 nouaclum
1426 4226 1516 4289 posse

271 4310 418 4391 facilins,
448 4313 505 4378 sed
537 4313 637 4379 etiam
658 4336 749 4400 posse
771 4315 965 4398 (1661161166
1013 4312 1074 4376 His
1097 4310 1199 4393 igitur
1222 4310 1350 4375 omissis
1374 4310 1413 4375 de
1437 4308 1516 4375 solis

273 4416 435 4484 habitibus
458 4422 664 4486 naturalibus
687 4418 781 4485 nobis
804 4440 912 4485 sermo
937 4426 998 4485 est.

274 4563 335 4635 132.
427 4568 567 4633 Praeter
589 4588 795 4634 communem
818 4568 989 4635 habituum
1014 4566 1190 4645 66116666,
1216 4586 1313 4649 quam
1337 4566 1435 4632 obvia
1457 4586 1516 4631 ex·

275 4674 432 4752 parientia
455 4673 625 4753 discimus,
649 4675 745 4757 plura
768 4674 917 4756 equidem
942 4678 1120 4757 supersunt
1143 4671 1370 4755 quaestionum
1395 4673 1516 4755 capita,

275 4784 310 4844 ut
331 4800 359 4847 e.
382 4800 433 4863 gr.
458 4780 500 4845 de
529 4779 661 4865 proprio
691 4780 839 4847 subiecto
870 4780 1057 4859 habituum,
1092 4780 1132 4845 de
1166 4778 1301 4861 originis
1332 4778 1444 4855 modo,
1476 4777 1516 4843 de

275 4890 448 4965 augmento
462 4890 498 4952 et
513 4886 722 4953 decremento
738 4890 812 4966 etc,
836 4907 921 4969 quae
937 4886 1047 4952 omnia
1063 4887 1104 4953 ad
1120 4885 1263 4969 penitius
1279 4883 1515 4969 penetrandam

275 4996 422 5059 naturam
445 4993 614 5060 habituum
630 4993 806 5078 pertinent,
830 4998 866 5059 et
880 4993 913 5058 iu
929 5014 1067 5076 quorum
1083 4992 1285 5059 scrutatione
1302 4991 1516 5077 psychologia
