3909 5842
445 680 510 745 270
655 676 746 732 Sectio
765 677 786 732 I.
823 676 904 732 Liber
922 677 971 732 Ill.
1009 677 1098 748 Caput
1116 676 1165 731 Ill.
1201 676 1343 732 Articulns
1362 676 1388 732 2.
1424 675 1485 744 53.

534 855 656 922 Verum
680 855 868 921 universum
891 856 978 920 hunc
1002 855 1149 920 moderni
1172 857 1286 943 tepolis
1312 857 1520 922 mechanismi
1550 873 1680 920 errorem

442 960 564 1044 partim
587 961 621 1026 in
645 961 792 1045 generali
807 961 889 1026 iuris
904 961 1036 1027 socialis
1052 965 1210 1040 tractatu,
1235 961 1357 1046 partim
1373 961 1550 1046 specialius
1567 959 1681 1042 agendo

444 1067 484 1134 de
506 1067 578 1134 iure
601 1069 732 1152 publico
754 1067 883 1152 plenius
906 1067 1163 1151 expugnandum
1186 1067 1280 1133 nobis
1302 1069 1547 1134 reservamus1.
1760 1053 1761 1058 ἵ

489 1259 561 1343 §3-
600 1259 788 1342 Regulae
815 1258 931 1326 circa
958 1260 1124 1326 easdem
1153 1260 1426 1327 condiciones
1454 1261 1646 1346 practice
1760 1301 1761 1304 =

955 1366 1176 1432 tenendae

443 1487 513 1560 298.
608 1493 634 1556 1.
659 1489 882 1555 Enumeratae
910 1489 1125 1568 condiciones,
1156 1493 1272 1573 utpote
1295 1489 1501 1569 essentiales,
1533 1489 1684 1556 obiectire

445 1593 487 1663 ad
510 1616 638 1662 omnem
654 1595 762 1678 legem
777 1594 954 1680 positivam
970 1594 1148 1679 pertinent,
1172 1595 1244 1661 sive
1260 1595 1404 1662 divinam
1419 1594 1491 1662 sive
1506 1595 1684 1672 humanam,

444 1723 509 1768 uon
540 1705 653 1768 tamen
682 1701 725 1766 ad
755 1705 929 1784 utramque
958 1701 1144 1786 promiscue
1174 1705 1343 1785 tamquam
1373 1701 1508 1770 criterm
1534 1700 1685 1786 applicari

445 1813 592 1891 possunt.
639 1808 765 1874 Etenim

533 1913 567 1995 a)
586 1913 829 2000 Quamprimum
847 1915 950 1982 divini
965 1917 1115 1984 mandeti
1130 1917 1358 1984 exsistentiam
1375 1923 1581 2002 compertam
1596 1916 1685 1982 habo-

445 2041 527 2096 mus,
557 2021 648 2086 nullo
671 2026 846 2107 praeterea
869 2023 1002 2089 criterio
1026 2022 1067 2088 de
1089 2023 1276 2091 omnimoda
1299 2024 1369 2090 eius
1392 2023 1541 2108 legitima
1566 2021 1685 2088 ratione

444 2125 638 2208 indigemus,
668 2127 768 2194 immo
798 2128 893 2195 nefas
923 2133 1022 2207 esset,
1055 2149 1127 2196 eam
1159 2131 1325 2198 ullatenus
1348 2130 1381 2196 in
1405 2131 1537 2197 dubium
1563 2147 1685 2194 vocare.

445 2231 552 2308 Quare
574 2232 650 2298 ilico
673 2239 708 2302 et
730 2234 802 2300 sine
824 2233 1045 2302 haesitatione
1067 2234 1148 2301 illud
1171 2236 1413 2321 suscipiendum
1437 2241 1472 2304 et
1492 2231 1686 2302 exsecutioni

445 2337 667 2404 mandandum
690 2344 752 2406 est.

536 2444 571 2528 b)
593 2445 688 2512 Circa
717 2446 824 2529 legem
853 2446 1031 2513 humanam
1061 2451 1172 2514 autem
1195 2447 1276 2514 nihil
1303 2448 1407 2528 obest,
1437 2448 1547 2528 immo,
1579 2451 1618 2513 nt
1638 2445 1687 2510 ob

446 2552 594 2634 sequium
618 2557 766 2618 nostrum
789 2553 988 2620 rationabile
1010 2553 1064 2631 sit,
1096 2573 1196 2638 saepe
1222 2555 1443 2622 necessarium
1467 2561 1530 2633 est,
1562 2560 1601 2620 ut
1626 2553 1687 2618 inre
1761 2549 1762 2628 l

447 2660 561 2724 nostro
584 2658 617 2722 in
641 2658 772 2741 singula
794 2659 865 2724 eius
887 2658 1048 2743 requisita
1070 2658 1281 2742 inquiremus.
1306 2660 1434 2738 —Qui
1457 2681 1536 2728 vero
1561 2662 1687 2727 chareu-
1761 2641 1762 2678 ³

447 2768 536 2830 teres
567 2764 745 2848 superioris
774 2767 915 2850 lepitimi,
947 2765 1020 2848 quis
1042 2766 1220 2849 potestatis
1244 2766 1313 2833 eius
1336 2767 1488 2846 ambitus,
1519 2768 1595 2852 quis
1624 2786 1686 2852 pro
1761 2765 1762 2824 ἐ

447 2868 615 2952 mulgendi
639 2870 755 2935 modus
777 2871 992 2951 necessarius,
1023 2871 1144 2956 partim
1168 2892 1211 2938 ex
1234 2873 1317 2956 legis
1340 2873 1478 2954 obiecto,
1508 2875 1630 2958 partim
1652 2891 1687 2937 ex
1761 2937 1762 2948 ,

447 2977 512 3042 fine
526 2982 562 3044 et
577 2977 811 3045 constitutione
826 2979 879 3045 vel
895 2980 1023 3062 legibus
1039 2979 1338 3047 fundamentalibus
1354 2981 1510 3064 cuiusque
1525 2979 1687 3048 societatis

448 3087 673 3169 collegendum
697 3091 758 3156 est.

538 3203 567 3266 2.
593 3201 727 3279 Quoties
750 3208 892 3282 constat,
916 3205 1024 3287 legem
1048 3204 1191 3288 aliquam
1206 3205 1249 3271 ab
1265 3205 1464 3274 anctoritate
1479 3227 1540 3290 pro
1555 3203 1686 3272 materis

446 3307 596 3376 subiecta
625 3309 835 3393 competenti,
869 3329 929 3375 nec
961 3331 1027 3375 non
1058 3309 1208 3392 legitima
1237 3310 1345 3378 forma
1367 3313 1471 3378 latam
1494 3316 1529 3378 et
1550 3307 1687 3395 promul·

445 3419 559 3498 getam
578 3435 660 3494 esse,
684 3415 890 3482 rationabilis
904 3416 1127 3500 praesumptio
1144 3416 1248 3482 oritur
1262 3416 1296 3483 in
1311 3416 1461 3484 favorem
1477 3417 1570 3500 legis,
1595 3414 1686 3482 etiarn

445 3520 553 3602 quoad
583 3519 653 3586 eius
683 3520 823 3587 formam
846 3525 1065 3589 intrinsecam.
1112 3521 1194 3588 'l‘um
1227 3521 1329 3604 igitur
1359 3525 1452 3592 valet
1483 3527 1519 3590 et
1549 3519 1686 3607 practice

444 3625 642 3690 servandum
658 3631 711 3693 est
726 3627 874 3693 axioma:
903 3629 1066 3708 ,Tamdiu
1089 3631 1220 3715 lepitimi
1238 3632 1415 3714 superioris
1430 3631 1594 3696 ordinatio
1609 3631 1686 3693 iusto

445 3733 601 3798 aemamda
632 3741 685 3814 eat,
715 3736 871 3819 quamdiu
902 3735 942 3800 de
971 3737 1133 3800 contrario
1161 3757 1225 3801 mon
1254 3733 1406 3801 coastat.“
1417 3737 1430 3779 ²
1475 3737 1586 3820 Atque
1608 3735 1684 3800 idem

444 3839 486 3904 de
508 3837 592 3920 legis
615 3859 743 3921 quoque
765 3840 952 3908 sufficiente
978 3841 1235 3926 ,possibilitate“
1263 3843 1364 3908 valet.
1762 3913 1763 3926 ,

535 3946 566 4009 3.
592 3944 714 4022 Quodsi
736 3968 817 4013 vero
841 3949 882 4013 de
904 3950 981 4033 lepis
1003 3951 1165 4014 iniustitia
1189 3957 1271 4015 cereo
1295 3957 1424 4033 coastat,
1454 3954 1526 4016 tum
1556 3949 1685 4014 docente
1762 3931 1763 3948 ¹

445 4051 478 4117 S.
507 4051 649 4118 ihoma³
671 4053 734 4119 duo
757 4055 905 4138 practice
928 4055 1159 4138 distinguenda
1182 4058 1270 4122 sunt.
1317 4055 1470 4139 Namque
1493 4057 1548 4122 lex
1571 4056 1684 4121 iniusta

444 4178 517 4223 esse
541 4160 651 4242 potest

534 4262 567 4346 a)
591 4265 646 4330 vel
664 4287 741 4350 ,per
757 4269 1011 4331 contrarietatem
1028 4267 1073 4332 ad
1095 4267 1210 4332 bouum
1235 4263 1413 4350 dieiuum“‚
1437 4269 1519 4349 puta
1543 4287 1615 4332 curn
1631 4261 1682 4330 ali-

444 4369 520 4453 quid
543 4370 705 4455 praecipit
726 4369 793 4450 legi
816 4369 947 4435 divinae
970 4371 1181 4450 contrarium,
1212 4371 1261 4438 ita
1291 4374 1328 4436 ut
1354 4370 1504 4437 subditus
1527 4391 1599 4436 eam
1622 4390 1682 4435 ser·

444 4497 613 4542 veronen
635 4476 749 4561 possit,
781 4475 859 4557 quin
883 4480 918 4542 et
940 4475 1011 4560 ipse
1039 4476 1245 4556 iniustitiam,
1276 4475 1416 4561 quaein
1440 4476 1515 4558 lege
1537 4479 1599 4552 est,
1622 4493 1682 4539 mo·

443 4582 559 4649 naliter
588 4582 781 4666 participem
815 4585 850 4648 et
879 4585 950 4647 tum
981 4583 1175 4648 nouaclum
1200 4583 1233 4648 vi
1257 4582 1423 4666 obligandi
1446 4581 1606 4650 destituta
1628 4583 1680 4656 est,

535 4837 544 4866 ¹
563 4832 605 4887 cf.
624 4833 648 4886 si
673 4833 741 4888 libet
759 4832 810 4887 Die
829 4831 1000 4886 Grundslttze
1025 4832 1073 4888 der
1091 4833 1260 4889 Sittliohlreit
1284 4834 1340 4890 und
1361 4833 1410 4889 des
1428 4832 1531 4889 Rechts
1549 4833 1567 4902 ᾗ
1586 4829 1680 4888 73-Ὶὸ

447 4923 498 4978 124
536 4921 682 5078 legiterae,
701 5009 741 5063 De
759 5009 813 5077 leg.
832 5009 850 5063 l.
873 5011 895 5074 l,
914 5027 938 5064 c.
957 5010 983 5074 9,
1002 5009 1018 5076 ἕ
1037 5009 1080 5063 20.
1190 5009 1246 5065 ³8.
1265 5009 1348 5066 theol.
1370 5012 1393 5076 1,
1411 5010 1435 5076 2,
1455 5027 1482 5080 q.
1500 5010 1544 5074 96,
1563 5027 1587 5065 a.
1606 5013 1629 5064 4.
