3909 5842
716 684 758 739 De
779 684 927 755 ,principio
944 683 1135 740 menbratim.
1484 686 1545 751 137

290 884 486 948 supremum
519 865 719 933 moralitatis
753 864 921 933 criterium
956 864 1056 931 situm
1091 886 1164 931 esse
1197 864 1456 944 demonstraret,
1492 864 1549 931 ob·

292 969 458 1037 iectiones
486 992 566 1037 vero
595 993 638 1037 ex
667 977 764 1056 parte
793 972 919 1038 veteris
942 971 1071 1038 ethicae
1098 971 1312 1051 ,intuitivae“
1339 975 1446 1038 motas
1470 992 1550 1054 quo-

291 1078 535 1161 modocumque
557 1078 741 1146 infirmaret
762 1100 803 1145 ac
826 1078 1022 1163 praesertim
1047 1078 1192 1144 odiosam
1220 1082 1331 1144 notam
1356 1078 1459 1144 crassi
1482 1078 1550 1162 epi·

292 1184 452 1251 cureismi
474 1184 665 1251 declinaret.
698 1182 751 1249 Ad
773 1184 835 1249 hoc
859 1184 945 1249 bona
968 1182 1179 1249 delectabilia
1202 1204 1266 1247 non
1289 1186 1420 1248 tantum
1446 1203 1549 1264 qnan-

291 1288 433 1356 titative
454 1288 512 1356 sed
536 1294 572 1357 et
593 1290 789 1373 qualitative
813 1288 997 1371 distinguit,
1027 1310 1164 1370 quorum
1195 1288 1260 1355 alia
1292 1287 1419 1354 scilicet
1450 1287 1549 1353 infimi

290 1396 423 1462 'ordinis
452 1402 488 1462 et
516 1397 621 1464 brutis
652 1396 848 1463 animalibus
876 1395 1071 1473 communia,
1103 1395 1169 1461 alia
1193 1416 1271 1460 vero
1296 1393 1468 1460 altioribus
1491 1393 1549 1460 bo·

292 1502 397 1567 minis
419 1502 634 1570 facultatibus
656 1503 791 1586 propria
813 1506 849 1569 et
871 1522 937 1585 qua
960 1502 1042 1567 talia
1058 1502 1125 1567 illie
1140 1501 1290 1567 absolute
1306 1500 1551 1584 praestantiora

293 1612 332 1674 et
368 1609 468 1691 longe
501 1610 635 1677 maioris
665 1608 871 1675 aestimanda
904 1628 977 1673 esse
1010 1608 1106 1673 docet
1118 1610 1138 1675 ¹.
1185 1606 1270 1673 Hinc
1301 1607 1400 1674 etiam
1431 1606 1465 1671 in
1495 1606 1550 1672 ob·

293 1715 512 1799 ligationibus
535 1716 714 1783 moralibus
736 1736 797 1799 per
818 1715 904 1781 hanc
923 1714 1105 1781 doctrinam
1123 1712 1284 1780 obiective
1300 1714 1358 1779 vix
1374 1712 1550 1795 quidquam

294 1822 431 1900 mutari,
455 1822 554 1887 immo
572 1821 765 1888 exercitium
790 1821 932 1887 omniurn
958 1821 1129 1897 virtutum,
1154 1819 1346 1886 nominatim
1370 1818 1517 1885 iustitiae
1526 1821 1548 1897 2,

294 1927 341 1993 ad
367 1928 618 2012 applicationem
638 1927 840 1995 utilitarismi
855 1928 999 1993 maxime
1015 1928 1224 1993 essentialem
1240 1931 1275 1993 et
1290 1926 1439 1993 omnibus
1454 1946 1550 2011 prae-

295 2038 431 2117 ceptam
454 2036 575 2103 reduci.
592 2072 635 2081 -
652 2035 774 2101 Verum
798 2034 967 2101 enimvero
990 2034 1042 2100 his
1065 2035 1215 2101 omnibus
1240 2034 1319 2100 nibil
1343 2033 1431 2099 aliud
1458 2034 1550 2100 evin·

296 2140 388 2207 citur
413 2142 477 2209 nisi
505 2143 592 2225 quod
621 2164 682 2227 per
710 2163 746 2208 se
775 2141 934 2225 liquidum
963 2145 1025 2218 eet,
1056 2142 1207 2207 nimirum
1237 2142 1269 2207 id
1300 2142 1405 2207 solum
1428 2140 1551 2207 homini

296 2252 334 2313 et
357 2247 520 2315 humanae
543 2248 695 2315 societati
717 2270 788 2314 aere
812 2248 930 2313 bonum
954 2251 989 2313 et
1012 2240 1093 2312 utile
1116 2268 1198 2325 esse,
1224 2246 1311 2329 quod
1329 2246 1464 2327 regulae
1480 2267 1550 2311 mo·

297 2350 443 2418 ralitatis
467 2352 662 2429 consentiat,
686 2373 744 2417 seu
768 2350 915 2417 ordinem
931 2350 1194 2432 deontologicum
1210 2371 1283 2415 cum
1301 2352 1414 2417 ordine
1430 2353 1550 2419 eudae-

297 2458 507 2541 monologico
530 2460 742 2525 materialiter
764 2478 963 2541 congruere;
989 2463 1025 2525 at
1048 2457 1179 2523 minime
1202 2457 1278 2524 inde
1305 2460 1454 2541 sequitur
1475 2459 1549 2525 ideo

296 2565 483 2647 formaliter
504 2565 627 2649 aliquid
650 2585 725 2631 esse
747 2564 918 2631 moraliter
940 2569 1067 2632 rectum
1092 2568 1126 2631 et
1148 2563 1332 2643 honestum,
1358 2570 1435 2653 qaia
1458 2565 1549 2631 illum

297 2674 486 2754 respectum
510 2671 665 2739 utilitatis
680 2672 811 2737 babeat.
843 2670 969 2753 Ecquid
986 2691 1083 2755 porro
1108 2670 1148 2736 ad
1169 2670 1319 2737 stimulos
1334 2671 1551 2757 idiopatbicos
1578 2734 1582 2744 ,

299 2778 556 2861 compescendos
585 2777 744 2861 obligatio
774 2778 896 2855 valeat,
928 2796 1013 2858 quae
1042 2776 1074 2841 in
1102 2777 1173 2843 sola
1197 2778 1397 2846 couscientia
1419 2778 1551 2845 socialis

299 2888 443 2949 naturae
466 2882 646 2951 fundetur?
670 2920 713 2929 —
738 2882 929 2949 Remedium
952 2882 1039 2949 forte
1062 2884 1179 2948 afferet
1201 2884 1314 2949 futura
1336 2884 1467 2968 generis
1491 2884 1551 2949 hu·

299 2992 389 3057 mani
414 2990 566 3057 educatio
590 2995 625 3057 et
646 2990 787 3075 amplior
809 2989 1036 3056 civilisationis
1059 3010 1263 3074 progressus,
1287 3014 1308 3058 a
1331 2990 1447 3073 quibus
1465 2990 1551 3057 idem

300 3102 420 3163 auctor
448 3096 566 3163 mirum
597 3096 737 3179 denique
765 3097 799 3162 in
828 3096 880 3162 his
908 3096 1008 3162 terris
1038 3098 1217 3163 communis
1245 3097 1414 3166 felicitatis
1437 3098 1550 3164 florem

300 3204 506 3271 nasciturum
529 3208 682 3287 sperat?!

299 3326 369 3399 166.
461 3328 542 3395 Post
556 3328 673 3395 Stuart
687 3326 759 3392 Mill
772 3326 910 3409 denique
921 3326 1166 3392 utilitarismum
1180 3327 1334 3393 socialem
1346 3326 1549 3411 potissimum

299 3432 952 3520 repraesentantBailcy(1791-1870),
969 3434 1059 3499 Boia
1072 3433 1154 3513 (nat.
1172 3432 1282 3518 1818),
1299 3436 1446 3519 Spcnccr,
1461 3435 1550 3499 Dar-

301 3546 375 3624 rcia,
400 3562 538 3624 quorum
560 3540 685 3626 primus
707 3543 836 3607 tantum
860 3540 949 3607 tritis
972 3539 1238 3624 praecedentium
1263 3540 1412 3623 vestigiis
1428 3541 1551 3621 absque

299 3647 442 3714 notabili
464 3648 652 3714 deviatione
674 3648 798 3714 insistit
806 3650 829 3714 ³.
877 3648 1006 3729 Reliqui
1030 3652 1141 3714 autem
1165 3668 1366 3715 communem
1390 3646 1549 3714 theoriam

300 3754 437 3839 propria
452 3752 562 3836 aliqua
577 3754 727 3820 novitate
742 3756 816 3838 plus
831 3755 981 3821 minusve
993 3755 1231 3823 fundamentali
1246 3755 1444 3832 modificant,
1460 3754 1551 3819 ideas

300 3860 445 3925 morales
467 3862 528 3925 sub
551 3860 677 3926 influxu
700 3864 828 3929 socialia
850 3864 1034 3927 evolationis
1057 3861 1312 3929 considerantes.
1345 3862 1464 3943 Baial,
1488 3860 1550 3925 etsi

301 3988 377 4033 cum
393 3967 510 4034 Stuart
524 3967 595 4032 Mill
611 3967 833 4034 immutabiles
847 3968 996 4035 iustitiae
1012 3990 1145 4035 normas
1160 3972 1329 4050 tamquam
1346 3966 1552 4033 condiciones

301 4075 454 4141 absolute
476 4074 681 4141 necessarias
703 4074 919 4141 exsistentiae
949 4074 1080 4141 socialis
1111 4074 1273 4152 admittit,
1304 4074 1408 4158 ipsam
1439 4077 1551 4139 tamen

303 4180 539 4247 conscientiam
569 4182 728 4248 moralem
757 4202 822 4264 qua
851 4183 953 4248 talem
986 4204 1049 4247 non
1076 4181 1227 4266 primitus
1250 4180 1372 4246 bomini
1394 4180 1551 4251 innatam.

303 4290 361 4356 sed
384 4290 506 4374 partim
530 4310 572 4355 ex
595 4291 739 4356 naturali
762 4291 920 4355 instinctu
943 4290 1066 4355 amoris
1089 4290 1139 4355 sui
1162 4288 1264 4374 ipsius
1284 4292 1318 4353 et
1334 4285 1550 4370 sympathiae‚

302 4396 424 4481 partim
455 4416 499 4460 ex
528 4396 763 4463 auctoritativa
791 4396 960 4462 societatis
982 4396 1109 4461 influxu
1133 4395 1325 4480 productam
1350 4414 1422 4458 esse
1446 4392 1551 4458 docet.

393 4503 532 4568 Herbrrt
542 4504 682 4587 Sperccer
693 4503 806 4583 (natus
820 4500 930 4584 1820),
947 4502 1114 4581 ,theoriae
1127 4501 1342 4568 evolationis“
1360 4498 1553 4583 praecipuus

302 4607 470 4687 fundator,
494 4608 556 4674 bac
578 4610 651 4694 ipsa
673 4610 839 4675 mediante
855 4612 890 4675 et
905 4608 1059 4674 methodo
1079 4609 1258 4693 ,positiva“
1279 4610 1427 4691 systema
1446 4605 1553 4683 ,utili-

337 4717 607 4725 ——-—————.

397 4759 405 4789 ¹
427 4754 635 4811 Utilitarianism
656 4774 678 4811 c.
698 4756 722 4822 2,
742 4774 767 4826 p.
789 4756 831 4811 12.
941 4756 951 4789 ¹
970 4756 1010 4809 lb.
1030 4774 1053 4811 c.
1073 4756 1099 4821 5,
1118 4774 1143 4826 p.
1165 4756 1198 4809 70
1209 4772 1267 4824 sqq.

394 4846 406 4877 ³
424 4846 528 4913 carry,
536 4844 644 4899 Letters
651 4862 685 4898 ou
692 4844 740 4899 tbe
747 4844 915 4915 Philosophy
922 4844 1004 4898 ofthe
1015 4844 1122 4901 Haman
1131 4844 1220 4903 Mind:
1232 4848 1260 4897 et
1273 4842 1328 4896 alia
1342 4842 1551 4898 aleco-1870.

394 4932 528 4987 ‘Mental
546 4934 599 4987 and
619 4932 705 4987 Mora]
725 4933 843 4997 Selenes,
863 4933 958 4987 Etbics
975 4936 1040 5003 part
1060 4934 1072 4986 1
1096 4932 1197 4999 (1871).
1233 4930 1316 4998 Logia
1335 4930 1479 4984 deductiva
1499 4930 1552 4984 and

301 5022 444 5079 inductiva
464 5022 570 5090 (1870).
