3909 5842
655 707 736 763 Notio
755 709 822 764 iuris
841 726 877 763 ex
895 709 1003 764 nomine
1023 710 1119 780 petita.
1445 717 1510 782 369

248 887 363 968 longe
395 888 493 951 oliam
525 907 590 952 esse
620 889 775 953 rationem
805 888 914 954 obiecti
941 890 1083 952 tristitiae
1112 909 1208 974 quom
1237 889 1348 954 obiecti
1371 891 1512 955 oliorum

248 997 426 1060 virtutum.
473 993 526 1058 lta
549 992 634 1057 enim
658 992 781 1077 pergit:

359 1100 461 1179 ,Illud
485 1099 571 1182 quod
593 1103 645 1165 est
659 1105 785 1166 rectum
800 1099 834 1164 in
851 1099 1004 1184 operibus
1019 1099 1158 1166 aliarum
1174 1099 1344 1178 virtutum,
1369 1101 1411 1166 ad
1427 1101 1513 1182 quod

251 1207 373 1274 tendit
396 1205 535 1272 intentio
559 1205 692 1273 virtutis
716 1207 808 1288 quasi
832 1207 866 1272 in
889 1207 1056 1290 proprium
1075 1206 1248 1286 obiectum,
1272 1228 1338 1272 non
1353 1206 1514 1292 accipitur

253 1313 327 1378 nisi
345 1335 404 1397 per
419 1313 698 1399 comparationem
715 1314 756 1379 ad
771 1318 941 1396 agentem
958 1317 1085 1379 rectum
1100 1334 1190 1391 vero,
1207 1313 1292 1395 quod
1306 1314 1402 1379 estin
1414 1335 1514 1399 opere

250 1420 421 1500 iustitiae,
442 1420 542 1486 etiam
557 1425 691 1504 praeter
707 1421 985 1506 comparationem
1001 1422 1043 1488 ad
1059 1426 1213 1504 agentem
1229 1421 1440 1489 constituitur
1454 1443 1514 1506 per

250 1527 544 1610 comparationem
569 1527 611 1593 ad
635 1527 744 1594 alium.
780 1529 864 1594 lllud
888 1527 973 1594 enim
998 1528 1031 1593 iu
1056 1549 1153 1612 opere
1176 1531 1289 1594 nostro
1306 1527 1425 1594 dicitur
1439 1549 1513 1594 esse

251 1633 404 1710 iustum,
438 1632 524 1715 quod
553 1634 730 1717 respondet
759 1635 936 1700 secundum
967 1635 1109 1716 aliquam
1140 1634 1372 1718 aequalitatem
1404 1633 1512 1713 alteri,

253 1741 348 1821 puta
377 1740 641 1824 recompensatio
671 1739 831 1806 mercedis
861 1739 992 1806 debitae
1014 1761 1073 1823 pro
1097 1739 1233 1805 servitio
1256 1739 1414 1824 impenso.
1460 1739 1513 1805 Sic

251 1865 346 1927 ergo
375 1844 497 1910 iustum
529 1845 647 1912 dicitur
677 1845 808 1929 aliquid,
840 1845 933 1928 quusi
956 1845 1080 1911 habens
1103 1846 1333 1912 rectitudinem
1355 1845 1512 1924 iustitiae,

254 1951 308 2016 ad
340 1951 425 2033 quod
455 1951 653 2018 terminatur
683 1952 768 2019 actio
798 1953 954 2032 iustitiae,
988 1955 1082 2018 etiam
1109 1975 1172 2018 non
1197 1955 1405 2035 considerato,
1433 1976 1513 2039 quo·

253 2060 340 2122 liter
370 2057 409 2122 ub
438 2065 547 2144 operite
574 2059 633 2142 fiat
643 2061 663 2124 ¹.
711 2058 774 2124 Sed
806 2059 840 2124 in
872 2059 945 2125 aliis
975 2058 1152 2124 virtutibus
1184 2080 1248 2124 non
1277 2059 1514 2126 determinatur

255 2161 389 2244 aliquid
423 2168 566 2242 rectum,
599 2163 662 2230 nisi
695 2165 870 2230 secundum
903 2164 990 2248 quod
1021 2164 1209 2246 aliqualiter
1238 2167 1278 2230 fit
1309 2165 1351 2230 ab
1381 2169 1512 2248 agente.

259 2269 314 2333 Et
337 2273 472 2352 propter
495 2269 556 2335 boc
581 2270 770 2354 specialiter
793 2269 939 2337 iust'tiae
964 2290 1045 2353 prae
1066 2269 1139 2335 aliis
1160 2269 1337 2336 virtutibus
1360 2271 1513 2336 determi-

258 2378 368 2440 natur
382 2377 556 2442 aeccudum
572 2399 604 2442 se
628 2376 800 2454 obiectum,
826 2376 911 2459 quod
928 2380 1065 2443 vocatur
1087 2376 1225 2451 iustum:
1249 2381 1284 2443 et
1299 2377 1360 2442 boc
1383 2377 1513 2459 quidem

257 2483 320 2546 est
342 2482 449 2548 ius.“²

259 2641 387 2647 ψη...-
405 2641 578 2650 -ΗΉ

258 2727 318 2794 (Es
347 2726 476 2794 ,entgeht
501 2726 557 2780 ibm
586 2726 629 2780 die
648 2726 802 2794 Scheidung
828 2726 876 2779 der
901 2725 1041 2780 sittlichen
1066 2726 1121 2779 und
1140 2725 1307 2780 recbtlicben
1326 2726 1458 2796 Ordnung
1476 2729 1511 2782 im

257 2814 402 2868 irdischen
423 2813 560 2884 Leben“);
586 2833 647 2869 eum
673 2815 774 2870 ordinis
792 2815 938 2870 subiectivi
957 2819 985 2868 et
1004 2814 1130 2868 obiectiri
1150 2815 1367 2870 commixtionem
1386 2817 1514 2871 inducere

260 2901 350 2970 („Die
367 2889 569 2971 Vermiscburig
595 2904 643 2958 der
663 2902 858 2974 [subjelrtiren]
878 2903 991 2972 Tugend
1018 2903 1066 2957 der
1084 2902 1292 2971 Gerecbtigkeit
1316 2904 1366 2957 mit
1391 2904 1439 2958 der
1457 2903 1513 2974 [ob-

254 2991 401 3063 jektiven]
430 2991 661 3060 Lebensordnung
687 2992 735 3046 des
760 2991 902 3059 Rechts').
931 3021 965 3029 -
994 2991 1046 3044 Vel
1074 2991 1161 3044 obiter
1187 2990 1288 3060 legisse
1314 2992 1397 3046 verba
1425 2994 1513 3046 sancti

261 3081 389 3136 doctoris
414 3083 535 3154 proiecto
561 3082 615 3136 iam
641 3082 778 3136 refutasse
804 3085 846 3135 est
870 3081 938 3134 haec
963 3081 1093 3134 iniuriosa
1112 3080 1194 3135 dicta.
1232 3080 1357 3135 Ceterum
1377 3081 1437 3149 quis
1456 3100 1513 3134 um·

256 3188 348 3240 quam
367 3170 480 3226 solidius
499 3174 527 3224 et
545 3169 662 3224 lucidius
679 3169 755 3223 illurn
775 3170 863 3240 ipsum
886 3169 1080 3236 ,obiectivum‘
1101 3169 1169 3222 iuris
1187 3169 1322 3233 ordinem,
1342 3169 1388 3237 qui
1406 3168 1513 3237 legibus

257 3261 350 3314 etiam
378 3259 504 3313 humanis
537 3257 596 3325 (sed
630 3259 725 3327 utique
757 3261 836 3312 iustis
868 3259 987 3324 tantum)
1019 3263 1142 3318 constat.
1173 3257 1332 3327 complexus
1358 3261 1402 3312 est
1431 3275 1512 3326 quam

259 3349 289 3402 S.
312 3347 457 3402 Thomas?
495 3346 549 3414 (cf.
569 3346 595 3401 S.
614 3347 697 3400 theol.
721 3349 750 3408 1,
770 3347 801 3411 2,
827 3363 853 3415 q.
872 3346 1012 3408 tio-108,
1040 3349 1068 3399 et
1086 3345 1126 3398 De
1152 3345 1246 3413 regim.
1272 3345 1370 3414 prino.)
1410 3345 1444 3399 Et
1469 3345 1513 3400 hio
1625 3388 1628 3394 .

258 3435 376 3504 quidam
397 3435 434 3501 (S.
454 3435 536 3490 theol.
556 3436 587 3500 2,
606 3435 635 3500 2)
662 3435 695 3488 de
714 3436 818 3490 iustitia
845 3453 930 3504 agens
948 3453 1002 3490 non
1020 3435 1108 3488 solum
1127 3435 1336 3500 commutatico,
1364 3435 1513 3489 sedetiam

259 3525 456 3592 distributiva,
483 3523 561 3577 illum
580 3523 700 3578 ordinem
719 3523 864 3578 manifeste
883 3525 1012 3594 supponit
1030 3531 1171 3593 tamquam
1189 3524 1218 3576 in
1236 3523 1315 3576 totali
1336 3522 1456 3589 ,obiecto
1475 3523 1513 3576 iu·

261 3612 377 3665 stitiaeu
400 3611 631 3682 comprehensum.
657 3641 693 3649 -
718 3611 747 3665 ld
767 3611 837 3665 alius
856 3611 1031 3675 Protestans,
1057 3614 1093 3666 H.
1117 3615 1237 3681 Grotius,
1263 3612 1344 3682 probe
1369 3611 1513 3670 intellexit,

259 3719 327 3754 oum
347 3701 418 3755 banc
436 3701 568 3771 imprimis
595 3705 700 3771 partem
725 3703 810 3755 totius
835 3701 909 3756 illius
928 3702 1018 3772 operis
1037 3721 1103 3772 prae
1122 3703 1220 3756 ceteris
1239 3701 1440 3756 commendaret
1461 3700 1513 3767 (Ad

263 3789 357 3859 (Benj.
367 3789 534 3843 Maurerium
547 3790 626 3860 epist.
637 3790 693 3858 54).
714 3793 821 3844 Bolmes
831 3809 904 3856 vero,
917 3791 1072 3845 indefessus
1082 3794 1219 3844 scrutator
1228 3807 1339 3859 operum
1350 3788 1377 3844 S.
1387 3788 1513 3850 Thomas,

260 3879 382 3932 eundem
408 3881 557 3931 tractatum
584 3879 616 3932 de
642 3877 828 3946 legislatione,
854 3879 888 3932 de
913 3879 971 3933 inre
997 3883 1025 3932 et
1042 3879 1149 3932 iustitia
1167 3895 1219 3931 non
1239 3877 1346 3931 dubitat
1363 3877 1435 3930 inter
1452 3876 1514 3930 soli·

261 3967 383 4021 dissima
408 3971 436 4020 et
461 3968 563 4038 optima
581 3985 738 4033 recensere,
765 3986 835 4037 quae
861 3985 989 4038 umquam
1015 3968 1050 4021 ad
1075 3967 1143 4020 baec
1168 3983 1255 4035 usque
1279 3969 1402 4036 tempora
1427 3965 1461 4018 de
1482 3983 1514 4018 ea

262 4055 382 4110 materia
407 4055 562 4124 conscripta
587 4055 643 4109 sint
671 4055 947 4122 (,Protestantisrnus
973 4073 1090 4125 compar.
1118 4071 1180 4108 curn
1199 4052 1320 4106 Cathol‘
1342 4053 1381 4106 ΙΙΙ
1407 4070 1430 4106 c.
1456 4053 1513 4120 71).

262 4145 306 4198 cf.
327 4144 582 4210 Roamini-Serboti,
601 4143 727 4198 Filosofia
747 4143 790 4198 del
809 4144 908 4198 Diritto
927 4145 939 4198 l
958 4143 1001 4198 38.
1037 4143 1106 4197 Item
1125 4141 1176 4195 Die
1195 4141 1364 4196 Grundsttze
1383 4140 1431 4193 der
1450 4141 1514 4194 Sitt-

263 4231 383 4285 lichlreit
400 4231 454 4284 und
475 4231 522 4285 dea
541 4231 644 4285 Rechts
662 4231 679 4299 ἓ
701 4233 741 4286 19.

360 4321 438 4376 ¹Hia
457 4321 549 4374 verbis
568 4321 669 4375 diserte
688 4320 858 4385 declaratur,
884 4321 911 4374 in
937 4337 991 4389 quo
1010 4320 1118 4390 proprie
1144 4319 1277 4374 consistat
1295 4319 1434 4370 obiectione
1452 4316 1514 4371 cha·

264 4413 373 4473 racter,
392 4409 439 4478 qui
458 4409 510 4464 iuri
532 4409 648 4476 (obiecto
668 4409 801 4478 iustitiae)
822 4409 947 4479 proprius
967 4413 1017 4472 est,
1036 4409 1164 4462 nimirum
1183 4408 1210 4461 in
1231 4409 1289 4460 eius
1307 4405 1514 4474 independeutia

264 4517 284 4551 a
301 4501 446 4552 subiectiora
473 4501 619 4552 intentione
646 4499 754 4566 agentis
780 4502 808 4552 et
833 4498 896 4552 hinc
922 4497 1005 4552 etiam
1024 4515 1040 4550 a
1058 4498 1200 4550 subiectior
1226 4498 1334 4548 ratione
1350 4496 1458 4547 virtutis
1476 4495 1514 4548 iu-

266 4585 370 4640 stitiae.
408 4585 474 4652 Quis
501 4587 585 4654 igitur
610 4604 663 4640 non
690 4587 802 4640 miretur
829 4587 927 4641 exinde
953 4604 1048 4641 ansam
1067 4587 1188 4656 depromi
1206 4601 1294 4637 norae
1313 4583 1515 4638 oblocutionis?

269 4703 302 4711 -
324 4678 360 4729 At
379 4677 457 4729 Stobi
477 4674 508 4743 (l.
522 4693 544 4728 c.
559 4676 605 4743 61)
626 4693 679 4728 non
697 4679 809 4730 veretur
821 4676 941 4744 maligne
960 4676 1106 4739 insinuare,
1125 4675 1152 4729 S.
1171 4673 1302 4728 Thomam
1321 4691 1369 4742 per
1387 4673 1515 4726 commix-

269 4763 370 4817 tionem
395 4763 565 4818 subiectivse
583 4763 695 4817 virtutis
721 4763 842 4819 iustitiae
868 4783 930 4820 cum
950 4765 1084 4820 obiectiro
1103 4767 1161 4818 iure
1181 4782 1227 4833 „eo
1245 4765 1382 4830 devenire,
1408 4770 1437 4814 ut
1454 4764 1516 4816 oub-

269 4852 362 4903 iectiuu
389 4855 501 4906 intentio
529 4854 633 4922 opertis
659 4860 796 4921 tamquam
823 4856 929 4923 aliquid
953 4871 1007 4923 pro
1035 4854 1183 4918 vincuat)
1211 4853 1331 4904 incidiae
1357 4851 1517 4917 indifferens

267 4937 416 4992 bobeotur“
438 4941 485 5006 ().

360 5029 415 5083 ²8.
435 5029 517 5084 theol.
537 5030 562 5095 2,
581 5031 605 5094 2,
626 5047 651 5099 q.
672 5031 714 5097 57,
734 5048 758 5084 a.
781 5033 802 5084 1.

321 5122 426 5174 Meyer.
441 5123 479 5165 Ius
493 5123 605 5166 naturale.
625 5124 643 5168 Ι.
664 5125 703 5167 Ed.
718 5126 737 5166 2.
1275 5115 1310 5168 24
