3909 5842
427 684 491 749 496
638 680 727 737 Sectis
746 682 780 737 11.
817 682 898 738 Liber
916 684 950 739 ΙΙ.
988 684 1077 755 Caput
1094 685 1142 740 111.
1179 687 1317 742 Articulus
1334 687 1359 741 8.
1395 688 1456 756 §3-

427 864 594 943 tamquam
625 866 703 929 nota
732 866 898 949 inteprolis
927 864 1071 931 accedit:
1102 868 1132 931 5.
1157 868 1194 931 ut
1216 866 1260 932 sit
1282 869 1327 932 od
1348 889 1441 933 usam
1462 870 1676 953 scientificum

425 969 505 1032 sotis
529 968 783 1035 determinatum.
807 1006 851 1017 -
874 972 974 1056 Atqui
997 970 1030 1035 bi
1054 972 1262 1039 characteres
1277 972 1311 1039 in
1325 973 1490 1058 proposito
1506 974 1677 1058 principio

425 1075 522 1157 plane
546 1073 767 1141 verificantur.
814 1076 904 1159 Ergo
928 1081 990 1143 etc.

513 1180 629 1249 Prob.
661 1181 793 1247 minor
822 1203 895 1267 per
925 1186 1088 1267 partes:
1119 1183 1183 1249 Est
1204 1183 1289 1249 enim

516 1290 544 1355 1.
568 1291 637 1355 iuri
657 1292 837 1374 proprium,
862 1289 938 1371 quia
962 1288 1129 1373 proprium
1148 1289 1229 1355 iuris
1243 1290 1401 1357 rationale
1416 1290 1674 1358 fundamentum

424 1394 567 1475 exhibet,
598 1417 715 1481 nempe
744 1405 863 1463 rectum
893 1401 976 1463 vitoe
1003 1398 1132 1463 sociabo
1154 1398 1296 1464 ordinem
1319 1401 1383 1484 lece
1404 1402 1552 1465 naturali
1570 1422 1675 1485 proe-

424 1510 544 1587 ceptam
567 1510 596 1568 et
618 1505 786 1579 sancitum,
810 1507 848 1568 ut
870 1505 965 1585 patet
989 1522 1032 1568 ex
1056 1501 1289 1569 demonstratis
1310 1524 1410 1587 supra
1432 1503 1476 1585 (n.
1501 1505 1594 1589 445).
1633 1505 1674 1571 In

424 1628 462 1672 eo
486 1608 571 1674 enim
595 1629 660 1674 non
683 1612 774 1675 totus
798 1629 863 1691 qua
886 1608 954 1675 late
977 1612 1073 1692 patet
1102 1610 1182 1675 ordo
1211 1609 1352 1688 moralis,
1383 1611 1440 1675 sed
1468 1614 1555 1677 sotus
1584 1615 1673 1678 ordo

422 1717 564 1781 iustitiae
590 1715 756 1793 fundatur,
788 1714 929 1781 exclusis
954 1716 1055 1782 etiam
1087 1715 1205 1782 officiis
1231 1718 1363 1781 mutuae
1391 1716 1550 1797 caritatis,
1584 1739 1672 1801 qna·

422 1826 520 1888 tenus
557 1845 642 1889 mere
676 1824 778 1889 ethico
812 1826 905 1897 sunt;
951 1821 1028 1905 quia
1062 1822 1160 1900 baec,
1201 1821 1263 1888 etsi
1300 1822 1429 1888 aliunde
1467 1825 1673 1891 naturaliter

422 1934 616 2013 praecepta,
651 1952 716 1995 non
751 1933 862 1996 tamen
894 1930 991 1996 titulo
1027 1933 1155 1995 strictae
1186 1932 1377 2016 intepritotis
1409 1930 1577 1997 obcenae
1612 1952 1671 1997 or-

423 2036 506 2101 dinis
529 2036 660 2103 socialis
688 2034 880 2121 simpliciter
907 2039 984 2102 recti
1010 2035 1202 2119 singillatim
1228 2035 1413 2102 necessaria
1435 2057 1507 2102 esse
1530 2037 1670 2104 intelle·

422 2146 554 2225 guntur.

511 2252 541 2315 2.
565 2252 725 2315 reductive
747 2270 903 2315 summum
927 2270 983 2315 sero
1004 2251 1201 2335 principium
1223 2271 1292 2314 rere
1312 2249 1457 2331 fmrnole.
1487 2249 1526 2314 In
1546 2250 1669 2316 eodem

421 2353 507 2420 enim
529 2354 586 2421 illo
609 2354 764 2421 rationali
786 2354 1000 2420 fundamento
1015 2375 1080 2419 non
1096 2355 1200 2419 solnm
1216 2354 1386 2432 obiectiva,
1409 2354 1466 2420 sed
1479 2355 1669 2437 formaliter

420 2464 535 2527 citime
564 2460 649 2527 ratio
680 2459 863 2537 exhibetur,
896 2464 1032 2543 propter
1062 2480 1159 2541 quam
1188 2460 1260 2526 iura
1291 2460 1444 2527 divinitus
1472 2462 1668 2529 necessaria

420 2588 493 2633 esse
516 2565 752 2649 cognoscimus.
798 2562 949 2649 Namque
980 2564 1065 2630 sicut
1087 2564 1189 2632 totius
1217 2565 1299 2649 legis
1322 2569 1475 2633 aeternae
1496 2566 1667 2634 obiectum

418 2673 555 2755 formale
587 2675 638 2738 est
668 2670 862 2737 universalis
892 2672 969 2736 ordo
999 2693 1118 2755 rerum,
1151 2693 1215 2755 quo
1244 2672 1371 2755 singula
1400 2672 1448 2737 ad.
1470 2694 1666 2757 supremum

419 2779 516 2843 finem
547 2782 625 2863 apte
655 2778 879 2861 disponantur,
910 2780 944 2843 et
974 2798 1069 2860 quem
1094 2778 1183 2843 Deus
1212 2782 1345 2845 sanctus
1373 2783 1407 2846 et
1435 2779 1569 2863 sapiens
1597 2802 1667 2847 non

418 2889 529 2969 potest
553 2907 617 2952 non
648 2884 743 2962 velle,
774 2884 823 2950 ita
851 2884 935 2968 legis
964 2885 1136 2964 naturalis,
1167 2890 1326 2969 quatenus
1349 2885 1481 2970 respicit
1503 2886 1580 2953 iura
1602 2887 1666 2953 ho·

419 2990 552 3069 minum,
576 2990 664 3057 aliud
687 2990 824 3075 ferreole
847 2990 1009 3058 obiectum
1033 3012 1106 3058 esse
1128 2991 1251 3076 nequit,
1274 2991 1334 3057 nisi
1357 2994 1440 3057 idem
1460 2993 1539 3058 ordo
1555 2994 1665 3078 appli-

419 3100 513 3163 catus
543 3096 727 3163 bominibus
756 3098 931 3164 secundum
962 3100 1059 3164 finem
1082 3100 1242 3165 socialiter
1263 3098 1457 3177 ordinandis,
1487 3119 1546 3165 seu
1578 3121 1666 3183 qua·

418 3207 516 3269 tenus
546 3208 598 3271 est
627 3213 729 3271 rectos
759 3206 838 3270 ordo
868 3208 995 3271 societis
1024 3204 1200 3282 hominum,
1230 3208 1382 3270 constans
1404 3202 1522 3270 debitis
1545 3227 1664 3272 eorum

418 3310 633 3377 relationibus
662 3310 815 3377 iuridicis.
862 3312 956 3377 Unde
986 3316 1097 3378 rectus
1127 3312 1217 3379 vitae
1246 3310 1373 3377 socialis
1402 3310 1490 3389 ordo,
1521 3332 1664 3397 propor-

417 3416 564 3483 tionatus
594 3417 773 3483 universali
803 3416 907 3483 ordini
937 3439 1056 3495 rerum,
1087 3440 1151 3483 non
1179 3420 1282 3484 solum
1306 3416 1444 3502 propria,
1474 3416 1664 3485 sedetiam

417 3526 530 3589 ntimo
555 3532 582 3589 et
602 3523 752 3607 formalia
775 3524 860 3589 ratio
884 3544 956 3589 esse
979 3524 1192 3607 intellegitur,
1216 3526 1257 3590 ob
1276 3544 1372 3607 quam
1386 3523 1564 3589 relationes
1581 3525 1665 3591 iuri-

418 3629 510 3694 dicae
533 3630 659 3696 censeri
683 3631 803 3697 debent
825 3631 899 3713 lege
922 3630 1065 3697 naturali
1090 3631 1244 3699 divinitus
1267 3630 1439 3697 stabilitae.

507 3738 536 3802 3.
570 3738 732 3803 deductiva
761 3759 917 3803 sommum
948 3759 1004 3803 aen
1033 3737 1274 3819 (materialiter)
1302 3740 1486 3803 universale.
1537 3737 1663 3805 Nullus

417 3841 501 3907 enim
525 3841 671 3909 iustitiae
687 3843 816 3909 socialis
831 3848 1012 3927 respectus,
1035 3843 1224 3927 nullumque
1239 3844 1290 3909 ius
1303 3842 1474 3908 humanum
1491 3846 1662 3923 naturale,

416 3946 487 4014 siva
510 3948 675 4033 privatum
699 3950 769 4015 sive
788 3950 951 4033 publicum
967 3950 1107 4034 cogitari
1122 3954 1241 4035 potest,
1265 3949 1350 4033 quod
1365 3970 1429 4013 non
1443 3951 1475 4013 oi
1489 3950 1663 4018 obiectione

416 4058 607 4143 intepritotis
637 4060 714 4122 recti
743 4058 869 4122 ordinis
898 4062 1026 4124 socialia
1055 4059 1239 4141 postuletur
1267 4060 1326 4122 aut
1353 4075 1418 4120 non
1446 4053 1478 4118 in
1502 4074 1543 4120 ea
1567 4078 1661 4123 com·
1750 4055 1751 4078 ¹

416 4164 610 4247 prehensum
647 4160 858 4245 concipiatur.
910 4163 1138 4247 Quaecumque
1171 4163 1271 4245 igitur
1304 4164 1436 4227 exstant
1469 4160 1542 4226 iura
1577 4184 1662 4229 vere

416 4269 590 4347 naturalia,
614 4268 655 4333 ab
678 4268 740 4332 boc
763 4288 888 4333 summo
911 4270 1070 4353 principio
1095 4269 1210 4335 deduci
1231 4289 1326 4352 posse
1344 4286 1475 4332 necesse
1490 4269 1552 4333 est.
1584 4268 1660 4335 No-

415 4374 562 4440 minatim
587 4374 660 4439 hinc
683 4374 762 4440 illud
787 4374 886 4441 etiam
909 4375 960 4440 ius
984 4376 1163 4453 deducitur,
1188 4375 1273 4458 quod
1289 4375 1330 4439 ab
1346 4373 1542 4439 adversariis
1557 4394 1661 4459 prae·

416 4481 544 4545 dicatur
575 4482 742 4561 tamquam
774 4482 902 4547 ratione
933 4481 983 4547 sui
1016 4481 1227 4564 originarium
1257 4484 1291 4545 et
1319 4479 1412 4561 quasi
1440 4479 1512 4543 finis
1541 4480 1576 4544 in
1608 4502 1660 4560 se,

415 4606 533 4669 nempe
554 4588 606 4650 ios
628 4592 778 4651 externae
796 4590 978 4671 personalia
994 4588 1160 4665 libertatis,
1184 4586 1295 4667 utique
1309 4605 1373 4649 non
1388 4588 1553 4665 tamquam
1575 4588 1660 4663 ,ab—

414 4693 575 4758 solutum“
602 4694 661 4757 aut
689 4692 937 4770 ,illimitatum“,
962 4714 1068 4776 neque
1090 4694 1195 4758 solum
1219 4712 1277 4776 per
1299 4692 1480 4774 respectum
1502 4693 1660 4772 aequalis

414 4798 577 4864 libertatis
610 4799 752 4864 omnium
785 4798 922 4864 aliorum
955 4800 1140 4866 extrinsece
1172 4799 1362 4875 limitatum,
1393 4796 1450 4862 sed
1480 4798 1660 4867 intrinseco
1750 4803 1751 4810 ’

414 4912 698 4970 commensuratum
728 4908 884 4971 communi
911 4905 970 4989 fini
1000 4910 1121 4991 annoti,
1154 4906 1210 4989 qui
1241 4903 1376 4987 singulis
1406 4902 1554 4985 personis
1587 4928 1657 4988 qua

414 5010 536 5077 talibus
558 5006 660 5074 libere
683 5012 926 5093 prosequendus
949 5012 1153 5097 proponitur.
