3909 5842
421 655 483 720 146
650 647 739 704 Sectis
758 649 779 704 Ι.
815 647 896 704 Liber
914 649 948 706 Il.
986 647 1076 720 Caput
1092 649 1113 704 Ι.
1151 648 1292 704 articulus
1312 650 1337 703 l.
1373 648 1433 716 53.

418 829 592 894 meretur.“
627 825 747 904 Quodsi
769 825 870 908 igitur
892 825 975 894 haec
998 827 1108 892 omnia
1130 826 1173 892 ad
1195 825 1336 892 formam
1356 828 1514 912 principii
1535 829 1668 892 moroti-

417 937 494 1000 totia
516 931 719 1015 redigantur,
752 933 793 998 ad
816 932 901 998 hanc
919 933 995 998 lere
1017 932 1217 1000 sententiam
1241 931 1396 997 redeunt:
1426 932 1469 997 Io
1492 931 1668 998 actionibus

419 1038 570 1104 burnonis
592 1041 756 1105 moraliter
780 1038 896 1104 bonum
919 1045 972 1121 cst,
998 1039 1158 1124 quidquid
1180 1046 1209 1104 ct
1231 1045 1389 1124 qualem
1411 1039 1585 1104 secondom
1600 1038 1668 1103 dic-

419 1153 524 1210 tamen
547 1147 685 1210 rationis
708 1153 736 1210 ct
759 1145 852 1209 onice
872 1153 1003 1230 propter
1025 1145 1108 1210 illud
1127 1146 1185 1230 fil;
1207 1145 1363 1230 quidquid
1385 1166 1475 1210 eccas
1492 1144 1538 1228 fil,
1561 1165 1667 1209 morc-

419 1253 492 1318 litcr
514 1253 660 1318 vitiosum
683 1258 735 1316 cst.

509 1357 619 1440 Atque
654 1357 703 1424 ita
734 1355 876 1423 Kantius
909 1377 1039 1422 omnem
1072 1356 1235 1423 rationem
1270 1344 1616 1440 eudaemonologicam
1648 1378 1668 1421 a

419 1463 608 1530 moralitate
631 1485 695 1530 non
720 1464 825 1530 solum
848 1463 1035 1530 formaliter
1058 1462 1241 1546 distinguit,
1273 1463 1330 1530 sed
1353 1467 1523 1546 tamquam
1547 1461 1668 1544 aliquid

420 1591 493 1636 curu
517 1590 557 1636 ea
576 1569 821 1654 incompatibile
843 1569 941 1654 plane
965 1572 1125 1651 excludil,·
1145 1570 1231 1636 unde
1246 1571 1408 1654 gloriatur
1431 1591 1468 1636 se
1484 1568 1669 1636 exhibuisse

420 1675 577 1742 virtutem
609 1697 734 1760 puram,
767 1695 851 1757 quae
875 1697 982 1758 neque
1004 1675 1038 1740 in
1061 1675 1159 1742 terris
1183 1697 1289 1759 neque
1312 1677 1346 1742 iu
1369 1678 1461 1744 coelo
1485 1677 1589 1742 ullum
1611 1696 1668 1741 cx·

419 1786 570 1848 traueum
595 1782 853 1848 sustentaculum
878 1781 1009 1849 habeat.

510 1889 660 1956 Ceterum
685 1889 780 1954 ambo
805 1887 887 1954 haec
910 1887 1081 1972 principia,
1112 1891 1184 1954 tum
1207 1889 1345 1955 stoicum
1368 1893 1440 1956 tum
1462 1888 1665 1964 kantiauum,

421 1994 449 2061 si
473 1996 648 2062 secuudum
672 1995 858 2078 generalem
883 1993 1141 2080 philosophicam
1165 1994 1306 2060 indolem
1330 1994 1558 2072 aestimentur,
1580 2013 1667 2059 mere

421 2104 646 2168 caturcinam
670 2122 741 2168 esse
764 2104 867 2185 petet,
892 2121 1090 2184 quamquam
1105 2100 1246 2166 Kantius
1267 2101 1397 2168 aliunde
1411 2101 1587 2167 theismum
1604 2123 1666 2166 non

421 2206 611 2274 diffiteatur.

511 2327 540 2390 2.
566 2323 735 2408 Principia
761 2323 1166 2409 scenologia-rationalia
1188 2321 1364 2388 moderata.

421 2463 480 2533 171.
571 2463 605 2545 a)
628 2465 830 2549 Principium
844 2466 1048 2548 platonicum.
1082 2465 1173 2530 Plato
1190 2465 1381 2545 (427-347
1405 2485 1435 2530 a.
1452 2465 1552 2545 Chr),
1576 2465 1667 2530 athe·

422 2570 563 2649 niensis,
597 2570 741 2635 Socratis
775 2569 951 2654 discipulus
984 2569 1193 2648 clarissimus,
1228 2590 1267 2634 eo
1300 2570 1454 2635 defuncto
1487 2571 1668 2655 complures

424 2699 527 2744 annos
551 2675 652 2742 variis
675 2675 846 2742 itineribus
861 2677 1030 2760 impendit,
1063 2675 1209 2742 Tandem
1227 2675 1314 2742 circa
1330 2697 1451 2742 anuum
1467 2678 1531 2741 387
1550 2699 1580 2744 a.
1597 2677 1668 2743 Chr.

424 2803 516 2848 suam
540 2782 679 2848 Athenis
710 2781 965 2866 philosophicam
1000 2782 1145 2848 scholam
1177 2781 1209 2846 iu
1239 2781 1454 2860 ,Academia⁸
1490 2781 1668 2847 fundavit1.

423 2889 701 2956 Fecundissimum
731 2889 924 2973 principium
958 2890 1061 2954 totius
1095 2887 1320 2973 philosophiae
1352 2888 1538 2972 platonicae
1573 2889 1668 2953 situm

425 3001 476 3062 est
503 2997 537 3060 in
568 2995 717 3062 doctrina
740 2995 780 3060 de
807 2993 939 3073 ,ideis“,
971 3016 1053 3078 quas
1076 2995 1172 3060 Plato
1196 3014 1260 3060 non
1284 2995 1509 3060 abstractione
1531 3016 1553 3061 a
1575 2995 1670 3060 rebus

424 3104 583 3169 formatos
613 3102 816 3167 universales
840 3105 1026 3185 conceptus,
1057 3101 1114 3165 sed
1138 3101 1286 3184 perlecta
1310 3105 1344 3166 et
1366 3101 1541 3184 purissima
1563 3123 1669 3167 rerum

424 3209 626 3292 exemplaria
655 3230 728 3274 esse
759 3211 880 3284 censet,
912 3207 1028 3290 quibus
1058 3207 1137 3272 solis
1164 3229 1278 3273 verum
1303 3228 1385 3285 esse,
1415 3207 1437 3275 i.
1461 3229 1489 3274 e.
1514 3229 1588 3274 esse
1610 3209 1669 3273 im·

424 3315 590 3392 mutabile,
620 3315 708 3390 insit,
741 3336 814 3380 cum
845 3318 961 3380 contra
991 3335 1044 3379 res
1075 3333 1188 3379 omnes
1218 3314 1409 3379 materiales
1440 3333 1479 3379 ac
1502 3315 1671 3380 sensibiles

423 3422 544 3506 iugiter
575 3425 743 3488 mutentur
775 3425 874 3504 atque
905 3421 954 3487 ita
984 3420 1076 3502 quasi
1105 3419 1139 3485 in
1169 3421 1276 3486 medio
1305 3419 1393 3486 inter
1423 3441 1496 3486 esse
1527 3424 1561 3485 et
1591 3441 1670 3484 nou·

425 3548 497 3594 esse
522 3531 711 3606 versentur;
737 3532 873 3594 eatenus
893 3547 1011 3611 nempe
1028 3527 1150 3610 aliquid
1167 3548 1250 3606 esse,
1275 3529 1437 3610 quatenus
1454 3524 1670 3609 (imperfecte)

424 3636 567 3718 aliquam
590 3635 697 3700 ideam
721 3635 906 3720 participet.
939 3635 1100 3718 Suprema
1123 3637 1233 3700 autem
1258 3633 1401 3699 omnium
1422 3634 1497 3699 idea
1512 3633 1670 3714 simulque

425 3762 585 3806 summum
610 3741 805 3823 cognitionis
829 3741 991 3807 obiectum
1008 3741 1170 3827 (μέγιστον
1183 3740 1336 3828 μάθημα)
1350 3740 1413 3825 ipsi
1430 3742 1483 3804 est
1497 3741 1574 3805 idea
1590 3741 1669 3806 boni.

425 3845 549 3912 Eadem
574 3847 720 3913 continet
743 3869 871 3913 omnem
894 3848 1057 3914 rationem
1080 3847 1232 3913 veritatis
1251 3850 1286 3912 et
1301 3845 1568 3931 pulchritudinis,
1593 3867 1670 3928 qua·

516 4091 523 4122 ¹
543 4089 582 4143 De
602 4090 660 4143 vita
678 4087 801 4144 Platonis
826 4105 861 4142 cx
880 4089 1020 4143 veteribus
1045 4089 1117 4143 inter
1142 4089 1210 4142 alios
1235 4087 1387 4143 luculenter
1405 4088 1464 4156 agit
1484 4091 1563 4158 Dicp.
1582 4091 1672 4143 Lam.

424 4179 441 4233 1.
462 4181 486 4233 3.
524 4177 613 4232 Mults
638 4193 745 4246 quoque
772 4177 804 4231 de
830 4194 862 4231 ea
888 4177 1018 4232 discimus
1044 4197 1079 4232 ex
1104 4178 1172 4249 ipsis
1197 4179 1324 4249 operibus
1342 4177 1467 4233 Platonis
1488 4181 1602 4250 eiusque
1620 4179 1672 4233 dis·

425 4267 507 4338 cipuli
534 4266 704 4331 Aristotelis,
732 4284 767 4320 ex
792 4266 971 4322 relationibus
996 4266 1137 4321 Plutarchi
1163 4271 1215 4322 stc.
1252 4267 1361 4321 Platoni
1386 4267 1498 4321 attribui
1524 4267 1615 4322 solent
1638 4267 1671 4321 36

424 4373 520 4425 opera,
540 4373 609 4423 quae
627 4355 661 4409 ad
679 4371 730 4408 nos
748 4359 946 4425 pervenerunt,
966 4372 1080 4424 quorum
1100 4362 1192 4409 tamen
1211 4355 1343 4408 nonnulla
1361 4355 1458 4410 dubiae
1477 4355 1601 4423 originis,
1619 4355 1671 4409 alia

425 4443 532 4496 omnino
558 4443 649 4513 spuria
675 4444 881 4508 existimantur,
908 4445 949 4498 uti
971 4443 1088 4510 ,hlinos‘
1111 4448 1140 4498 et
1162 4443 1342 4514 ,Epistulae‘.
1380 4443 1421 4498 Ea
1439 4444 1595 4499 Florentiae
1619 4445 1671 4514 pri·

425 4547 499 4584 mum
530 4531 731 4597 (lass-1484)
761 4532 787 4584 in
818 4532 942 4586 versione
970 4532 1071 4596 latina,
1102 4532 1165 4586 dein
1193 4533 1317 4587 Venetiis
1347 4533 1441 4600 (1513)
1470 4550 1571 4600 macca
1601 4533 1674 4586 edita

425 4623 498 4673 sunt.
539 4617 636 4673 Omnia
660 4620 728 4674 haec
753 4620 856 4690 scripta
883 4619 1009 4688 (dialogi)
1036 4620 1142 4674 ratione
1167 4622 1322 4687 argumenti
1347 4619 1438 4688 aliquo
1464 4620 1544 4675 ruodo
1573 4621 1672 4692 partim

426 4708 459 4761 ad
483 4709 639 4778 physicam,
675 4709 773 4779 partim
809 4709 843 4762 ad
878 4710 1044 4763 dialecticam
1073 4727 1123 4762 seu
1153 4709 1310 4763 methodum
1341 4709 1523 4777 cognoscendi
1557 4709 1672 4775 ,ideas',

426 4796 525 4866 partim
561 4796 594 4850 ad
626 4797 738 4850 ethicam
768 4797 913 4867 pertinent.
957 4795 1146 4850 Recentiorsm
1184 4797 1217 4850 de
1248 4795 1365 4863 dialogis
1394 4796 1541 4865 platonicis
1571 4797 1673 4851 litters·

425 4893 515 4938 turam
541 4883 651 4938 exhibet
683 4875 819 4953 llberrcsy,
846 4883 1011 4939 Gesehichte
1038 4885 1086 4938 der
1111 4883 1285 4953 Philosophia
1313 4884 1366 4950 (ed.
1393 4884 1508 4952 Hecu)
1536 4887 1561 4948 1,
1587 4886 1604 4953 5
1627 4886 1671 4945 40.

426 4972 518 5026 Berlin
540 4973 616 5027 1876.
